3920 6224
416 263 518 320 109

418 395 578 451 μενον
631 376 958 447 ἀνεξήρανεν
1009 375 1170 446 ὓδωρ.
1213 376 1397 428 Βούλει
1422 393 1498 428 σε
1531 375 1692 429 πάλιν
1737 378 1816 438 εἰς
1850 376 1949 444 τὴν
1984 374 2085 443 γῆν

413 465 833 535 καταγάγωμεν,
885 462 976 515 καὶ
1031 463 1091 515 τὸ
1123 462 1308 532 θαῦμα
1352 462 1742 533 ἐπιδείξωμεν;
1788 463 1900 532 Οὐχ
1952 463 2081 532 ὁρᾷς

409 555 633 624 ταυτηνὶ
648 553 745 624 τὴν
766 552 1057 615 θάλατταν,
1085 550 1182 622 τὴν
1215 551 1473 622 κυμάτων
1500 552 1774 622 γέμουσαν
1804 550 1896 604 καὶ
1922 569 2080 604 πνευ-

414 646 599 717 μάτων
626 642 853 714 βιαίων;
894 641 1011 695 ἀλλ’
1052 640 1191 711 αὐτη
1224 643 1257 711 ἡ
1291 640 1530 695 θάλαττα
1578 642 1611 712 ἡ
1645 638 1956 712 εὐρύχωρος
1992 641 2084 692 καὶ

412 732 619 803 μεγάλη
652 731 746 785 καὶ
781 728 1081 800 μαινομένη
1114 728 1333 783 ἀσθενεῖ
1362 728 1576 800 ψάμμῳ
1620 729 1939 799 τειχίζεται.
1972 728 2083 782 Καὶ

410 820 601 875 σκόπει
647 819 781 872 Θεοῦ
819 818 1038 887 σοφίαν·
1067 817 1166 871 οὐκ
1200 817 1409 888 ἀφῆκεν
1448 817 1617 887 αὐτὴν
1649 816 1943 889 ἡσυχάζειν
1960 816 2084 869 οὐδὲ

409 910 658 980 ἠρεμεῖν,
713 906 799 959 ἴνα
853 907 926 978 μὴ
952 906 1050 977 τῆς
1079 905 1294 974 φύσεως
1346 905 1519 974 αὐτῆς
1549 901 1689 958 εἶναι
1727 905 1956 976 νομίσῃς
1982 903 2083 975 τὴν

407 996 678 1061 εὐταξίαν,
714 995 828 1049 ἀλλ’
860 995 1006 1049 ἔνδον
1036 993 1271 1065 μένουσα
1302 993 1419 1065 βοᾷ,
1461 994 1556 1047 καὶ
1601 992 1955 1065 ταράττεται,
1987 992 2083 1045 καὶ

410 1083 621 1154 μεγάλα
642 1085 784 1155 ἠχεῖ,
811 1082 906 1136 καὶ
925 1082 994 1136 τὰ
1020 1082 1241 1152 κύματα
1258 1082 1392 1153 πρὸς
1421 1081 1554 1151 ὕψος
1578 1081 1914 1152 διανίστησιν
1940 1080 2081 1150 ἄφα-

404 1187 524 1227 τον·
559 1172 778 1227 ἐπειδὰν
801 1172 858 1226 δὲ
887 1171 1015 1245 ἔλθῃ
1044 1172 1181 1243 πρὸς
1197 1172 1322 1235 τοὺς
1349 1170 1650 1240 αἰγιαλοὺς,
1683 1172 1778 1226 καὶ
1804 1170 1901 1243 τὴν
1931 1170 2081 1241 ψάμ-

408 1279 507 1332 μον
542 1261 647 1334 ίδῃ.
670 1259 980 1314 διαλυθεῖσα
1007 1259 1145 1330 πρὸς
1172 1260 1371 1328 ἑαυτὴν
1400 1259 1560 1313 πάλιν
1586 1258 1854 1323 ἐπάνεισι,
1884 1257 1950 1312 δι’
1972 1259 2081 1328 ἀμ-

388 1349 645 1420 φοτέρων
693 1366 752 1402 σε
790 1347 995 1402 τούτων
1022 1348 1365 1410 διδάσκουσα,
1399 1347 1482 1400 ὃτι
1524 1347 1645 1416 οὐχὶ
1679 1345 1894 1417 φύσεως
1918 1345 2079 1418 ἔργον

406 1438 520 1491 ἐστὶ
555 1439 615 1491 τὸ
650 1437 829 1508 μένειν
863 1436 1031 1505 αὐτὴν
1063 1434 1195 1488 εἴσω
1223 1433 1331 1486 τῶν
1374 1427 1592 1487 οἰκείων
1616 1434 1778 1505 ὅρων,
1815 1432 1955 1486 ἀλλά
1978 1433 2078 1504 τῆς

401 1525 496 1578 τοῦ
556 1525 877 1596 κατέχοντος
929 1523 1094 1594 αὐτὴν
1151 1522 1456 1593 δυνάμεως.
1490 1522 1589 1575 Διά
1634 1521 1795 1575 τοῦτο
1825 1520 1956 1590 γοῦν
1985 1520 2079 1574 καὶ

402 1613 624 1679 ἀσθενὲς
648 1614 708 1667 τὸ
733 1613 934 1684 τειχίον
971 1612 1216 1681 ἐποίησε,
1247 1611 1343 1664 καλ¹
1375 1612 1435 1662 οὐ
1461 1609 1592 1674 ξύλα
1627 1610 1721 1665 καὶ
1751 1610 1932 1672 λίθους
1958 1608 2078 1661 οὐδέ

401 1702 501 1773 ὅρη
550 1705 662 1765 τοῖς
713 1701 981 1770 αἰγιαλοῖς
1031 1698 1322 1770 περιέϐαλε
1365 1699 1595 1762 τούτοις,
1627 1699 1714 1752 ἵνα
1769 1698 1844 1769 μὴ
1868 1697 2078 1761 τούτοις

401 1791 589 1864 λογίσῃ
618 1788 709 1843 τοῦ
739 1790 1000 1860 στοιχείου
1025 1787 1124 1859 τὴν
1141 1786 1416 1851 εὐταξίαν.
1440 1786 1610 1840 Τοῦτο
1638 1785 1767 1855 γοῦν
1798 1787 1889 1840 καὶ
1915 1784 2078 1848 αὐτός

402 1895 529 1931 ποτε
559 1880 670 1941 τοῖς
710 1876 980 1939 Ἰουδαίοις
995 1874 1266 1939 ὀνειδίζων
1294 1874 1510 1942 ἔλεγεν·
1558 1874 1689 1943 Ἐμὲ
1715 1877 1786 1929 οὐ
1816 1870 2078 1942 φοϐηθή-

399 1968 584 2019 σεσθε
607 1963 714 2019 τὸν
733 1964 997 2029 τάξαντα
1022 1961 1219 2031 ἅμμον
1238 1962 1403 2030 ὅριοι·
1419 1960 1490 2030 τῇ
1516 1960 1823 2029 θαλάσσῃ,
1850 1957 1947 2012 καὶ
1964 1959 2075 2027 οὐχ

398 2052 830 2121 ὑπερϐήσεται;
870 2052 945 2105 Οὐ
997 2049 1156 2103 τοῦτο
1196 2049 1252 2102 δὲ
1292 2048 1451 2119 μόνον
1482 2049 1597 2102 ἐστὶ
1634 2049 1696 2100 τὸ
1741 2046 2074 2118 θαυμαστὸν,

398 2145 480 2196 ὄτι
516 2144 691 2212 μέγαν
715 2141 807 2193 καὶ
836 2137 1149 2209 θαυμαστὸν
1192 2137 1282 2189 τὸν
1311 2136 1516 2207 κόσμον
1545 2136 1821 2206 ἐποίησεν,
1851 2135 1959 2187 οὐδ’
1992 2135 2075 2187 ὅτι

399 2231 541 2301 ὑπὲρ
575 2229 790 2298 φύσεως
818 2225 1142 2304 ἀκολουθίαν
1170 2225 1332 2278 αὐτὸν
1358 2222 1679 2294 συνέπηξεν,
1713 2223 1829 2276 ἀλλ’
1867 2224 1948 2276 ὅτι
1980 2223 2075 2276 καὶ

397 2319 456 2386 ἐξ
480 2318 736 2372 ἐναντίων
756 2315 918 2368 αὐτὸν
944 2313 1260 2385 συνέστησε,
1287 2311 1493 2384 θερμοῦ
1521 2314 1617 2365 καὶ
1642 2310 1877 2382 ψυχροῦ,
1905 2311 2072 2382 ξηροῦ

399 2407 493 2461 καὶ
509 2405 697 2476 ὑγροῦ,
714 2404 885 2474 πυρὸς
916 2402 1011 2456 καὶ
1041 2400 1253 2464 ὓδατος,
1270 2401 1373 2471 γῆς
1393 2400 1486 2453 καὶ
1507 2400 1692 2471 ἀέρος·
1722 2401 1814 2453 καὶ
1829 2399 1896 2453 τά
1919 2402 2073 2453 ἐναν-

397 2495 487 2548 τία
511 2494 681 2548 ταῦτα
723 2493 981 2561 στοιχεῖα,
1007 2490 1096 2557 ἀφ’
1128 2484 1202 2541 ὧν
1225 2489 1342 2541 τόδε
1379 2489 1440 2540 τὸ
1466 2489 1574 2540 πᾶν
1604 2488 1953 2556 συνέστηκεν,
1978 2489 2073 2541 ἀλ-

396 2581 579 2654 λήλοις
611 2581 891 2652 μαχόμενα
931 2579 1024 2631 ὑπ’
1058 2577 1303 2646 ἀλλήλων
1334 2577 1433 2629 οὐκ
1479 2574 1754 2645 ἀνηλώθη,
1784 2577 1845 2628 οὑ
1871 2576 1931 2628 τὺ
1960 2576 2073 2646 πῦρ

393 2670 672 2740 ἐπέδραμε
703 2667 797 2720 καὶ
822 2666 1027 2737 ἀνῆψεν
1060 2666 1298 2725 ἅπαντα,
1336 2664 1396 2716 οὐ
1447 2662 1511 2715 τὸ
1541 2661 1685 2733 ὕδωρ
1717 2662 1940 2715 ἐπελθὸν
1971 2665 2070 2717 ἐπι

397 2757 592 2812 έκλυσε
616 2755 714 2826 τῆν
752 2752 1097 2824 οἰκουμένην.
1130 2751 1269 2804 Ἀλλ’
1294 2750 1387 2804 ἐπὶ
1416 2751 1512 2822 μὲν
1537 2750 1646 2804 τῶν
1684 2752 1951 2821 σωμάτων
1965 2751 2072 2805 τῶν

395 2848 429 2916 ἡ
440 2844 682 2916 μετέρων
692 2842 864 2897 ταῦτα
885 2841 1118 2910 γίνεται,
1137 2842 1231 2895 καὶ
1256 2840 1420 2911 χολῆς
1435 2840 1809 2911 αὐξανομένης
1827 2840 2071 2893 τίκτεται

396 2931 649 3003 πυρετὸς,
677 2930 774 2983 καὶ
810 2928 886 3000 τῷ
912 2930 1076 2982 παντὶ
1108 2928 1232 2999 ζώῳ
1268 2928 1621 2998 λυμαίνεται·
1647 2927 1739 2980 καὶ
1761 2927 2070 2998 φλέγματος

397 3018 778 3083 πλεονάζοντος
816 3016 983 3071 πολλὰ
1010 3017 1295 3087 νοσήματα
1324 3014 1541 3085 φύεται,
1563 3016 1657 3068 καὶ
1685 3015 1988 3087 διαφθείρει
2009 3017 2070 3069 τὸ

395 3107 553 3171 ζῶον.
605 3104 729 3158 Ἐπὶ
759 3106 816 3158 δὲ
858 3105 1010 3159 τοῦδε
1057 3104 1153 3158 τοῦ
1188 3104 1387 3168 παντὸς
1427 3103 1580 3157 οὐδὲν
1612 3103 1816 3157 τούτων
1848 3104 2068 3175 συνέϐη,

395 3193 510 3246 ἀλλ’
542 3194 771 3249 ἕκαστον
806 3191 955 3263 μένει
1003 3192 1253 3263 καθάπερ
1288 3192 1394 3258 τινὶ
1426 3189 1631 3262 χαλινῴ
1656 3193 1748 3244 καὶ
1771 3189 1956 3261 δεσμῷ
1990 3190 2068 3261 τῷ

395 3281 695 3354 βουλήματι
753 3280 846 3334 τοῦ
891 3281 1215 3351 ποιήσαντος
1272 3280 1399 3342 τοὺς
1426 3279 1657 3343 οἰκείους
1709 3279 2068 3348 διαφυλάττον

391 3374 578 3444 ὄρους,
627 3371 724 3426 καί⁵
758 3373 792 3442 ἡ
845 3370 991 3442 μάχη
1029 3368 1235 3423 τούτων
1294 3370 1515 3440 εἰρήνης
1556 3369 1705 3423 αίτία
1742 3368 1950 3437 γίνεται
1990 3367 2069 3438 τῷ

393 3463 577 3516 παντί.
632 3460 816 3515 Ταῦτα
877 3461 997 3529 οὐχὶ
1047 3460 1142 3512 καὶ
1173 3457 1358 3528 τυφλῷ
1399 3458 1555 3527 δῆλα,
1586 3458 1680 3510 καὶ
1720 3460 1832 3520 τοῖς
1861 3456 2069 3526 σφόδρα

393 3551 641 3620 ἀνοήτοις
671 3548 995 3611 εὐσύνοπτα,
1047 3549 1130 3601 ὅτι
1158 3547 1223 3599 ἐκ
1256 3545 1513 3616 προνοίας
1539 3544 1684 3607 τινὸς
1738 3545 1928 3613 γέγονε
1974 3548 2067 3600 καὶ

399 3637 789 3705 συγκρατεῖται
815 3647 877 3697 ας
908 3634 1003 3696 Τίς
1038 3634 1145 3704 γὰρ
1173 3631 1347 3695 οὑτως
1378 3633 1568 3702 ἄφρων
1589 3633 1682 3686 καὶ
1719 3632 2062 3704 ἀναίσθητος,

391 3724 452 3788 ὃς
509 3723 652 3794 ὁρῶν
699 3722 952 3775 τοσοῦτον
1003 3721 1267 3791 σωμάτων
1320 3719 1503 3789 ὄγκον,
1548 3719 1803 3773 τοσοῦτον
1846 3722 2062 3788 κάλλος,

388 3810 659 3882 τοσαύτην
687 3809 955 3871 σύνθεσιν,
984 3809 1241 3863 τοιούτων
1293 3808 1575 3878 στοιχείων
1601 3808 1780 3879 μάχην
1804 3808 1952 3883 [104]
1987 3811 2066 3865 δι-

390 3900 564 3971 ηνεκῆ
593 3900 687 3954 καὶ
719 3898 1052 3962 ἐναντίωσιν,
1071 3897 1163 3951 καὶ
1177 3896 1457 3968 διαμονὴν,
1490 3897 1564 3967 μὴ
1592 3897 1906 3965 λογίσασθαι
1929 3900 2064 3972 πρὸς

390 3987 582 4042 ἑαυτὸν
620 3987 715 4042 καὶ
747 3988 1039 4050 είπεῖν,ὄτι
1073 3988 1121 4039 εἰ
1151 3984 1225 4057 μὴ
1250 3984 1478 4055 πρόνοιά
1500 4001 1584 4047 τις
1620 3980 1688 4056 ἦν
1718 3987 1751 4057 ἡ
1785 3986 1873 4039 τὸν
1901 3986 2064 4056 ὄγκον

389 4076 499 4129 τῶν
534 4075 802 4146 σωμάτων
833 4071 1218 4146 διακρατοῦσα,
1246 4074 1341 4127 καὶ
1389 4075 1463 4144 μὴ
1497 4073 1857 4144 συγχωροῦσα
1879 4075 1934 4128 τὸ
1955 4077 2063 4129 πᾶν

388 4163 685 4225 διαπεσεῖν,
706 4164 807 4216 οὑκ
836 4162 901 4215 ἂν
935 4163 1169 4232 ἔμεινεν,
1186 4161 1288 4215 οὐκ
1304 4162 1368 4215 ἂν
1385 4161 1639 4232 διήρκεσε
1658 4178 1672 4226 ;
1699 4163 1946 4234 Τοσαύτη
1965 4164 2064 4235 μὲν

389 4251 548 4321 ὡρῶν
576 4251 818 4318 εὐταξία,
848 4250 1084 4322 τοσαύτη
1100 4250 1156 4304 δὲ
1179 4250 1391 4320 ἡμέρας
1418 4250 1514 4304 καὶ
1539 4250 1732 4313 νυκτὸς
1753 4253 2060 4321 συμφωνία,

387 4338 656 4393 τοσούτων
679 4339 736 4392 δὲ
763 4338 974 4406 ἀλόγων
999 4336 1153 4402 ζώων
1178 4338 1334 4409 γένη,
1361 4338 1456 4390 καὶ
1473 4337 1674 4407 φυτῶν,
1693 4340 1788 4392 καὶ
1809 4342 2061 4412 σπερμά-

388 4444 514 4491 των,
553 4427 647 4481 καὶ
677 4425 916 4497 βοτανῶν
945 4425 1049 4496 όδῷ
1072 4425 1298 4496 βαδίζει,
1329 4427 1423 4479 καὶ
1443 4426 1597 4480 οὐδὲν
1619 4428 1698 4491 είς
1728 4428 1827 4498 τὴν
1856 4430 2061 4500 παροῦ-

389 4532 490 4570 σαν
527 4516 741 4589 ἡμέραν
788 4513 911 4568 οὐτε
944 4515 1210 4578 διέπεσεν,
1249 4514 1373 4568 οὔτε
1401 4514 1654 4588 ἀνηλώθη
1690 4516 1964 4584 καθάπαξ.

456 4611 518 4658 ε’.
539 4608 612 4661 Οὐ
639 4604 813 4659 ταῦτα
837 4603 893 4656 δὲ
922 4603 1099 4674 μόνον,
1129 4603 1267 4658 ἀλλά
1295 4604 1389 4658 καὶ
1413 4603 1586 4658 πολλά
1614 4605 1777 4677 ἓτερα
1803 4606 1831 4646 b
1852 4606 2056 4661 τούτων

387 4693 608 4748 πλείονα
632 4693 724 4746 καὶ
754 4690 1028 4763 βαθύτερα
1059 4688 1127 4763 ἦν
1150 4694 1347 4759 εἰπεῖν,
1376 4694 1469 4747 καί
1494 4695 1623 4766 περὶ
1654 4694 1823 4766 αὐτῆς
1852 4695 2060 4765 φιλοσο-

387 4781 558 4853 φῆσαι
573 4782 672 4852 τῆς
685 4781 934 4845 κτίσεως·
952 4780 1051 4834 ἀλλ
1064 4781 1081 4803 ’
1094 4783 1174 4845 εἰς
1190 4782 1287 4853 τὴν
1303 4782 1560 4838 ἐπιοῦσαν
1570 4785 1749 4838 ἐκεῖνα
1759 4801 1826 4837 τα
1833 4785 2060 4854 μιευσά-

391 4886 562 4940 μενοι,
598 4869 988 4939 σπουδάσωμεν
1019 4868 1091 4922 τὰ
1123 4870 1387 4940 εἰρημένα
1417 4870 1553 4940 μετὰ
1575 4871 1858 4942 ἀκριϐείας
1888 4889 2057 4926 κατα-

389 4961 559 5031 σχεῖν,
583 4959 679 5012 καὶ
710 4960 791 5021 είς
816 4959 1037 5029 ἐτέρους
1070 4958 1394 5026 ἐξενεγκεῖν.
1432 4960 1540 5013 Καὶ
1568 4955 1686 5014 οἶδα
1718 4961 1817 5031 μὲν
1841 4962 1925 5015 ὅτι
1953 4963 2054 5032 τὴν

384 5047 555 5118 ἀκοὴν
601 5047 753 5117 ὑμῶν
788 5045 992 5112 ἐξένισε
1033 5045 1142 5100 τῶν
1170 5046 1454 5117 νοημάτων
1496 5046 1556 5099 τὸ
1588 5047 1768 5118 βάθος,
1811 5049 1925 5102 ἀλλ’
1957 5051 2052 5104 ἐὰν

383 5135 563 5204 ὀλίγον
583 5134 863 5205 νήψωμεν,
896 5136 990 5188 καὶ
1034 5135 1092 5187 ὲν
1122 5133 1336 5198 τούτοις.
1360 5134 1629 5206 ὲθίσωμεν
1675 5138 1922 5201 ἑαυτοὺς,
1958 5139 2054 5191 καὶ

382 5223 589 5293 ἑτέροις
621 5220 817 5294 ῥᾳδίως
835 5221 1074 5293 ἐσόμεθα
1099 5220 1422 5276 διδάσκαλοι.
1453 5222 1603 5286 Τέως
1627 5224 1685 5276 δὲ
1711 5225 1887 5278 ἐκεῖνο
1913 5227 2049 5296 πρὸς

380 5310 482 5380 τὴν
502 5310 773 5381 ὑμετέραν
789 5309 1009 5379 ἀγάπην
1025 5311 1320 5377 ἀναγκαῖον
1342 5312 1514 5363 εἰπεῖν
1533 5326 1545 5338 ·
1576 5311 1786 5381 Ὥσπερ
1802 5312 2050 5376 ἐδόξασεν

381 5398 529 5467 ἡμᾶς
560 5399 589 5451 ὁ
619 5397 753 5460 Θεὸς
779 5396 869 5449 διά
898 5397 997 5467 τῆς
1026 5397 1291 5466 τοσαύτης
1320 5398 1384 5467 δη
1395 5398 1700 5466 μιουργίας,
1731 5397 1873 5453 οὓτω
1897 5399 2046 5464 δοξά-

384 5502 565 5554 σωμεν
591 5486 751 5539 αὐτον
789 5486 883 5537 καὶ
911 5486 1072 5555 ἡμεῖς
1097 5473 1190 5538 διὰ
1219 5487 1316 5556 τῆς
1348 5486 1622 5550 πολιτείας
1650 5488 1750 5558 τῆς
1782 5488 2046 5559 καθαρᾶς,

385 5577 450 5626 Ol
476 5575 715 5641 οὐρανοὶ
737 5573 1078 5643 διηγοῦνται
1106 5574 1294 5639 δόξαν
1323 5574 1493 5640 Θεοῦ,
1531 5577 1843 5647 φαινόμενοι
1866 5579 2044 5649 μόνον·

380 5661 476 5713 καὶ
504 5661 660 5731 ἡμεῖς
704 5661 885 5715 τοίνυν
914 5662 1300 5735 διηγησώμεθα
1329 5662 1486 5728 δόξαν
1506 5664 1664 5732 Θεοῦ,
1693 5670 1767 5740 μὴ
1800 5669 2050 5738 λέγοντες
2111 5688 2121 5692 ·

441 5837 458 5911 _'
486 5840 621 5911 gnos
640 5843 720 5890 καὶ
747 5840 1157 5911 σύγκειται.]ιἰΐι·α
1181 5844 1331 5895 Savil.
1359 5844 1579 5906 τοιαύτην
1602 5846 1850 5911 στοιχείων
1871 5846 2042 5910 μάχην.

439 5906 469 5949 b
494 5906 611 5953 l‘rvs
634 5919 743 5950 mss.
777 5906 856 5950 καὶ
884 5906 1043 5965 πολλῷ
1070 5907 1222 5953 ἐτεσα.
1552 5930 1568 5944 ~

1240 258 1292 311 S.
1338 257 1623 311 JOANNIS
1663 258 2156 318 CIIRYSOSTUMI
2196 259 2515 318 ARCHIEP.
2558 262 3109 321 CONSTANTINOP.

3758 274 3860 328 ΗΟ

2196 373 2376 462 μόνον,
2420 376 2557 430 ἀλλά
2585 381 2676 432 καὶ
2704 380 2983 447 σιγῶντες,
3025 382 3120 435 καὶ
3152 383 3218 452 τῇ
3250 380 3342 433 τοῦ
3380 381 3494 452 βίου
3519 385 3861 462 λαμπρότητι

2195 461 2402 525 πάντας
2434 464 2848 537 ὲκπλήττοντες.
2897 468 3200 537 Λαμψάτω
3222 468 3350 540 γάρ,
3391 473 3577 541 φησὶν,
3601 473 3766 543 ὑμῶν
3791 475 3863 530 τὸ

2187 546 2315 613 φῶς
2359 548 2701 618 ἔμπροσθεν
2724 553 2846 607 τῶν
2886 554 3230 625 ἀνθρώπων,
3262 556 3421 622 ὅπως
3453 558 3663 614 ἴδωσιν
3691 562 3865 631 ὑμῶν

2185 635 2257 688 τὰ
2274 636 2431 691 καλὰ
2448 638 2611 709 ἔργα,
2639 641 2737 694 καὶ
2762 641 3071 706 δοξάσωσι
3097 643 3204 697 τὸν
3231 645 3464 713 Πατέρα
3479 646 3647 716 ὑμῶν
3674 650 3865 704 τὸνέν

2185 723 2310 790 τοῖς
2340 727 2639 794 οὐρανοῖς.
2683 730 2851 783 Ὅταν
2890 730 3001 801 γὰρ
3025 733 3053 784 ό
3074 731 3301 796 ἄπιστος
3335 732 3419 805 ἴδῃ
3455 735 3515 786 σὲ
3543 734 3634 789 τὸν
3671 736 3863 793 πιστὸν

2185 812 2639 884 κατεσταλμένον,
2656 818 3078 897 σωφρονοῦντα,
3100 819 3326 891 κόσμιον
3344 821 3496 885 ὅντα,
3526 824 3864 895 ὲκπλαγήσε-

2184 916 2272 953 ται
2305 901 2404 954 καὶ
2441 903 2592 973 ἐρεῖ·
2641 904 2881 976 Ἀληθῶς
2916 906 3092 976 μέγας
3123 909 3152 961 ὁ
3199 907 3309 962 τῶν
3332 910 3674 980 Χριστιανῶν
3699 914 3863 981 Θεὸς,

2183 987 2329 1053 οἵους
2349 991 2684 1063 κατέστησεν
2712 992 3053 1064 ἀνθρώπους,
3073 994 3216 1058 οἴους
3236 995 3294 1063 ἐξ
3323 997 3451 1051 οἴων
3473 999 3747 1071 ἐποίησεν,
3766 1005 3865 1071 ἀγ-

2183 1077 2373 1144 γέλους
2399 1080 2595 1144 αὐτοὺς
2620 1080 2679 1148 ἐξ
2716 1081 3019 1154 ἀνθρώπων
3043 1083 3358 1154 εἰργάσατο.
3396 1087 3495 1141 “Av
3516 1087 3714 1163 ὑϐρίσῃ
3749 1108 3861 1157 τις,

2181 1164 2240 1215 οὐ
2271 1163 2672 1236 λοιδοροῦνται·
2704 1168 2772 1222 ἀν
2790 1170 3042 1243 τυπτήσῃ
3067 1186 3171 1236 τις,
3201 1171 3302 1225 οὐκ
3330 1173 3757 1242 ἀγανακτοῦσιν·
3790 1179 3863 1231 ἄν

2182 1252 2414 1326 ἀδικήσῃ
2431 1272 2535 1319 τις,
2567 1256 2959 1327 ὑπερεύχονται
2986 1259 3081 1313 τοῦ
3108 1259 3508 1332 λελυπηκότος·
3544 1263 3739 1336 ἐχθρὸν
3757 1267 3861 1320 οὐκ

2183 1340 2384 1411 έχουσι,
2421 1348 2782 1416 μνησικακεῖν
2808 1347 2910 1401 οὐκ
2942 1348 3282 1414 ἐπίστανται,
3311 1351 3572 1423 φλυαρεῖν
3602 1354 3702 1407 οὐκ
3732 1352 3861 1407 ἴσα-

2183 1445 2284 1492 σιν,
2320 1430 2420 1483 οὐκ
2457 1431 2662 1503 ἔμαθον
2692 1433 3017 1502 ψεύδεσθαι,
3064 1437 3342 1509 ἐπιορκεῖν
3383 1440 3485 1492 οὐκ
3526 1440 3815 1511 ἀνέχονται
3838 1482 3856 1505 ,

2184 1519 2385 1587 μᾶλλον
2413 1520 2471 1574 δὲ
2496 1523 2618 1576 οὐδὲ
2650 1525 2872 1594 ὀμνύειν
2891 1542 2905 1557 ·
2938 1526 3073 1581 ἀλλά
3104 1529 3204 1600 τὴν
3237 1528 3483 1597 γλῶτταν
3510 1532 3860 1603 ἐκτμηθῆναι

2181 1607 2249 1660 ἀν
2298 1608 2501 1663 ἕλοιντο
2532 1606 2834 1683 πρότερον,
2874 1613 2908 1684 ἦ
2946 1614 3110 1686 ὅρκον
3156 1615 3277 1670 τινὰ
3305 1617 3412 1670 ἀπὸ
3442 1618 3534 1670 τοῦ
3584 1621 3858 1690 στόματος

2181 1697 2465 1768 προέσθαι.
2497 1698 2680 1754 Ταῦτα
2711 1700 2892 1771 δῶμεν
2942 1702 3128 1765 αὐτοῖς
3155 1704 3283 1776 περὶ
3322 1705 3481 1775 ἡμῶν
3518 1704 3717 1776 λέγειν,
3756 1710 3857 1762 καὶ

2180 1784 2278 1854 τὴν
2327 1787 2570 1858 πονηράν
2624 1786 2733 1841 τῶν
2761 1789 2940 1860 ὅρκων
2989 1789 3282 1861 συνήθειαν
3319 1791 3703 1864 ἀπελάσωμεν,
3756 1797 3857 1849 καὶ

2179 1873 2447 1945 τοσαύτην
2474 1875 2654 1947 δῶμεν
2677 1876 2758 1947 τῷ
2780 1876 2899 1948 Θεῷ
2921 1877 3105 1950 τιμὴν,
3133 1880 3264 1951 ὅσην
3293 1884 3406 1943 τοῖς
3441 1884 3677 1950 ἱματίοις
3694 1886 3855 1954 ἡμῶν

2179 1968 2291 2028 τοῖς
2317 1967 2807 2039 πολυτελεστέροις.
2850 1966 2973 2031 Πῶς
3006 1969 3115 2039 γὰρ
3149 1969 3250 2023 οὐκ
3273 1969 3472 2024 ἄτοπον
3501 1971 3713 2041 ἱμάτιον
3749 1973 3853 2043 μὲν

2178 2050 2398 2121 ἔχοντας
2423 2054 2531 2107 τῶν
2560 2053 2759 2108 λοιπῶν
2786 2054 2989 2125 βέλτιον
3018 2057 3093 2126 μὴ
3122 2056 3407 2127 ἀνέχεσθαι
3439 2057 3676 2128 συνεχῶς
3700 2060 3854 2131 αὐτῷ

2181 2142 2577 2212 καταχρᾶσθαι,
2595 2142 2654 2194 τὸ
2675 2142 2730 2194 δὲ
2754 2142 2846 2194 τοῦ
2872 2142 3006 2195 Θεοῦ
3034 2142 3206 2214 όνομα
3236 2143 3511 2214 πανταχοῦ
3533 2145 3852 2216 περισύρειν

2180 2229 2365 2293 ἁπλῶς
2392 2230 2486 2283 καὶ
2510 2229 2585 2293 ῶς
2607 2230 2765 2300 ἔτυχε
2785 2246 2799 2296 ;
2821 2230 2933 2301 Μὴ,
2960 2230 3149 2302 δέομαι
3177 2231 3271 2285 καὶ
3296 2231 3575 2298 ἀντιϐολῶ,
3608 2232 3682 2305 μὴ
3706 2234 3853 2288 οὑτω

2180 2317 2607 2389 καταφρονῶμεν
2650 2318 2807 2388 ἡμῶν
2838 2318 2938 2388 τῆς
2987 2320 3255 2391 σωτηρίας
3297 2320 3433 2375 ἀλλά
3480 2320 3579 2392 τὴν
3611 2322 3851 2393 σπουδὴν

2179 2406 2244 2477 ἣν
2267 2405 2327 2470 ἐξ
2350 2406 2525 2477 ἀρχῆς
2555 2408 2931 2477 ἐποιησάμεθα
2955 2418 2976 2445 ο
3005 2409 3130 2478 περὶ
3156 2408 3253 2478 τὴν
3279 2407 3498 2480 ἐντολὴν
3525 2409 3748 2481 ταύτην,
3768 2412 3849 2474 είς

2177 2493 2328 2556 τέλος
2350 2492 2669 2563 ἀγάγωμεν.
2691 2493 2798 2546 Καὶ
2820 2494 2926 2563 γὰρ
2949 2493 3059 2561 ἐγὼ
3079 2493 3165 2546 διὰ
3183 2493 3342 2547 τοῦτο
3364 2495 3563 2566 συνεχῆ
3585 2497 3853 2567 ποιοῦμαι

2176 2579 2273 2650 τὴν
2304 2580 2650 2652 παράκλησιν
2692 2580 2790 2650 τὴν
2821 2581 2950 2650 περὶ
2979 2580 3087 2634 τῶν
3121 2581 3321 2651 ὅρκων,
3359 2584 3459 2636 οὐκ
3499 2584 3685 2656 ἐπειδὴ
3715 2602 3853 2639 κατ-

2176 2667 2349 2735 ἐγνων
2377 2669 2407 2720 ὑ
2417 2667 2530 2737 μῶν
2561 2667 2854 2739 ρᾳθυμίαν,
2872 2666 2988 2721 ἀλλ’
3009 2668 3196 2739 ἐπειδὴ
3224 2669 3285 2722 τὸ
3310 2669 3471 2723 πλέον
3501 2671 3853 2744 κατορθωθὲν

2176 2756 2303 2826 ὑμῖν
2335 2752 2494 2820 εἶδον,
2530 2757 2627 2810 καὶ
2653 2756 2867 2809 σπεύδω
2896 2758 2990 2809 καὶ
3032 2757 3324 2828 ἐπείγομαι
3356 2757 3419 2810 τὸ
3460 2760 3568 2812 πᾶν
3609 2761 3854 2832 ἀπαρτι-

2176 2842 2370 2914 σθῆναι
2406 2845 2501 2898 κα¹ι
2531 2844 2684 2907 τέλος
2712 2843 2916 2897 λαϐεῖν.
2952 2841 3109 2898 Οὑτω
3153 2845 3249 2897 καί¹
3288 2848 3337 2898 οί
3375 2844 3565 2899 θεαταὶ
3607 2848 3850 2913 ποιοῦσι,

2173 2933 2299 2995 τοὺς
2330 2933 2497 3001 ἐγγὺς
2521 2932 2682 2996 ὄντας
2708 2932 2815 2986 τῶν
2857 2930 3124 3003 βραϐείων
3147 2932 3472 3004 διεγείρουσι
3503 2934 3724 3005 μᾶλλον.
3752 2939 3851 3009 Μὴ

2172 3019 2349 3073 τοίνυν
2384 3019 2760 3090 ἀποκάμωμεν
2790 3019 2923 3090 μηδὲ
2968 3021 3152 3089 ἡμεῖς,
3192 3020 3288 3072 καὶ
3323 3018 3431 3092 γάρ
3466 3022 3633 3089 ἐγγὺς
3679 3024 3852 3095 ἐστή-

2173 3123 2347 3178 καμεν
2375 3106 2468 3160 τοῦ
2498 3106 2697 3169 παντὸς
2729 3103 3169 3177 κατορθώματος,
3204 3109 3299 3160 καὶ¹
3332 3109 3365 3178 ἠ
3397 3107 3657 3163 δυσκολία
3689 3112 3851 3181 παρά

2171 3193 2268 3265 τὴν
2311 3194 2486 3266 ἀρχὴν
2533 3188 2622 3265 ἧν.
2658 3191 2811 3265 [105]
2851 3192 2980 3247 Ὅτε
3024 3194 3081 3246 δὲ
3123 3193 3182 3245 τὸ
3214 3193 3376 3247 πλέον
3425 3195 3522 3265 τῆς
3554 3196 3850 3268 συνηθείας

2173 3283 2462 3354 ὑπετμὴοη
2502 3282 2618 3347 νῦν,
2657 3282 2753 3336 καὶ
2810 3283 3002 3352 μικῴν
3042 3281 3424 3335 ὑπολέλειπται
3459 3283 3678 3349 λοιπὸν,
3723 3285 3848 3339 οὐδὲ

2174 3370 2335 3423 πόνου
2375 3369 2536 3440 χρεία
2580 3369 2758 3434 τινὸς,
2790 3368 2927 3423 ἀλλά
2976 3370 3178 3441 μικρᾶς
3226 3370 3702 3441 παρατηρήσεως,
3751 3375 3850 3426 καὶ

2173 3456 2430 3528 βραχείας
2461 3457 2607 3520 τινὸς
2635 3457 2922 3527 ἀκριϐείας
2966 3456 3217 3527 δεόμεθα,
3252 3458 3339 3510 ῖνα
3379 3459 3530 3511 αὐτοὶ
3559 3459 3845 3531 κατορθώ-

2173 3562 2366 3609 σαντες
2391 3546 2486 3599 καὶ
2516 3546 2725 3616 ἑτέροις
2747 3543 3034 3615 γενώμεθα
3057 3544 3388 3609 διδάσκαλοι,
3411 3548 3505 3600 καὶ
3532 3546 3672 3616 μετά
3699 3551 3847 3620 παῤ-

2174 3633 2370 3705 ρησίας
2408 3633 2470 3686 τὸ
2521 3632 2664 3704 ἱερὸν
2698 3632 2900 3702 ἴδωμεν
2942 3632 3158 3702 Πάσχα,
3191 3632 3286 3685 καὶ
3317 3634 3697 3705 μετὰ-πολλῆς
3742 3638 3845 3705 τῆς

2171 3721 2365 3794 ἡδονῆς
2408 3721 2724 3775 διπλασίονα
2759 3721 2855 3773 καὶ
2891 3719 3246 3790 τριπλασίονα
3284 3721 3383 3791 τῆς
3418 3721 3673 3785 είωθυίας
3704 3740 3848 3794 κάρ-υ

2170 3806 2482 3877 πωσώμεθα
2511 3805 2608 3877 τὴν
2637 3805 2996 3877 εὐφροσύνην.
3027 3806 3102 3858 Οὐ
3127 3805 3237 3876 γὰρ
3270 3804 3412 3859 οῦτω
3440 3806 3498 3858 τὸ
3525 3806 3634 3859 τῶν
3660 3808 3845 3861 πόνων

2169 3898 2315 3966 ἡμᾶς
2349 3893 2725 3964 ἀπαλλαγῆναι
2764 3893 2857 3948 καὶ
2892 3893 3001 3947 τῶν
3043 3892 3280 3966 ἱδρώτων
3307 3894 3404 3963 τῆς
3447 3894 3705 3965 νηστείας
3745 3899 3844 3950 εὐ-

2170 3985 2408 4057 φραίνει,
2444 3985 2519 4046 ὼς
2542 3982 2604 4034 τὸ
2643 3981 2783 4052 μετά
2811 3979 3237 4051 κατορθώματος
3266 3981 3360 4035 καὶ
3392 3981 3656 4050 στεφάνου
3694 3982 3846 4055 λαμ-

2168 4069 2309 4142 προῦ
2343 4073 2422 4132 είς
2449 4068 2546 4139 τὴν
2576 4068 2725 4139 ἱερὰν
2755 4067 2965 4138 ἐκείνην
2988 4067 3180 4138 ἑορτὴν
3202 4067 3529 4138 ἀπαντῆσαι,
3564 4068 3845 4137 στεφάνου

2169 4158 2438 4230 μηδέποτε
2480 4157 2903 4227 μαραινομένου.
2927 4156 3089 4209 Ὥστε
3134 4156 3191 4208 δὲ
3230 4156 3534 4227 ταχυτέραν
3577 4158 3843 4224 γενέσθαι

2165 4246 2262 4316 τὴν
2290 4244 2600 4316 διόρθωσιν,
2645 4242 2802 4295 τοῦτο
2838 4243 3060 4313 ποίησον
3088 4243 3116 4295 ὃ
3154 4242 3297 4311 λέγω
3321 4261 3335 4273 ·
3371 4242 3585 4314 Γράψον
3620 4245 3719 4296 ἐπὶ
3744 4244 3844 4298 τὸν

2164 4335 2343 4402 τοῖχον
2374 4331 2474 4399 τῆς
2513 4330 2688 4393 οίκίας
2729 4346 2842 4393 σου,
2873 4329 2967 4381 καὶ
3006 4329 3100 4381 ἐπὶ
3140 4328 3230 4380 τὸν
3259 4331 3435 4399 τοῖχον
3475 4329 3575 4396 τῆς
3605 4330 3844 4401 καρδίας

2167 4436 2260 4471 σου
2297 4418 2394 4488 τὴν
2423 4416 2696 4489 δρεπάνην
2726 4416 2824 4485 τὴν
2855 4414 3162 4484 πετομένην
3203 4413 3437 4485 ἐκείνην,
3492 4416 3587 4468 καὶ
3624 4416 3842 4489 ταύτην

2163 4508 2257 4559 ἐπὶ
2284 4506 2381 4575 τῆς
2404 4505 2544 4575 ἀρᾶς
2582 4501 2837 4556 πέτεσθαι
2869 4500 3077 4571 νόμιζε,
3104 4500 3197 4553 καὶ
3228 4500 3466 4570 συνεχῶς
3494 4501 3666 4573 αὐτὴν
3697 4505 3843 4559 ἀνα-

2162 4594 2375 4663 λογίζου
2396 4612 2409 4625 ·
2446 4594 2547 4647 κᾶν
2576 4593 2762 4663 ἕτερον
2797 4590 3066 4661 ὀμνύοντα
3110 4589 3246 4663 ἴδῃς,
3280 4591 3525 4660 ἐπίσχες,
3563 4590 3840 4657 κώλυσον,

2161 4681 2257 4735 καὶ
2284 4680 2390 4734 τῶν
2415 4680 2643 4734 οἰκετῶν
2685 4676 3046 4749 ἐπιμελήθητι
3077 4676 3184 4729 τῶν
3238 4676 3368 4731 σῶν.
3400 4679 3497 4731 Ἂν
3532 4676 3643 4748 γὰρ
3670 4679 3842 4732 τοῦτο
3902 4730 3903 4735 η

2163 4770 2529 4841 σκοπήσωμεν
2562 4768 2782 4831 ά,ὄπως
2831 4766 2905 4837 μὴ
2950 4766 3108 4836 μόνον
3150 4765 3303 4818 αὐτοὶ
3341 4766 3837 4838 κατορθώσαιμεν,

2159 4856 2295 4910 ἀλλά
2338 4857 2431 4908 καὶ
2460 4857 2677 4928 ἑτέρους
2715 4857 2795 4918 εἰς
2831 4853 2987 4907 τοῦτο
3015 4854 3396 4923 ἐναγάγοιμεν,
3422 4854 3632 4925 ταχέως
3672 4856 3841 4909 αὐτοὶ

2158 4943 2296 5014 πρὸς
2328 4943 2389 4995 τὸ
2418 4942 2592 5013 πέρας
2619 4940 2838 5012 ἥξομεν,
2864 4942 2927 4995 Οἱ
2953 4941 3062 5011 γὰρ
3094 4941 3314 5010 ἑτέρους
3345 4941 3620 4995 παιδεύειν
3658 4959 3840 4998 κατα-

2155 5032 2455 5103 δεξάμενοι,
2476 5032 2605 5102 ἐρυθ
2616 5032 2872 5103 ριάσομεν
2896 5030 2989 5083 καὶ
3010 5028 3431 5100 αἰσχυνούμεθα.
3459 5029 3493 5082 ἀ
3514 5033 3623 5093 τοῖς
3641 5029 3840 5097 ἄλλοις

2157 5121 2537 5191 ἐπιτάττομεν,
2574 5119 2747 5173 ταῦτα
2775 5118 3194 5186 ἐλλιμπάνοντες
3230 5116 3385 5170 αὐτοὶ
3411 5117 3664 5186 φανῆναι.
3692 5120 3840 5174 Οὐδὲ

2155 5210 2313 5280 χρεία
2344 5208 2605 5261 πλειόνων
2822 5223 2835 5236 ·
2868 5202 3039 5299 πολλὰ
3074 5203 3313 5299 γὰρκαὶ
3350 5205 3417 5299 τά
3452 5205 3641 5275 πρώην
3671 5208 3840 5280 εἰρη-
3896 5202 3904 5299 1

2157 5297 2315 5366 μένα,
2344 5297 2439 5350 καὶ
2470 5295 2640 5349 ταῦτα
2670 5294 2726 5346 δὲ
2753 5293 3111 5361 ὑπομνήσεως
3143 5290 3303 5362 χάριν
3336 5292 3498 5362 μόνης
3529 5304 3552 5331 ε
3583 5295 3834 5366 εἴρηται.

2166 5357 2221 5437 Ὅ
2255 5355 2311 5437 δέ
2354 5384 2507 5447 Θεὸς,
2539 5385 2566 5435 ὁ
2611 5380 2810 5453 μᾶλλον
2842 5355 3000 5450 ἡμῶν
3026 5355 3469 5450 τῶν-*ἡμετέρων
3510 5355 3838 5451 φειδόμενος
3898 5355 3903 5447 ί

2151 5471 2358 5541 ψυχῶν,
2388 5472 2482 5524 καὶ
2520 5472 2578 5522 ἐν
2622 5467 2795 5537 τούτῳ
2824 5467 2920 5521 καὶ
2957 5467 3016 5518 ἐν
3050 5469 3215 5522 παντὶ
3246 5467 3628 5538 καταρτίσειεν
3674 5472 3837 5541 ἡμᾶς

2153 5558 2376 5630 ἀγαθῷ,
2414 5559 2500 5611 ἴνα
2541 5554 2927 5626 πληρώσαντες
2976 5554 3153 5608 πάντα
3184 5552 3394 5625 καρπὸν
3436 5555 3836 5630 δικαιοσύνης,

2214 5721 2238 5783 Ῡ
2260 5722 2357 5771 Alii
2384 5719 2678 5783 ἐποιούμεθα.

2209 5782 2239 5822 ἀ
2262 5784 2410 5851 Βονὶὶ.
2438 5788 2492 5831 et
2511 5778 2705 5851 quidam
2733 5791 2847 5851 φεξ.
2873 5779 3145 5851 σκοπῶμεν.
3169 5778 3297 5830 Infra
3318 5779 3466 5830 iidem
3513 5783 3830 5851 ἐναγάγοιμεν

2138 5847 2198 5912 .(‹
2221 5849 2351 5912 διξοὶ
2368 5856 2460 5912 ῃοε
2480 5841 2569 5906 pio
2587 5843 2716 5912 νοις.
2740 5841 2993 5912 ἀγάγωμεν
3026 5844 3091 5900 ι).

2219 5911 2242 5940 ε
2267 5906 2413 5955 Savil.
2441 5900 2750 5963 ὑπομνήσεως
2771 5900 2913 5963 μόνης
2938 5900 3108 5951 ἕνεκεν.
