3920 6224
170 448 267 503 109

166 558 554 628 superpositam
611 572 801 628 aquam
856 556 1157 611 exsiccavit.
1207 555 1300 611 Vis
1350 566 1400 610 te
1447 556 1499 610 in
1547 563 1740 609 terram

169 653 361 706 iterum
391 649 727 715 reducamus,
758 656 811 703 et
829 646 968 718 quod
991 646 1198 701 mireris
1223 646 1600 700 ostendamus?
1626 645 1740 699 Non

168 741 345 795 cernis
371 739 472 794 hoc
495 754 642 793 mare
666 738 819 792 undis
837 779 850 804 ,
884 746 939 792 et
963 737 1209 793 violentis
1235 736 1445 791 flatibus
1482 737 1696 805 plenum
1721 736 1744 787 ?

172 829 264 884 sed
297 830 398 885 hoc
421 845 569 884 mare
595 832 885 900 spatiosum
913 838 967 883 et
995 844 1241 898 magnum
1261 869 1278 894 ,
1321 835 1376 882 et
1415 827 1626 891 furens,
1660 827 1743 881 in-

172 920 322 974 firma
350 920 653 974 continetur
674 933 859 975 arena.
891 919 957 974 Et
978 918 1254 974 considera
1278 918 1369 972 Dei
1396 917 1741 987 sapientiam:

176 1026 279 1064 non
322 1010 558 1081 permisit
596 1011 767 1081 ipsum
794 1011 1067 1081 quiescere
1087 1052 1103 1078 ,
1144 1025 1316 1081 neque
1339 1023 1559 1065 manere
1587 1008 1746 1063 seda-

175 1110 308 1167 tum,
339 1116 406 1155 ne
435 1100 485 1154 id
515 1114 633 1156 esse
656 1111 861 1156 naturae
886 1102 1051 1170 ipsius
1075 1102 1314 1157 ordinem
1339 1100 1629 1167 existimes,
1652 1099 1745 1153 sed

176 1190 311 1243 intra
340 1193 594 1245 terminos
623 1205 841 1245 manens
871 1191 1081 1257 clamat,
1112 1191 1368 1256 turbatur,
1402 1190 1748 1245 vehementer

177 1286 408 1343 resonat,
437 1288 492 1333 ct
518 1279 918 1333 inenarrabilem
950 1280 1002 1334 in
1025 1280 1351 1335 altitudinem
1378 1278 1570 1335 ﬂuctus
1599 1278 1745 1334 exci-

179 1377 284 1433 tat;
302 1379 610 1425 cumautem
635 1370 701 1425 ad
730 1371 876 1426 littus
887 1380 942 1427 et
954 1387 1168 1427 arenam
1184 1372 1500 1444 pervenerit,
1516 1373 1744 1428 dissolu-

178 1468 290 1512 tum
320 1474 530 1514 rursum
555 1460 618 1515 ad
645 1462 874 1531 seipsum
915 1464 1230 1530 revertitur,
1259 1478 1358 1534 per
1388 1464 1503 1519 haec
1528 1474 1748 1534 utraque

178 1557 232 1604 te
269 1548 502 1618 docens,
546 1552 688 1622 quod
731 1568 836 1608 non
885 1563 1085 1610 naturae
1123 1569 1257 1625 opus
1295 1566 1378 1611 est
1411 1557 1582 1627 ipsum
1608 1558 1748 1613 intra

177 1643 422 1711 proprios
446 1642 578 1699 ﬁnes
605 1660 852 1711 manere,
894 1646 987 1702 sed
1028 1647 1236 1703 virtutis
1261 1648 1412 1718 ejus,
1451 1649 1538 1720 qui
1575 1649 1748 1719 ipsum

177 1731 411 1788 cohibet.
429 1734 713 1803 Propterea
735 1736 875 1791 enim
899 1736 1164 1793 infirmum
1184 1739 1347 1810 ipsius
1371 1755 1578 1795 murum
1601 1741 1745 1808 fecit,

183 1839 290 1878 non
318 1825 479 1896 ligna,
501 1843 605 1883 non
631 1829 851 1899 lapides,
884 1845 988 1885 non
1015 1841 1224 1887 montes
1252 1831 1335 1888 his
1361 1833 1625 1888 littoribus
1643 1833 1750 1888 cir-

180 1917 510 1986 cumposuit,
555 1928 614 1973 ut
646 1933 749 1974 non
785 1919 867 1976 his
890 1920 1212 1977 elementum
1258 1924 1311 1978 in
1352 1923 1592 1979 ordinem
1631 1924 1749 1995 cogi

182 2014 353 2074 putes.
382 2008 493 2063 Hoc
520 2009 676 2079 igitur
711 2022 765 2065 et
803 2012 913 2081 ipse
950 2014 1231 2082 aliquando
1262 2013 1460 2069 Judmis
1486 2015 1750 2084 imprope-

182 2112 309 2151 rans
336 2098 546 2153 dicebat
568 2117 582 2151 τ
606 2099 692 2153 Me
718 2117 817 2155 non
843 2103 1099 2168 timebitis,
1139 2105 1224 2174 qui
1249 2119 1453 2159 arenam
1490 2105 1620 2158 mari
1648 2117 1748 2159 ter-

182 2189 373 2241 minum
404 2186 659 2255 constitui,
671 2195 715 2239 et
731 2189 1155 2246 nontranscendet
1181 2192 1628 2262 (Jer.5.22)?Non
1655 2212 1746 2253 ann

183 2284 291 2332 tem
308 2276 410 2332 hoc
422 2289 613 2344 sctum,
639 2295 671 2334 o
692 2281 872 2350 homo,
888 2293 971 2339 est
988 2284 1317 2353 admirabile,
1339 2287 1482 2358 quod
1500 2305 1748 2359 magnum

182 2376 236 2421 et
262 2368 557 2423 mirabilem
582 2370 765 2426 fecerit
810 2373 952 2428 hunc
977 2373 1228 2430 mundum
1247 2416 1267 2443 ,
1295 2377 1435 2446 quod
1464 2394 1622 2449 supra
1652 2396 1750 2435 na-

182 2468 315 2513 tura:
356 2465 786 2532 consequentiam
827 2466 999 2534 ipsum
1048 2468 1413 2538 compegerit,
1464 2470 1563 2526 sed
1609 2473 1750 2541 quod

177 2549 341 2604 etiam
371 2566 436 2606 ex
461 2554 742 2609 contrariis
764 2556 934 2626 ipsum
970 2557 1340 2627 constituerit,
1381 2560 1554 2616 calido
1576 2571 1630 2618 et
1653 2563 1749 2618 fri-

177 2643 328 2712 gido,
350 2644 492 2699 sicco
517 2655 570 2701 et
595 2645 834 2717 humido,
862 2650 979 2719 igne
1007 2660 1061 2707 et
1088 2666 1244 2723 aqua,
1274 2664 1411 2709 terra
1440 2662 1496 2709 et
1521 2669 1645 2711 aere
1664 2673 1677 2713 :
1696 2665 1752 2711 et

177 2736 444 2789 contraria
483 2735 599 2792 haec
645 2738 925 2807 elementa,
971 2758 1041 2797 ex
1084 2743 1150 2797 iis
1191 2742 1385 2814 quibus
1430 2743 1535 2800 hoc
1585 2754 1754 2802 totum

175 2825 455 2894 consistit,
485 2826 625 2883 inter
650 2844 709 2884 se
736 2835 1038 2902 pugnantia,
1085 2848 1116 2886 a
1153 2847 1275 2889 sese
1316 2848 1425 2889 non
1460 2844 1582 2890 sunt
1620 2851 1753 2891 con-

176 2922 389 2983 sumpta
413 2932 426 2969 :
451 2930 557 2971 non
586 2918 721 2988 ignis
745 2922 1049 2989 supervenit
1073 2931 1128 2977 et
1152 2924 1389 2978 ascendit
1416 2925 1615 2990 omnia,
1646 2941 1751 2981 non

175 3019 317 3074 aqua
345 3009 724 3076 superveniens
764 3012 947 3067 orbem
972 3012 1276 3069 submersit.
1305 3013 1409 3070 Sed
1433 3016 1486 3070 in
1515 3017 1751 3086 corpori-

179 3098 281 3152 bus
300 3099 516 3167 quidem
544 3102 738 3157 nostris
759 3102 875 3159 hmo
898 3104 1048 3170 liunt,
1076 3112 1130 3159 et
1152 3105 1258 3160 bile
1278 3116 1552 3163 crescente
1579 3110 1751 3163 nasci-

177 3199 264 3242 tur
304 3188 497 3257 febris,
527 3202 581 3246 et
610 3201 776 3248 totum
802 3195 996 3250 animal
1031 3196 1175 3251 laedit
1201 3215 1214 3253 :
1236 3207 1291 3252 et
1319 3197 1502 3267 pituita
1532 3214 1751 3269 supera-

176 3278 451 3335 bundante
479 3282 690 3350 plurimi
736 3294 1023 3339 nascuntur
1050 3285 1260 3353 morbi,
1304 3295 1360 3342 et
1399 3287 1591 3342 animal
1634 3304 1754 3343 cor-

175 3380 455 3440 rumpunt.
485 3372 542 3428 In
564 3373 667 3429 hoc
690 3384 867 3431 autem
895 3378 1142 3433 universo
1164 3379 1294 3434 nihil
1321 3379 1510 3435 horum
1537 3381 1748 3447 accidit,

177 3461 273 3515 sed
298 3464 707 3535 unumquodque
733 3475 942 3533 manet,
972 3476 1235 3539 tamquam
1266 3471 1494 3541 quodam
1522 3471 1672 3528 freno
1699 3481 1754 3530 et

178 3551 414 3619 vinculo,
441 3552 743 3612 Conditoris
762 3557 1030 3614 voluntate
1050 3561 1293 3630 proprios
1313 3563 1616 3619 custodiens
1641 3573 1750 3620 ter-

178 3641 384 3707 minos,
426 3652 481 3698 et
507 3644 695 3700 horum
722 3663 896 3718 pugna
937 3650 1136 3704 mundo
1164 3652 1254 3706 toti
1292 3652 1438 3721 pacis
1475 3653 1535 3708 ﬁt
1571 3669 1751 3709 causa.

179 3733 373 3788 Annon
400 3733 515 3789 haec
540 3746 593 3791 et
612 3753 753 3792 caaco
780 3749 905 3792 sunt
931 3740 1206 3797 manifesta
1227 3784 1242 3808 ,
1270 3753 1325 3798 et
1363 3744 1517 3800 valde
1554 3746 1753 3817 impru-

177 3822 427 3878 dentibus
450 3824 813 3896 intelligibilia,
836 3829 973 3897 quod
999 3831 1322 3898 providentia
1344 3836 1592 3904 quapiam
1614 3834 1753 3891 facta

180 3917 289 3970 sint
332 3926 387 3971 et
426 3919 832 3975 contineantur?
868 3922 997 3989 Quis
1030 3925 1169 3978 enim
1208 3933 1316 3979 tam
1345 3927 1537 3980 stultus
1578 3938 1659 3982 cst
1699 3939 1755 3984 et

178 4007 460 4076 stupidus,
507 4010 596 4079 qui
634 4019 830 4066 tantam
870 4014 1061 4069 molem
1091 4029 1349 4083 cernens,
1395 4025 1593 4071 tantam
1636 4018 1755 4087 pul-

178 4096 537 4154 chritudinem
562 4141 579 4166 ,
626 4110 823 4158 tantam
847 4105 1283 4174 compositionem
1308 4147 1323 4172 ,
1370 4107 1551 4163 talium
1584 4109 1757 4164 conti-

180 4202 343 4241 nuam
391 4188 774 4248 elementorum
822 4208 1050 4262 pugnam
1099 4202 1154 4250 et
1202 4198 1651 4266 contrarietatem,
1700 4208 1754 4255 et

181 4280 634 4345 perseverantiam
657 4322 673 4348 ,
717 4298 821 4337 non
856 4284 993 4338 intra
1031 4286 1262 4356 seipsum
1289 4289 1666 4357 ratiocinetur,
1701 4300 1755 4346 et

179 4366 360 4421 dicat:
384 4368 490 4423 Nisi
521 4371 849 4438 providentia
878 4373 1118 4444 quaedam
1162 4384 1307 4431 esset
1334 4392 1614 4448 corporum
1643 4394 1756 4434 ma-

180 4457 510 4526 gnitudinem
541 4461 820 4527 cohibens,
848 4478 948 4518 nec
973 4464 1282 4532 permittens
1307 4474 1473 4520 totum
1499 4468 1754 4536 dissilire,

180 4563 284 4603 nec
320 4564 664 4619 permanere,
710 4568 809 4607 nec
841 4553 1033 4608 durare
1068 4556 1357 4623 potuisset?
1395 4556 1592 4612 Tantus
1629 4559 1756 4614 anni

180 4650 558 4709 tempestatum
591 4641 753 4708 ordo,
786 4652 928 4697 tanta
958 4644 1129 4698 noctis
1151 4653 1204 4699 et
1226 4645 1329 4700 diei
1355 4647 1752 4713 convenientia,

174 4739 258 4786 tot
290 4732 674 4787 irrationalium
710 4749 903 4803 genera
942 4735 1248 4790 animalium
1269 4775 1284 4802 ,
1311 4737 1606 4805 plantarum
1629 4779 1644 4805 ,
1672 4752 1757 4792 se-

174 4820 386 4874 minum
424 4830 476 4876 et
508 4823 789 4877 herbarum
822 4833 1063 4880 tenorem
1089 4841 1242 4881 suum
1273 4835 1519 4895 servant,
1545 4836 1598 4884 et
1623 4829 1755 4882 nihil

173 4913 231 4965 in
268 4921 585 4981 praesentem
624 4914 764 5001 diem
810 4931 981 4986 neque
1014 4917 1314 4985 intercidit,
1352 4934 1525 4991 neque
1549 4921 1758 4991 penitus

172 5012 553 5072 consumptum
596 5014 698 5060 est.

254 5091 310 5146 5.
354 5091 470 5147 Non
517 5092 633 5148 haec
680 5110 806 5150 vero
834 5105 1070 5165 tantum,
1112 5097 1207 5153 sed
1249 5106 1304 5153 et
1342 5098 1443 5152 alia
1486 5099 1651 5154 multo
1677 5101 1765 5156 his

182 5181 336 5253 plura
362 5194 416 5237 et
443 5184 787 5254 profundiora
811 5187 915 5241 dici
942 5197 1206 5258 poterant,
1247 5197 1301 5243 et
1337 5187 1405 5244 de
1430 5189 1542 5258 ipsa
1571 5191 1757 5245 disseri

179 5283 458 5340 creatura;
485 5275 580 5331 scd
603 5278 654 5330 in
679 5278 967 5333 crastinum
1011 5279 1099 5333 illa
1127 5278 1428 5334 differentes
1448 5319 1462 5345 ,
1507 5279 1644 5335 dicta
1674 5281 1758 5336 di-

178 5364 413 5427 ligenter
438 5364 669 5420 retinere
697 5375 752 5422 et
780 5368 833 5421 in
856 5367 989 5422 alios
1008 5366 1199 5422 efferre
1223 5368 1545 5424 Studeamus.
1567 5369 1632 5422 Et
1651 5370 1760 5423 scio

179 5455 400 5522 quidem
448 5457 830 5511 sententiarum
871 5456 1278 5527 profunditatem
1317 5460 1532 5513 auribus
1572 5461 1760 5517 vestris

181 5548 490 5603 inusitatam
518 5564 675 5618 esse,
714 5550 807 5605 sed
833 5551 876 5605 si
908 5566 1192 5620 parumper
1230 5551 1537 5621 vigilemus,
1581 5560 1635 5607 et
1676 5553 1760 5608 his

181 5656 283 5696 uos
326 5642 472 5711 ipsos
500 5642 959 5708 assuefaciamus,
1005 5645 1165 5698 etiam
1210 5643 1327 5698 aliis
1369 5643 1566 5698 erimus
1608 5644 1760 5699 facile

180 5735 455 5789 doctores.
494 5735 707 5791 interim
736 5751 861 5791 vero
878 5734 1008 5791 illud
1022 5734 1263 5791 eharitati
1294 5745 1480 5791 vestra:
1518 5751 1760 5792 necessa-

181 5828 326 5888 tium
347 5829 660 5887 estdicere:
682 5831 821 5887 sicut
840 5845 937 5889 nos
952 5829 1262 5903 giorificavit
1286 5831 1423 5889 Deus
1446 5845 1539 5903 per
1561 5840 1758 5887 tantam

1101 445 1195 500 AD
1236 442 1553 501 POPULUM
1592 443 2077 503 ANTIOCHENUM
2140 445 2370 501 llOMIL.
2407 446 2501 502 1X.

3323 452 3422 501 HU

1851 564 2170 623 creaturam,
2207 557 2275 609 ita
2306 571 2404 612 nos
2430 571 2638 626 quoque
2668 572 2760 626 per
2785 571 2971 628 puram
2998 557 3168 627 ipsum
3200 569 3426 611 cenvur-

1848 645 2105 701 sationem
2123 646 2495 717 glorificemus.
2516 645 2640 702 (Σωιὶ
2657 656 2893 701 enarrant
2906 647 3119 718 gloriam
3135 645 3234 703 Dei
3253 644 3425 716 (f’snl.

1849 737 1938 792 18.
1968 736 2026 809 2)
2050 778 2066 805 ,
2111 738 2236 793 dum
2268 749 2526 809 apparent
2554 740 2724 795 solum
2751 757 2765 793 :
2789 745 2842 795 et
2868 754 2966 795 nos
2993 739 3153 809 igitur
3182 739 3278 794 Dei
3307 740 3417 809 glu-

1849 830 1981 884 riam
2003 845 2331 897 enarramus,
2356 847 2460 885 non
2481 831 2718 886 dicentes
2739 838 2963 900 tantum,
2981 831 3074 887 sed
3094 839 3147 886 et
3163 839 3422 897 tacentes,

1850 928 1902 975 et
1927 920 2048 975 vita:
2069 922 2310 977 claritate
2336 937 2523 978 omnes
2549 924 2601 976 in
2634 923 3039 978 admirationem
3063 921 3423 978 adducentes:

1850 1011 2035 1065 Luceat
2063 1014 2227 1080 enim,
2259 1015 2374 1079 ait,
2408 1014 2498 1068 (ua:
2524 1023 2685 1068 vestra
2713 1030 2880 1068 coram
2920 1014 3232 1080 hominibus,
3271 1023 3324 1066 ut
3350 1015 3426 1067 ri-

1850 1102 2000 1156 deant
2027 1121 2178 1172 opera
2205 1114 2365 1158 vestra
2393 1105 2521 1159 bona
2539 1147 2554 1173 ,
2580 1116 2625 1159 et
2651 1105 2933 1176 gloriﬁcent
2976 1104 3183 1159 Patrem
3207 1115 3426 1158 vestrum

1849 1190 1936 1263 qui
1961 1204 2035 1248 est
2061 1196 2111 1249 in
2140 1194 2276 1249 uelis
2306 1194 2516 1267 (Matth.
2559 1197 2611 1252 5.
2646 1196 2755 1263 i6).
2797 1196 2929 1251 Cum
2955 1196 3097 1251 enim
3127 1195 3319 1250 viderit
3342 1196 3427 1249 in-

1852 1285 2023 1341 fidelis
2051 1296 2101 1341 te
2147 1286 2353 1340 fidelem
2381 1286 2731 1357 compositum
2757 1329 2771 1354 ,
2802 1286 3101 1342 modestum
3135 1329 3150 1352 ,
3179 1296 3427 1342 ornatum

1850 1392 1990 1444 esse,
2021 1379 2297 1434 mirabitur
2318 1388 2371 1435 et
2395 1379 2570 1435 dicet:
2595 1378 2732 1434 Vere
2762 1394 2982 1451 magnus
3004 1378 3425 1434 Christianorum

1852 1468 1993 1523 Deus
2015 1487 2029 1524 :
2050 1469 2235 1539 quales
2272 1471 2544 1526 constituit
2589 1470 2833 1526 homines
2855 1510 2871 1536 ,
2912 1469 3096 1540 quales
3121 1485 3152 1525 e
3186 1468 3428 1539 qualibus

1850 1558 1976 1612 fecit
2000 1559 2016 1613 ε
2042 1562 2259 1629 angelos
2296 1576 2361 1615 ex
2406 1561 2703 1617 hominibus
2752 1562 2896 1631 ipsos
2924 1559 3169 1616 reddidit.
3206 1559 3264 1614 Si
3306 1558 3426 1629 quis

1851 1649 2225 1705 contumeliam
2266 1651 2479 1717 fecerit,
2521 1666 2628 1706 non
2664 1648 3128 1705 convicianturzsi
3156 1648 3274 1719 quis
3304 1664 3431 1719 pera

1851 1741 2098 1809 cusscrit,
2129 1756 2237 1795 non
2262 1757 2402 1812 a‘gre
2429 1744 2606 1797 ferunt
2631 1760 2645 1797 :
2667 1743 2710 1796 si
2736 1742 2856 1811 quis
2882 1741 3129 1811 iniuriam
3155 1740 3426 1803 intulerit,

1852 1846 1948 1901 pro
1979 1831 2043 1886 iis
2068 1833 2158 1902 qui
2186 1846 2246 1887 se
2271 1832 2528 1901 laeserint,
2559 1844 2750 1888 orant:
2774 1833 3043 1887 inimicum
3075 1847 3180 1886 non
3208 1830 3421 1891 habent.

1852 1919 1984 1975 iram
2026 1931 2242 1977 servare
2277 1937 2382 1979 non
2429 1931 2652 1990 norunt,
2688 1923 2872 1994 nugari
2910 1922 3172 1989 nesciunt,
3215 1920 3424 1976 mentiri

1851 2028 1958 2068 non
2003 2014 2334 2080 didicerunt,
2386 2016 2627 2086 peierare
2674 2030 2778 2071 non
2822 2013 3113 2077 sustinent,
3168 2012 3276 2067 imo
3325 2025 3423 2065 nec

1847 2103 2055 2171 jurare,
2096 2105 2188 2160 sed
2233 2105 2463 2177 linguam
2489 2106 2658 2162 excidi
2687 2106 2937 2171 mallent,
2980 2119 3138 2174 quam
3168 2102 3328 2156 ullum
3357 2116 3420 2155 cx

1852 2208 1946 2249 ore
1982 2195 2339 2265 juramentum
2381 2199 2645 2252 emittere.
2687 2197 2814 2253 Ha‘c
2852 2197 2956 2251 illis
2998 2194 3327 2266 praebeamus
3358 2192 3429 2246 dc

1853 2285 2006 2341 nobis
2026 2286 2268 2352 dicenda,
2300 2297 2355 2343 et
2383 2288 2676 2358 improbam
2702 2288 3122 2357 juramentorum
3147 2291 3429 2340 consuetm

1854 2376 2031 2431 dinem
2059 2379 2386 2449 expellamus
2410 2397 2422 2432 :
2447 2387 2501 2433 et
2524 2378 2608 2433 vel
2637 2387 2837 2433 tantum
2877 2379 2984 2432 Deo
3011 2376 3306 2431 tribuamus
3332 2374 3430 2428 ho-

1854 2466 1999 2521 noris
2029 2507 2044 2532 ,
2099 2478 2350 2538 quantum
2397 2468 2729 2523 vestimentis
2772 2467 2967 2521 nostris
3001 2465 3425 2536 pretiosioribus.

1855 2556 2133 2624 Quomodo
2158 2558 2299 2612 enim
2330 2573 2436 2613 non
2466 2558 2753 2613 absurdum
2785 2566 2887 2623 est,
2915 2558 3283 2612 vestimentum
3314 2555 3428 2624 qui-

1855 2647 1976 2703 dem
2007 2648 2262 2704 habentes
2286 2648 2502 2719 reliquis
2527 2648 2715 2704 melius
2732 2691 2748 2714 ,
2793 2649 2908 2717 ipso
2951 2645 3257 2716 frequenter
3282 2644 3425 2700 abuti

1855 2753 1958 2794 non
1988 2741 2272 2805 sustinere,
2318 2740 2410 2794 Dei
2436 2754 2564 2794 vero
2590 2754 2783 2794 nomen
2812 2737 3006 2808 ubique
3033 2745 3233 2792 temere
3251 2778 3265 2802 ,
3292 2745 3347 2790 et
3374 2744 3429 2790 ut

1855 2831 2107 2899 occurrit,
2134 2830 2464 2886 distrahere?
2492 2830 2654 2901 Igitur
2680 2844 2868 2900 precor
2892 2837 2947 2883 et
2973 2826 3232 2898 snpplico,
3261 2841 3329 2882 ne
3352 2826 3430 2881 sic

1856 2923 2077 2977 salutem
2106 2931 2511 2977 contemnamus
2540 2931 2774 2977 nostram
2797 2962 2813 2988 ,
2859 2919 2951 2974 sed
2990 2918 3221 2974 studium
3241 2959 3257 2985 ,
3285 2918 3427 2986 quod

1855 3011 1923 3065 ab
1957 3011 2107 3066 initio
2133 3012 2273 3066 circa
2302 3011 2605 3066 mandatum
2637 3011 2777 3066 istud
2805 3010 3184 3064 adhibebamus
3203 3049 3226 3075 ι
3260 3007 3426 3065 dedu-

1857 3116 2041 3156 camus
2083 3101 2150 3156 ad
2180 3103 2356 3155 linem.
2387 3101 2671 3171 Propterea
2711 3117 2809 3171 ego
2837 3101 3140 3156 continuam
3179 3099 3248 3154 de
3284 3097 3430 3169 jura-
3478 3140 3481 3143 .

1856 3193 2050 3249 mentis
2102 3191 2528 3248 exhortationem
2579 3192 2752 3259 facio,
2803 3208 2908 3247 non
2960 3191 3102 3262 quod
3159 3199 3428 3260 torporem

1856 3292 2088 3340 vestrum
2124 3284 2467 3339 condemnem
2494 3324 2508 3348 ,
2554 3283 2647 3338 sed
2689 3283 2828 3353 quod
2868 3284 3123 3352 majorem
3165 3290 3367 3352 partem
3397 3297 3433 3336 a

1857 3374 2008 3429 vobis
2035 3382 2328 3429 correctam
2359 3374 2568 3427 videam
2600 3383 2690 3427 :et
2718 3372 2906 3427 studeo
2936 3372 3236 3442 festinoque
3262 3378 3427 3428 totum

1858 3463 2147 3534 perfectum
2173 3478 2320 3531 esse,
2350 3470 2404 3518 et
2425 3462 2585 3518 finem
2614 3463 2876 3532 accipere.
2916 3462 3005 3518 Sic
3028 3469 3083 3517 et
3106 3468 3430 3531 spectatores

1856 3555 2075 3625 faciunt,
2107 3556 2197 3627 qui
2220 3555 2416 3610 braviis
2441 3556 2711 3626 proximos
2735 3555 2902 3626 magis
2927 3556 3175 3610 excitant.
3206 3552 3314 3609 Nec
3334 3569 3428 3609 nos

1860 3646 2018 3716 igitur
2072 3646 2330 3701 lassemnr
2359 3663 2371 3700 :
2401 3661 2584 3701 sumus
2626 3647 2767 3700 enim
2824 3660 2988 3716 prope
3036 3647 3200 3700 totius
3251 3659 3431 3699 corrc-

1855 3738 2048 3793 ctionis
2093 3737 2282 3804 finem,
2331 3748 2384 3792 et
2430 3738 2568 3793 circa
2612 3736 2924 3807 principium
2969 3742 3084 3790 erat
3125 3733 3426 3789 difficultas.

1856 3827 2079 3895 Quando
2106 3843 2233 3884 vero
2260 3827 2656 3884 consuetudinis
2698 3826 2983 3897 plurimum
3012 3839 3155 3880 nunc
3181 3831 3263 3879 est
3288 3825 3428 3878 reci-

1857 3934 1998 3987 sum,
2024 3927 2082 3973 et
2105 3918 2371 3974 modicum
2396 3925 2673 3986 superest:
2695 3916 2803 3985 jam
2829 3930 2926 3970 nec
2951 3914 3058 3969 ullo
3086 3913 3269 3967 labore
3296 3927 3430 3982 opus

1857 4019 1972 4077 est,
2020 4009 2113 4066 sed
2157 4010 2365 4065 modica
2409 4009 2814 4072 observatione;
2865 4016 2920 4061 et
2961 4005 3106 4060 brevi
3156 4003 3427 4073 diligentia

1859 4116 2095 4171 egemus,
2126 4110 2185 4156 ut
2212 4100 2312 4174 ipsi
2335 4099 2559 4154 correcti
2585 4099 2703 4153 aliis
2726 4097 2973 4152 doctores
3004 4095 3201 4158 simus,
3232 4102 3427 4148 etcum

1859 4192 2051 4247 fiducia
2075 4206 2283 4246 sacrum
2314 4189 2508 4260 pascha
2539 4188 2832 4254 videamus,
2861 4195 3061 4242 etcum
3083 4184 3251 4240 multa
3273 4184 3427 4239 volu-

1858 4295 2001 4355 ptate
2043 4284 2255 4353 duplam
2293 4292 2349 4338 et
2385 4281 2598 4352 triplam
2641 4287 2948 4334 consuetam
2991 4278 3259 4347 capiamus
3291 4277 3425 4331 laeti-

1860 4375 2005 4429 tiam.
2033 4374 2147 4430 Non
2170 4373 2312 4428 enim
2339 4383 2539 4428 tantum
2566 4385 2665 4426 nos
2685 4369 2869 4441 jejunii
2896 4367 3166 4424 laboribus
3190 4375 3244 4423 et
3264 4365 3429 4423 sudo-

1859 4468 2004 4523 ribus
2030 4467 2276 4522 liberatos
2296 4478 2414 4520 esse
2447 4463 2675 4518 delectat
2692 4500 2706 4525 ,
2736 4469 2988 4531 quantum
3017 4473 3135 4514 cum
3161 4457 3353 4512 merito
3376 4465 3431 4512 et

1859 4558 2134 4630 splendida
2179 4572 2378 4613 corona
2420 4569 2587 4611 sacra:
2632 4553 2708 4609 illi
2756 4551 3077 4608 solemnitati
3118 4560 3427 4613 occurrere,

1860 4666 2057 4706 corona
2079 4664 2364 4719 numquam
2390 4653 2772 4701 marcescente.
2796 4640 2868 4699 Ut
2885 4653 3061 4697 autem
3089 4639 3313 4695 celerior
3341 4636 3429 4694 fiat

1861 4740 2184 4808 emendatio,
2226 4739 2327 4793 hoc
2363 4736 2446 4791 fac
2483 4735 2626 4806 quod
2650 4735 2802 4789 dico:
2826 4732 2999 4788 scribe
3023 4730 3075 4785 in
3104 4730 3304 4800 pariete
3328 4728 3431 4783 do-

1862 4845 1980 4885 mus
2010 4840 2112 4885 tute
2130 4870 2146 4893 ,
2174 4840 2228 4883 et
2253 4829 2309 4883 in
2334 4826 2512 4883 cordis
2540 4826 2613 4882 tui
2642 4825 2841 4896 pariete
2865 4821 3054 4878 falcem
3080 4821 3221 4876 illam
3249 4818 3431 4874 volan-

1863 4934 1990 4986 tem,
2020 4929 2075 4975 et
2099 4921 2234 4975 hanc
2258 4918 2324 4974 ad
2349 4917 2769 4973 maledictionem
2795 4914 2976 4973 volare
3002 4919 3125 4984 puta
3153 4909 3335 4982 (Zach.
3368 4910 3424 4964 ὃ.

1864 5010 1983 5081 1-5)
2006 5029 2017 5064 :
2042 5018 2097 5065 et
2123 5008 2334 5065 assidue
2368 5008 2535 5079 ipsam
2561 5007 2816 5076 recogita,
2848 5005 2960 5061 sive
2986 5003 3146 5061 alium
3165 5004 3431 5071 jurantem

1864 5101 2063 5166 videas,
2089 5099 2295 5164 cohibe,
2318 5108 2458 5165 veta,
2478 5105 2533 5152 et
2550 5110 2731 5152 curam
2756 5106 2966 5150 tuorum
2990 5107 3118 5164 gere
3135 5105 3430 5147 servorum.

1863 5192 1917 5246 Si
1939 5191 2079 5246 enim
2109 5190 2208 5245 hoc
2233 5189 2650 5253 consideremus,
2675 5186 2943 5257 quomodo
2968 5201 3073 5240 non
3100 5192 3303 5256 tantum
3332 5183 3432 5251 ipsi
3483 5197 3492 5205 ·

1866 5288 2009 5336 recte
2052 5294 2149 5335 nos
2173 5294 2455 5350 geramus,
2498 5277 2592 5332 sed
2637 5286 2691 5331 et
2718 5277 2851 5331 alios
2875 5277 2931 5331 in
2956 5275 3058 5330 hoc
3084 5274 3392 5328 inducamus
3413 5312 3430 5335 ,

1865 5371 2105 5426 celeriter
2128 5371 2225 5440 ipsi
2248 5369 2312 5425 ad
2334 5370 2493 5424 ﬁnem
2518 5367 2810 5423 veniemus.
2832 5367 2979 5422 Alios
2996 5365 3136 5420 enim
3163 5362 3434 5431 corrigere

1866 5463 2228 5533 aggredientes
2247 5504 2261 5526 ,
2295 5461 2657 5516 erubescimus
2681 5467 2735 5514 et
2758 5456 3149 5518 confundimur,
3177 5466 3294 5524 quae
3313 5453 3435 5513 aliis

1866 5555 2195 5621 mandamus,
2221 5556 2335 5610 haec
2353 5554 2453 5624 ipsi
2474 5555 2795 5608 amittentes.
2817 5550 2926 5605 Nec
2947 5547 3181 5619 pluribus
3199 5554 3283 5601 est
3299 5559 3439 5615 opus

1866 5646 2236 5701 sermonibus:
2260 5645 2423 5699 multa
2467 5644 2609 5699 enim
2648 5642 2792 5711 prius
2820 5649 2944 5694 sunt
2977 5645 3391 5692 commemorata
3414 5676 3433 5701 ,

1867 5745 1920 5793 et
1949 5736 2060 5792 haec
2085 5736 2400 5792 renovandae
2423 5733 2691 5789 memorite
2716 5739 2918 5786 tantum
2944 5744 3099 5785 causa
3121 5728 3259 5784 dicta
3285 5736 3431 5785 sunt.

1868 5828 2009 5884 Deus
2034 5841 2161 5883 vero
2184 5825 2272 5898 qui
2299 5825 2464 5896 magis
2492 5838 2648 5894 quam
2676 5837 2773 5879 nos
2798 5821 2992 5877 nostris
3020 5822 3185 5890 parcit
3210 5816 3425 5882 animis,
