3912 6230
1218 375 1272 428 S.
1313 372 1589 429 JOANNIS
1625 373 2103 430 ClllﬂSOSTOMl
2139 378 2457 436 ARCHIEP.
2497 381 3027 448 CONSTANTINOP.

496 497 551 541 et
576 488 629 542 in
662 486 764 542 hoc
799 495 855 543 et
892 488 943 541 in
979 487 1122 540 omni
1171 501 1267 541 nos
1302 488 1441 542 bono
1480 489 1743 557 perfectos
1789 490 1974 554 faciat,
2021 500 2080 546 ut

493 594 709 635 omnem
746 579 963 649 justitiae
1005 580 1236 633 fructum
1279 581 1547 650 assequuti
1571 622 1587 647 ,
1628 580 1883 636 cmlorum
1916 597 2081 652 regno

494 671 637 742 digni
664 685 1015 736 censeamur,
1053 671 1222 739 gratia
1249 681 1303 726 et
1334 671 1656 741 benignitate
1682 673 1890 726 Domini
1913 674 2080 728 nostri

2068 803 3043 829 ,Ἢ

3674 409 3777 465 ΗΞ

2191 493 2315 549 Jesn
2357 495 2584 565 Christi,
2635 513 2731 569 per
2770 518 2927 572 quem
2957 514 3159 561 etcum
3187 524 3292 579 quo
3319 511 3463 570 Patri
3488 517 3656 586 gloria
3694 526 3769 578 si-

2192 586 2409 657 mulque
2437 600 2621 644 sancto
2642 590 2883 661 Spiritui,
2915 595 2967 650 in
2994 597 3189 653 saecula
3212 603 3548 663 saeculorum.
3575 615 3766 670 Anien.

486 893 640 938 [AUS
684 894 902 939 EORUM
945 894 1054 947 QUI
1100 894 1251 938 POST
1292 895 1492 938 CIBUM
1533 896 1619 937 ΔΙ)
1675 894 2021 937 AUDIENDU}

2127 891 2468 950 r'ENBRANT,
2535 896 2616 939 ΕΤ
2686 899 3035 949 ΝΑτυιιΑιιε
3102 909 3310 954 MUNDI
3373 915 3761 978 ENA‘RRATIO,

642 993 799 1036 ITEM
843 993 1093 1039 CONTRA
1136 993 1440 1037 GENTILES
1472 993 1857 1037 CREATUBAM
1905 992 1986 1034 UT

2127 990 2208 1035 ΠΜ
2250 989 2588 1052 COLENTES,
2634 997 2716 1040 ET
2756 998 2839 1042 DE
2886 1003 3166 1051 VITANDO
3195 1010 3595 1061 JURAMENTO.

1894 1117 2314 1174 ςθίαῦσαοῦὶθο

1125 1260 1339 1300 ΙΟᾺΙΠΛΔ
1379 1260 1433 1298 Χ.

547 1340 599 1395 1.
639 1336 891 1407 Gaudeo,
928 1347 984 1394 et
1030 1338 1268 1409 gratulor
1298 1336 1544 1393 omnibus
1572 1335 1725 1392 vobis
1749 1375 1765 1402 ,
1792 1334 1934 1406 quod
1967 1333 2060 1388 ad-

475 1428 818 1484 monitionem
854 1439 1091 1484 nostram
1120 1470 1135 1497 ,
1167 1444 1325 1499 quam
1355 1443 1450 1497 pro
1471 1443 1575 1482 non
1617 1426 1977 1498 jejunantibus
2005 1433 2060 1480 et

474 1530 752 1589 propterea
794 1520 1104 1576 absentibus
1132 1535 1302 1590 nuper
1326 1518 1461 1582 feci,
1492 1535 1551 1573 re
1588 1517 1928 1588 praestitistis.
1957 1518 2060 1570 Ar-

472 1609 640 1663 bitror
659 1610 799 1663 enim
830 1610 1024 1664 inultos
1055 1611 1163 1678 jam
1188 1622 1411 1679 pransus
1435 1607 1597 1661 hodie
1627 1606 1815 1662 adesse
1848 1614 1900 1660 et
1941 1605 2057 1674 pul-

468 1702 651 1756 chram
685 1701 822 1757 hanc
850 1703 1003 1758 nobis
1043 1702 1268 1771 implere
1287 1703 1599 1756 concionem
1624 1717 1637 1754 :
1666 1709 1721 1755 et
1757 1699 1859 1754 hoc
1881 1699 2052 1767 conji-

467 1793 552 1846 cio
596 1809 661 1847 eo
684 1835 699 1857 ,
732 1792 875 1862 quod
922 1795 1152 1864 amplius
1195 1793 1346 1848 nobis
1387 1793 1649 1847 theatrum
1681 1791 1875 1846 factum
1904 1792 1973 1846 sit
1999 1800 2054 1846 et

467 1887 636 1956 major
662 1890 993 1946 audientium
1022 1894 1332 1946 conventus.
1355 1889 1471 1945 Non
1501 1889 1713 1953 frustra,
1737 1896 1793 1942 ut
1819 1887 2047 1954 videtur,

466 1979 663 2034 inultos
705 1980 775 2037 de
820 1983 950 2052 ipsis
994 1998 1270 2039 sermones
1311 1997 1482 2051 nuper
1527 1979 1920 2050 impendimus,
1951 1993 2047 2033 ve-

462 2077 625 2122 stram
655 2070 999 2127 exhertantes
1022 2072 1362 2136 charitatem,
1393 2071 1537 2141 ipsos
1577 2070 1644 2125 ad
1685 2080 1909 2124 matrem
1940 2080 2049 2122 tra-

463 2159 620 2227 here,
652 2163 793 2218 etiis
819 2165 1143 2234 persuadere
1181 2164 1324 2235 quod
1362 2165 1520 2219 liceat
1547 2172 1603 2219 et
1644 2171 1763 2232 post
1802 2164 2044 2234 corporis

458 2254 840 2311 nutrimentum
908 2257 1198 2328 Spiritualis
1263 2271 1402 2312 escae
1462 2256 1866 2326 participatione
1932 2270 2040 2310 non

456 2342 706 2401 fraudari.
739 2347 963 2418 Quando
991 2366 1154 2417 vero,
1198 2363 1412 2420 quaeso,
1443 2361 1541 2403 vos
1562 2389 1577 2411 ,
1601 2347 1814 2413 dilecti,
1848 2348 2039 2403 melius

453 2436 697 2493 fecistis?
727 2455 795 2494 an
828 2441 1093 2509 praeterita
1122 2441 1309 2511 synaxi
1336 2480 1351 2502 ,
1392 2437 1605 2508 quando
1642 2446 1765 2507 post
1798 2452 2035 2491 mensam

451 2529 517 2583 ad
543 2545 789 2585 somnum
820 2532 1293 2593 convertebamiui,
1324 2545 1389 2583 an
1416 2543 1561 2582 nunc
1588 2543 1706 2582 eum
1738 2537 1858 2596 post
1883 2544 2035 2583 men-

449 2634 563 2674 sam
591 2621 658 2676 ad
682 2622 888 2678 divinas
914 2624 1061 2694 leges
1102 2621 1396 2677 audiendas
1423 2619 1787 2674 convenistis?
1820 2620 2032 2689 quando

449 2714 504 2768 in
547 2712 666 2769 foro
709 2716 1181 2771 commorabamini
1205 2758 1220 2779 ,
1254 2723 1310 2770 et
1351 2726 1698 2768 consessuum
1743 2710 1875 2766 nihil
1905 2710 2031 2766 boui

449 2806 755 2863 habentium
806 2810 1089 2879 participes
1139 2810 1302 2865 eratis
1325 2850 1339 2873 ,
1373 2821 1439 2861 an
1485 2819 1628 2858 nunc
1659 2803 1871 2873 quando
1906 2819 2028 2859 cum

445 2896 700 2951 fratribus
728 2900 922 2954 vestris
948 2898 1101 2955 statis
1140 2910 1195 2955 et
1237 2901 1577 2970 propheticus
1615 2918 1892 2960 sermones
1934 2920 2029 2959 au-

440 2986 602 3041 ditis?
620 2987 736 3044 Non
761 3000 844 3044 est
872 2990 1158 3060 ignominia
1179 2991 1461 3048 comedere
1478 3035 1495 3061 ,
1524 2995 1732 3062 dilecti,
1764 2996 1858 3050 sed
1881 3011 2027 3051 sum-

442 3089 532 3145 pto
559 3078 682 3134 cibo
704 3080 848 3136 domi
869 3098 1145 3137 remanere
1171 3092 1225 3139 et
1260 3084 1357 3139 hac
1381 3099 1530 3140 sacra
1557 3087 1893 3142 solemnitate
1917 3089 2027 3157 pri-

439 3171 572 3225 vari.
601 3171 754 3226 Domi
771 3174 914 3227 enim
935 3188 1157 3228 manens
1192 3175 1413 3230 Otiosior
1436 3176 1544 3230 eris
1560 3186 1615 3231 et
1642 3177 1890 3247 segnior:
1918 3178 2023 3234 huc

436 3272 615 3318 autem
639 3264 859 3319 veniens
881 3306 897 3331 ,
927 3280 1140 3320 omnem
1181 3280 1427 3321 somnum
1465 3275 1521 3322 et
1549 3276 1816 3338 torporem
1856 3284 2020 3324 excu-

435 3353 569 3420 ties,
606 3370 706 3410 nec
736 3365 1003 3426 torporem
1048 3372 1178 3412 vero
1222 3364 1463 3423 tantum,
1509 3359 1601 3414 sed
1647 3367 1702 3413 et
1752 3359 2017 3415 tristitiam

430 3462 645 3500 onmem
674 3447 949 3514 deponens
968 3490 984 3516 ,
1014 3447 1223 3503 facilior
1250 3457 1304 3504 et
1344 3450 1517 3504 laetior
1557 3449 1609 3503 in
1636 3451 1881 3505 omnibus
1909 3452 2016 3507 eris

428 3536 661 3591 casibus.
690 3537 758 3591 Et
784 3538 908 3607 quid
947 3553 1079 3608 opus
1117 3548 1199 3593 est
1241 3539 1391 3608 plura
1426 3538 1641 3593 dicere?
1668 3539 1760 3594 Sta
1810 3548 2014 3594 tantum

428 3643 596 3698 prope
642 3628 1010 3698 jejunantem,
1060 3640 1117 3686 et
1162 3631 1328 3700 ipsius
1379 3631 1556 3685 statim
1604 3631 1789 3686 odoris
1836 3631 2016 3687 suavi-

427 3728 588 3773 tatem
618 3720 840 3775 senties.
882 3719 1014 3775 Nam
1039 3721 1127 3791 qui
1150 3720 1355 3791 jejunat
1375 3760 1391 3785 ,
1439 3729 1761 3790 unguentum
1790 3729 1872 3776 est
1899 3723 2011 3791 spi-

423 3809 653 3874 rituale,
681 3820 738 3865 et
781 3826 876 3880 per
909 3812 1092 3866 oculos
1117 3820 1169 3866 et
1196 3826 1292 3881 per
1334 3812 1563 3881 linguam
1601 3822 1653 3866 et
1700 3827 1795 3881 per
1831 3816 2009 3870 omnia

422 3901 620 3957 bonam
666 3902 859 3957 animm
895 3901 1298 3971 dispositionem
1340 3903 1621 3957 exhibens.
1646 3902 1771 3958 llaec
1804 3919 1908 3958 non
1951 3915 2009 3961 ut

420 4009 652 4065 pransus
677 4010 925 4051 accusem
959 3995 1066 4051 dixi
1090 4036 1106 4062 ,
1136 3993 1232 4051 sed
1254 4004 1312 4050 ut
1337 3994 1522 4066 jejunii
1548 3996 1753 4051 lucrum
1778 3996 2005 4055 demon-

421 4097 609 4145 strem.

492 4181 713 4237 Praestat
740 4181 941 4236 verbum
967 4180 1061 4236 Dei
1100 4181 1280 4235 audire
1305 4196 1454 4250 quam
1473 4180 1732 4251 jejunare.
1759 4210 1830 4220 -
1851 4180 2002 4252 Jeju-

420 4275 568 4331 nium
603 4290 734 4330 vero
777 4291 883 4330 non
912 4276 1152 4331 ciborum
1181 4274 1561 4330 abstinentiam
1605 4284 1810 4328 tantum
1838 4274 1959 4329 dico
1979 4315 1996 4340 ,

415 4364 512 4421 sed
540 4373 596 4421 et
609 4374 944 4435 peccatorum
972 4364 1146 4435 fugam
1168 4366 1336 4435 magis
1363 4380 1520 4435 quam
1544 4364 1684 4418 illam
1708 4382 1722 4417 :
1751 4367 2000 4433 quoniam

414 4467 472 4516 et
499 4460 846 4524 convivatus,
869 4467 925 4513 et
963 4458 1068 4513 huc
1106 4472 1226 4511 cum
1271 4456 1531 4511 modestia
1563 4455 1831 4525 profectus
1872 4470 2001 4510 con-

412 4567 542 4623 grua
561 4592 579 4619 ,
610 4566 715 4605 non
744 4549 913 4606 multo
936 4565 966 4604 a
989 4548 1263 4619 jejunante
1301 4547 1531 4602 vincitur
1560 4564 1574 4601 :
1603 4546 1740 4602 sicut
1764 4545 1994 4601 vicissim

409 4643 658 4715 jejunans
694 4658 796 4698 nec
821 4657 942 4697 cum
985 4640 1165 4696 studio
1196 4650 1251 4696 et
1273 4638 1545 4711 diligentia
1574 4639 1640 4694 iis
1664 4654 1784 4709 qua:
1806 4637 1995 4692 dicun-

411 4745 502 4791 tur
531 4735 842 4800 attendens,
881 4732 1013 4789 nihil
1039 4750 1106 4790 ex
1134 4733 1237 4789 hoc
1252 4733 1459 4803 jejunio
1488 4747 1737 4801 magnum
1765 4728 1996 4785 lucrabi-

412 4837 515 4882 tur.
555 4827 855 4882 Comedens
898 4827 1042 4882 enim
1084 4835 1138 4882 et
1178 4824 1454 4880 concionis
1507 4832 1708 4879 sancta:
1757 4837 1994 4893 congruo

407 4919 588 4975 studio
616 4919 925 4989 participem
952 4933 1013 4975 se
1041 4918 1262 4984 faciens,
1286 4916 1416 4972 nihil
1453 4915 1768 4971 comedente
1805 4923 1861 4969 et
1898 4915 1996 4967 ab-

405 5021 562 5068 sente
586 5010 758 5066 multo
785 5011 973 5066 melior
997 5018 1081 5066 est
1109 5028 1122 5062 :
1151 5024 1256 5064 non
1283 5008 1424 5063 enim
1459 5014 1662 5061 tantum
1693 5019 1791 5060 nos
1820 5004 1993 5059 inedia

404 5105 660 5173 adjuvare
706 5104 933 5174 poterit,
964 5111 1217 5173 quantum
1247 5099 1464 5171 prodest
1489 5109 1543 5154 et
1566 5099 1766 5154 bonum
1793 5096 1991 5164 affert,

404 5195 669 5267 spirituali
697 5194 991 5264 disciplina:
1021 5196 1300 5248 interesse.
1334 5190 1559 5247 Ubinam
1607 5189 1722 5244 haec
1768 5187 1985 5253 audies,

402 5303 523 5357 quas
549 5287 637 5342 hic
666 5284 1102 5357 philosopharis?
1131 5284 1186 5339 Si
1217 5282 1276 5337 in
1301 5282 1473 5337 lorum
1520 5280 1680 5335 iveris
1701 5321 1718 5346 ,
1749 5279 1880 5335 rixae
1916 5279 1989 5333 ibi

401 5391 456 5435 et
485 5397 673 5451 pugna:
702 5397 717 5434 :
748 5378 793 5433 si
824 5379 875 5432 in
897 5377 1119 5439 curiam,
1146 5375 1377 5431 civilium
1407 5388 1585 5429 rerum
1620 5387 1746 5427 cura
1771 5388 1785 5424 :
1816 5370 1863 5425 si
1889 5370 1988 5425 do-
2019 5446 2022 5455 Δ

401 5488 585 5540 mum,
618 5474 940 5543 privatarum
984 5467 1281 5525 sollicitudo
1327 5465 1560 5535 undique
1585 5463 1771 5534 afﬂigit
1802 5480 1815 5516 :
1858 5461 1903 5516 si
1934 5462 2004 5515 irr

399 5565 504 5620 fon'
529 5562 896 5621 conventicula
926 5571 979 5617 et
1002 5574 1284 5615 consessus
1305 5599 1319 5619 .
1354 5557 1531 5610 omnia
1563 5554 1668 5608 illic
1692 5564 1902 5609 terrena
1931 5561 1987 5606 et

399 5656 764 5725 corruptibilia
793 5673 808 5711 :
839 5655 925 5711 vel
954 5653 1095 5709 enim
1123 5651 1190 5706 de
1210 5648 1513 5711 venalibus,
1539 5645 1623 5700 vel
1648 5644 1714 5700 de
1740 5642 1949 5698 tributis
1969 5684 1984 5708 ,

404 5753 487 5806 vel
513 5752 582 5805 de
607 5752 746 5805 lauta
772 5764 955 5804 mensa
980 5790 995 5815 ,
1026 5747 1110 5804 vel
1145 5746 1212 5802 de
1236 5758 1484 5815 agrorum
1523 5739 1828 5797 venditione
1848 5780 1863 5806 ,
1896 5737 1987 5793 vel

403 5844 473 5902 de
500 5844 617 5901 aliis
646 5842 1002 5901 contractibus
1021 5881 1036 5910 ,
1069 5841 1155 5898 vel
1182 5839 1250 5898 de
1277 5835 1605 5896 testamentis
1627 5876 1642 5905 ,
1698 5828 1785 5889 vel
1800 5826 1866 5886 de
1882 5826 1990 5884 bte-

2172 1238 2483 1301 reditatibus
2504 1288 2520 1312 ,
2549 1250 2630 1304 vel
2659 1249 2726 1306 de
2761 1253 2877 1310 aliis
2904 1257 3096 1315 talibus
3133 1276 3164 1316 a
3203 1266 3407 1320 cunctis
3445 1283 3511 1323 eo
3552 1285 3758 1329 conve-

2168 1330 2434 1392 nientibus
2470 1355 2744 1401 sermones
2780 1346 3062 1407 habentur.
3092 1354 3156 1409 Et
3183 1357 3226 1409 si
3257 1359 3308 1411 in
3339 1360 3503 1428 ipsam
3538 1368 3751 1421 veneris

2167 1426 2365 1494 regiam
2385 1469 2401 1495 ,
2427 1440 2479 1485 et
2508 1433 2612 1488 illic
2641 1452 2852 1494 rursum
2882 1456 3070 1499 omnes
3093 1426 3415 1506 disserentes
3453 1456 3637 1512 audies
3680 1460 3750 1514 de

2165 1518 2424 1613 pecuniis,
2453 1520 2521 1576 de
2547 1527 2800 1594 potentia,
2828 1530 2896 1585 de
2923 1532 3090 1601 gloria
3110 1577 3124 1602 ,
3147 1552 3266 1606 quae
3295 1541 3380 1595 hic
3413 1542 3706 1601 honoratur
3725 1590 3745 1613 ,

2162 1608 2436 1677 spirituale
2463 1630 2590 1670 vero
2614 1618 2741 1672 nihil
2774 1638 2788 1675 :
2822 1621 2910 1677 hic
2940 1640 3066 1680 vero
3093 1632 3416 1686 contrarium
3445 1644 3610 1690 totum
3629 1678 3645 1702 ,
3674 1608 3746 1696 de

2160 1700 2226 1755 iis
2251 1718 2370 1772 qua:
2395 1706 2446 1759 in
2474 1708 2606 1763 ea‘lo
2628 1723 2749 1766 sunt
2776 1714 2953 1782 rebus,
2985 1717 3053 1772 de
3080 1720 3277 1788 anima,
3305 1723 3372 1778 de
3395 1725 3501 1779 vita
3535 1741 3739 1796 nOStra,

2158 1803 2212 1848 et
2249 1812 2413 1865 quare
2438 1798 2560 1854 facti
2603 1819 2813 1870 sumus,
2846 1816 2900 1861 et
2925 1824 3089 1879 quare
3133 1811 3220 1868 hic
3249 1823 3449 1872 tantum
3483 1823 3742 1891 temporis

2155 1900 2564 1984 commoremur,
2585 1905 2638 1948 et
2657 1896 2722 1949 ad
2749 1914 2865 1966 qua:
2895 1898 3020 1956 hinc
3050 1904 3355 1975 migramus,
3385 1920 3438 1964 et
3462 1913 3587 1980 quid
3616 1928 3737 1984 post

2155 1974 2269 2030 haec
2297 1993 2395 2033 nos
2423 1984 2672 2051 suscipiet
2700 2027 2716 2051 ,
2748 1998 2803 2041 et
2830 2005 2987 2059 quam
3017 1993 3086 2047 ob
3109 2010 3323 2051 causam
3344 1974 3518 2056 nobis
3539 1974 3736 2074 corpus

2150 2076 2234 2121 est
2264 2069 2458 2126 luteum
2485 2115 2499 2139 ,
2528 2084 2582 2129 et
2609 2094 2726 2146 qua:
2753 2083 2938 2136 mortis
2971 2096 3157 2141 natura
3179 2129 3195 2154 ,
3238 2091 3363 2160 quid
3407 2095 3619 2150 tandem
3634 2069 3735 2154 est

2150 2172 2386 2226 praesens
2407 2164 2512 2218 vita
2539 2176 2592 2220 et
2617 2184 2734 2237 quae
2761 2171 2930 2225 futura
2963 2192 2978 2229 :
3016 2176 3147 2231 nihil
3175 2194 3388 2246 prorsus
3416 2193 3685 2241 terrenum
3711 2229 3730 2254 ,

2145 2251 2239 2303 sed
2267 2266 2454 2308 omnes
2477 2255 2545 2311 de
2572 2260 2933 2328 spiritualibus
2953 2279 3227 2326 sermones
3250 2273 3401 2328 nobis
3424 2251 3729 2346 habentur

2144 2350 2198 2396 et
2245 2359 2431 2413 magna
2467 2349 2653 2405 salutis
2697 2364 2892 2409 nostras
2932 2358 3121 2415 viatica
3154 2364 3457 2435 capientes,
3486 2369 3609 2425 hinc
3650 2371 3730 2426 ita

2142 2445 2262 2486 cum
2291 2434 2429 2491 bona
2460 2452 2555 2508 spe
2583 2443 2945 2512 migrabimus.

2211 2524 2264 2579 2.
2300 2527 2558 2595 Quoniam
2583 2533 2742 2603 igitur
2771 2553 2876 2592 non
2908 2547 3106 2596 temere
3131 2545 3331 2599 semina
3353 2545 3600 2618 jecimus,
3621 2554 3721 2608 sed

2139 2615 2276 2670 sicut
2303 2632 2398 2672 vos
2437 2621 2746 2679 exhortatus
2769 2624 2993 2694 fueram,
3025 2645 3213 2687 omnes
3234 2636 3323 2704 qui
3350 2652 3418 2692 ex
3446 2615 3594 2696 vobis
3615 2642 3725 2698 de-

2135 2706 2406 2770 fecerant.
2439 2715 2613 2769 venati
2642 2718 2771 2772 estis
2799 2736 2814 2773 :
2845 2736 2942 2791 age
2967 2730 3024 2777 et
3062 2738 3160 2779 nos
3198 2725 3347 2783 vobis
3373 2733 3595 2800 gratiam
3622 2750 3724 2792 re-

2136 2801 2427 2869 pendamus
2454 2816 2509 2860 et
2537 2821 2703 2876 pauca
2744 2812 2897 2868 vobis
2943 2815 3091 2883 prius
3117 2815 3379 2875 dictorum
3409 2822 3462 2876 in
3504 2840 3720 2883 memo—

2131 2890 2265 2945 riam
2327 2906 2673 2965 revocantes,
2719 2899 2920 2970 reliqua
2961 2919 3169 2975 quoque
3222 2909 3527 2968 reddamus.
3580 2914 3719 2983 Qua:

2129 2980 2288 3052 igitur
2311 2986 2456 3054 prius
2488 2999 2612 3043 sunt
2638 2989 2778 3046 dicta
2799 2992 2822 3046 ?
2841 2992 3218 3060 Quzerebamus
3242 3003 3469 3072 qualiter
3491 3015 3546 3061 et
3572 2980 3719 3077 quo-

2127 3076 2289 3130 modo
2316 3088 2456 3153 ante
2497 3080 2889 3152 Scripturarum
2937 3089 3133 3145 donum
3184 3108 3269 3148 res
3313 3105 3521 3152 nostras
3567 3076 3717 3156 Deus

2124 3165 2387 3236 disposuit
2411 3188 2425 3225 :
2450 3179 2505 3226 et
2528 3172 2865 3244 dicebamus,
2903 3180 3043 3249 quod
3071 3197 3166 3249 per
3185 3194 3481 3240 creaturam
3509 3187 3716 3247 docue-

2123 3261 2193 3313 rit
2234 3275 2404 3329 genus
2437 3279 2677 3319 nosuum
2700 3308 2715 3331 ,
2747 3269 2935 3324 coelum
2977 3274 3268 3331 extendens
3294 3289 3349 3332 et
3376 3279 3431 3332 in
3471 3281 3713 3337 medium

2121 3367 2425 3421 proponens
2447 3396 2463 3422 ,
2496 3360 2787 3414 maximum
2829 3362 3018 3417 librum
3049 3364 3226 3421 idiotis
3251 3376 3305 3422 et
3332 3371 3662 3438 sapientibus
3683 3414 3707 3443 ,

2122 3444 2438 3511 pauperibus
2466 3455 2521 3501 et
2547 3448 2816 3518 divitibus,
2844 3451 3056 3524 Scythis
3079 3463 3134 3508 et
3157 3456 3420 3525 Barbaris,
3449 3469 3504 3515 et
3527 3464 3710 3518 omni-

2119 3531 2219 3587 bus
2243 3536 2564 3604 generaliter
2593 3547 2788 3594 terram
2820 3541 3179 3599 habitantibus
3208 3548 3389 3603 utilem
3414 3589 3428 3614 ,
3458 3550 3652 3607 librum
3683 3555 3706 3587 '

2115 3627 2283 3682 multo
2346 3629 2603 3699 majorem
2652 3648 2834 3686 eorum
2886 3635 2975 3704 qui
3031 3635 3290 3692 docentur
3337 3640 3697 3699 multitudine.

2114 3716 2275 3771 Multa
2307 3720 2467 3774 etiam
2505 3720 2572 3775 de
2600 3733 2753 3778 nocte
2778 3732 2832 3777 et
2859 3724 2976 3789 die,
3003 3736 3058 3780 et
3083 3726 3269 3781 horum
3293 3731 3478 3785 ordine
3498 3773 3512 3796 ,
3542 3744 3599 3787 et
3623 3735 3701 3789 de

2112 3813 2479 3868 convenientia
2521 3812 2589 3868 ab
2614 3815 2742 3883 ipsis
2766 3831 2884 3870 cum
2915 3816 3183 3887 diligentia
3209 3828 3416 3874 servata
3439 3811 3725 3878 disserui?

2111 3915 2231 3955 mus
2254 3918 2268 3954 :
2299 3904 2462 3958 multa
2489 3914 2544 3959 et
2571 3905 2639 3960 de
2665 3916 3034 3976 tempestatum
3064 3910 3188 3964 anui
3209 3926 3451 3977 numero,
3475 3928 3699 3969 earum-

2109 4006 2213 4062 que
2255 3995 2576 4064 aequalitate.
2619 3996 2767 4052 Sicut
2815 3999 2960 4053 enim
2999 3999 3114 4054 dies
3167 4009 3326 4056 nocte
3365 4018 3432 4057 ne
3472 4002 3695 4060 dimidia

2107 4084 2321 4153 quidem
2354 4086 2484 4140 hora
2529 4087 2647 4156 plus
2690 4086 2851 4143 habet
2897 4104 2994 4158 per
3035 4100 3204 4146 totum
3244 4106 3440 4146 annum
3464 4134 3481 4160 ,
3509 4095 3588 4148 sic
3635 4106 3697 4151 et

2108 4175 2191 4228 ha:
2233 4176 2372 4230 inter
2406 4191 2466 4232 se
2492 4193 2559 4232 ex
2597 4193 2752 4248 aequo
2788 4178 2909 4234 dies
2944 4195 3131 4235 omnes
3174 4180 3559 4237 distribuerunt
3588 4201 3604 4239 :
3635 4197 3695 4240 et

2105 4266 2245 4337 quod
2290 4269 2437 4336 prius
2482 4269 2763 4339 dicebam,
2816 4287 2923 4326 non
2976 4272 3281 4342 magnitudo
3325 4285 3584 4330 creatum
3633 4288 3696 4331 et

2104 4355 2445 4426 pulchritudo
2495 4368 2696 4413 tantum
2749 4370 3044 4417 creatorem
3096 4361 3456 4429 demonstrat,
3487 4364 3584 4420 sed
3630 4376 3693 4421 et

2102 4450 2217 4518 ipse
2242 4452 2717 4520 coagmentationis
2743 4452 2932 4508 modus
2954 4492 2970 4519 ,
3002 4462 3058 4508 et
3098 4454 3238 4525 quod
3265 4471 3426 4525 super
3462 4465 3689 4512 natura-

2100 4543 2206 4598 lem
2252 4544 2686 4614 consequentiam
2742 4545 2812 4599 sit
2864 4545 3055 4600 modus
3106 4547 3413 4601 creationis.
3467 4547 3692 4603 Natura

2100 4648 2293 4702 nempe
2316 4634 2692 4704 consequentia
2721 4643 2856 4698 erat,
2880 4649 3069 4705 aquam
3096 4650 3256 4705 super
3283 4646 3477 4690 terram
3507 4636 3637 4692 ferri
3666 4656 3686 4694 :

2098 4741 2240 4782 nunc
2292 4741 2419 4781 vero
2461 4726 2787 4780 contrarium
2837 4727 3116 4794 videmus,
3166 4737 3362 4781 terram
3413 4726 3483 4781 ab
3529 4730 3688 4799 aquis

2096 4816 2246 4874 ferri.
2274 4817 2486 4872 Naturae
2523 4826 2638 4873 erat
2675 4819 3072 4888 consequentia,
3106 4819 3279 4890 ignem
3309 4819 3376 4873 ad
3401 4821 3684 4889 superiora

2096 4925 2311 4967 currere
2339 4927 2354 4963 :
2381 4924 2525 4964 nunc
2583 4923 2711 4963 vero
2765 4909 3087 4963 contrarium
3136 4908 3410 4975 videmus,
3458 4908 3686 4966 inferius

2096 5016 2292 5062 terram
2319 5020 2506 5061 versus
2530 5020 2818 5061 conversos
2846 5005 2976 5060 solis
3010 5005 3215 5068 radios,
3248 5015 3301 5059 et
3325 5020 3491 5075 aquas
3517 5019 3691 5075 super

2091 5099 2255 5156 cmlos
2290 5114 2441 5164 esse,
2470 5108 2523 5153 et
2552 5114 2657 5152 non
2682 5098 2924 5152 consumi
2953 5114 2968 5163 ;
3014 5097 3182 5153 solem
3231 5098 3417 5152 subtus
3455 5112 3685 5153 curren-

2094 5200 2200 5245 tem
2238 5205 2343 5245 non
2383 5189 2647 5257 exstingui
2675 5189 2745 5243 ab
2787 5189 2958 5258 aquis,
2990 5202 3091 5242 nec
3130 5185 3502 5241 hinniditatem
3533 5187 3683 5243 illam

2091 5283 2395 5335 absumere.
2427 5279 2505 5334 Ad
2556 5278 2670 5333 hinc
2715 5279 2946 5333 diximus
2970 5319 2986 5345 ,
3018 5295 3086 5333 ex
3124 5287 3349 5349 quatuor
3394 5278 3684 5335 elementis

2093 5373 2193 5428 hoc
2219 5382 2385 5427 totum
2414 5372 2707 5426 consistere
2746 5371 2882 5425 inter
2920 5386 2978 5425 se
3003 5372 3283 5425 contrariis
3311 5384 3366 5424 et
3391 5373 3685 5441 pugnanti-

2092 5467 2189 5521 bus
2212 5507 2228 5531 ,
2254 5476 2308 5520 et
2348 5467 2571 5519 alterum
2599 5464 2822 5517 alterum
2854 5479 2958 5517 non
2990 5477 3338 5529 consumere,
3369 5462 3497 5516 licet
3538 5465 3684 5518 alte-

2091 5574 2207 5612 rum
2238 5558 2304 5610 ab
2330 5556 2498 5610 altero
2528 5564 2709 5609 natura
2741 5568 2838 5608 sua
2862 5553 3101 5607 consumi
3129 5552 3339 5606 debeat.
3370 5551 3528 5608 Unde
3561 5569 3684 5609 ma-

2091 5646 2360 5713 nifestum,
2392 5645 2533 5717 quod
2563 5647 2728 5700 virtus
2753 5644 2995 5714 quaedam
3036 5644 3314 5698 invisibilis
3356 5643 3474 5699 lucc
3522 5647 3685 5701 coin-

2153 5838 2167 5867 ¹
2198 5840 2389 5894 vocem,
2414 5828 2609 5889 librum,
2631 5827 2709 5878 hic
2726 5827 3101 5889 interposuimus
3121 5822 3343 5878 savilium
3366 5829 3550 5876 secut..
