3920 6224
78 402 179 457 ιιι

75 516 522 589 καταξιωθῶμεν
556 518 657 589 τῆς
697 518 970 590 βασιλείας
1003 519 1110 572 τῶν
1140 519 1384 592 οὐρανῶν
1406 564 1423 586 ,
1452 521 1630 592 χάριτι
1665 520 1759 574 καὶ

80 606 486 678 φιλανθρωπίᾳ
525 608 620 661 τοῦ
667 608 868 677 Κυρίου
916 607 1071 678 ἡμῶν
1106 609 1278 679 Ἰησοῦ
1312 608 1567 680 Χριστοῦ,
1611 609 1679 662 δι’
1705 600 1767 660 οὐ

202 811 534 823 ἀ--α--ιι

538 811 777 821 ψ

784 810 1177 821 ...Ψ-ρ*-

1114 405 1213 479 λι)
1252 403 1581 461 POPULUM
1623 403 2130 461 ANTIOCHENUM
2171 405 2404 464 IIOMIL.
2439 406 2510 464 Χ.

3443 410 3548 462 ΗΞ

1880 523 1972 574 καὶ
1999 521 2115 593 μεθ’
2141 515 2204 575 οὐ
2253 521 2331 594 τῷ
2359 521 2538 592 ῐΙιιιτρὶΙ
2571 521 2604 592 ή
2633 518 2761 584 δόξα
2800 519 2915 592 ἅμα
2952 520 3030 593 τῷ
3071 520 3211 592 ἁγίῳ
3248 520 3547 591 Πνεύματι,

1877 609 1958 671 εἰς
1984 608 2111 671 τούς
2138 607 2341 671 αίῶνας
2369 606 2479 661 τῶν
2503 605 2735 661 αίώνων.
2772 607 2966 680 Ἀμήν.

3390 808 3444 827 ἒ⁴

75 935 384 1001 Ἐπαινος
411 934 532 988 τῶν
570 935 720 1003 μετά
748 934 862 1002 τὴν
895 934 1170 1013 ἑστίασιν
1199 933 1629 1001 ἀπηντηκότων
1660 934 1748 997 εἰς
1784 931 1899 999 τὴν·
1922 932 2247 999 ἀκρόασιν·
2277 930 2376 984 καὶ
2400 933 2764 1002 φυσιολογιά
2787 935 3015 1002 κόσμου
3037 952 3052 966 ο
3079 935 3175 988 καί
3234 937 3384 991 κατὰ
3428 935 3546 991 τῶν

973 1026 1405 1081 θεοποιούντων
1444 1026 1557 1093 τὴν
1588 1026 1820 1079 κτίσιν’
1857 1024 1953 1077 καί
1985 1023 2117 1090 περί
2152 1021 2261 1075 τοῦ
2282 1021 2369 1092 μὴ
2401 1023 2667 1092 ὀμνύειν.

780 1255 1009 1325 Ὁμιλία
1044 1262 1097 1308 ι’.

1876 1253 2042 1324 ἡγὰρ
2086 1253 2214 1323 περὶ
2262 1252 2370 1305 τῶν
2403 1252 2661 1323 ώνίων,ή
2709 1256 2840 1326 περὶ
2876 1255 2987 1314 τῶν
3024 1258 3313 1330 εἰσφορῶν,
3346 1260 3380 1331 ἢ
3417 1263 3545 1334 περὶ

156 1347 439 1418 α’.Χαίρω
451 1344 545 1399 καὶ
559 1345 837 1415 συγχαίρω
851 1347 1044 1398 ’ττιῖισινιι
1065 1346 1211 1415 ὑμῖν,
1237 1345 1321 1398 ὅτι
1344 1346 1440 1414 τὴν
1455 1345 1771 1413 παραίνεσιν
1872 1339 2153 1412 τραπέζης
2183 1340 2532 1405 πολυτελοῦς.
2566 1341 2599 1412 ἢ
2636 1343 2762 1413 περὶ
2801 1343 3018 1414 χωρίων
3041 1345 3321 1419 πράσεως,
3349 1349 3384 1419 ἢ
3415 1351 3546 1421 περὶ

74 1435 271 1506 ἡμῶν,
303 1437 369 1506 ἢν
406 1435 546 1506 ὑπὲρ
581 1434 689 1487 τῶν
723 1433 797 1504 μὴ
821 1434 1189 1506 νηστευόντων
1214 1436 1307 1488 καὶ
1330 1433 1418 1487 διὰ
1447 1432 1605 1487 τοῦτο
1631 1434 1767 1487 ἀπο-

73 1521 515 1592 λιμπανομένων
551 1520 927 1591 ἐποιησάμεθα
960 1520 1171 1591 πριῖιην,
1196 1522 1276 1584 είς
1304 1519 1463 1592 ἔργον
1495 1521 1653 1590 ὑμεῖς
1676 1520 1767 1585 ἐξ-

72 1608 386 1680 ηνέγκατε.
439 1608 548 1660 Καὶ
593 1608 701 1678 γὰρ
750 1607 978 1671 πολλοὺς
1030 1602 1185 1677 οἶμαι
1230 1606 1339 1661 τῶν
1392 1608 1767 1677 ἠριστηκότων

75 1701 354 1770 παρεῖναι
381 1698 652 1769 τήμερον,
690 1698 788 1750 καὶ
816 1697 907 1750 τὸν
938 1696 1100 1751 καλὸν
1132 1699 1263 1768 ήμῖν
1288 1697 1543 1767 σύλλογον
1578 1695 1766 1750 τοῦτον

74 1785 374 1857 πληροῦνο
418 1785 513 1838 καὶ
562 1784 720 1838 τοῦτο
766 1784 1098 1855 στοχάζομαι
1142 1786 1211 1838 ἐκ
1248 1784 1340 1837 τοῦ
1386 1784 1764 1855 λαμπρότερον

75 1877 224 1945 ήμῖν
257 1875 323 1927 τὸ
361 1872 585 1945 θέατρον
615 1871 870 1942 γενέσθαι
898 1873 994 1925 καὶ
1032 1871 1202 1925 πλείω
1247 1872 1356 1927 τῶν
1397 1872 1764 1943 ἀκροωμένων

77 1961 186 2030 τὴν
217 1960 459 2015 σύνοδον.
508 1962 583 2015 Οὐ
626 1960 833 2032 μάτην,
878 1959 955 2022 ὡς
985 1958 1153 2022 ἔοικε,
1193 1960 1319 2023 τούς
1365 1959 1595 2022 πολλοὺς
1638 1958 1767 2029 περὶ

78 2050 278 2103 αὐτῶν
308 2049 499 2121 πρώην
537 2048 894 2119 ἀνηλώσαμεν
924 2047 1134 2114 λόγους,
1178 2048 1276 2116 τὴν
1315 2046 1587 2118 ὑμετέραν
1623 2046 1764 2114 ἀγά-

80 2153 204 2207 πην
243 2135 693 2206 παρακαλοῦντες
738 2134 917 2188 έλκειν
961 2134 1097 2205 πρὸς
1136 2134 1237 2203 τὴν
1269 2133 1483 2205 μητέρα
1528 2134 1725 2196 αὐτοὺς
1748 2173 1763 2195 ,

81 2230 185 2277 καὶ
215 2223 447 2287 πείθειν,
487 2225 563 2287 ὡς
590 2222 765 2288 ἔξεστι
788 2223 886 2276 καὶ
921 2222 1057 2293 μετὰ
1094 2220 1299 2293 τροφὴν
1328 2222 1645 2293 σωματικὴν
1673 2221 1767 2274 καὶ

80 2311 303 2381 τροφῆς
356 2313 647 2380 μετασχεῖν
690 2310 1083 2380 πνευματικῆς.
1129 2309 1268 2362 Πότε
1317 2310 1456 2381 γὰρ,
1492 2309 1612 2363 εἰπέ
1653 2326 1763 2377 μοι,

89 2396 309 2466 βέλτιον
336 2399 694 2469 πεποιήκατε,
727 2398 1034 2467 ἀγαπητοί;
1064 2400 1128 2468 τῇ
1157 2398 1502 2473 παρελθούσῃ
1528 2394 1762 2462 συνάξει,

83 2487 179 2538 ὅτε
206 2484 349 2554 μετά
382 2484 479 2556 τὴν
503 2484 784 2554 τράπεζαν
816 2484 910 2537 ἐπὶ
935 2483 1101 2538 ὕπνον
1134 2485 1448 2558 ἐτρέπεσθε,
1478 2484 1511 2554 ἢ
1539 2483 1654 2545 νῦν,
1677 2485 1766 2536 ὅτε

87 2571 238 2641 μετά
286 2572 387 2638 τὴν
436 2569 720 2639 τράπεζαν
761 2570 898 2641 πρὸς
942 2569 1098 2644 [106]
1143 2574 1241 2644 τὴν
1288 2573 1551 2642 ἀκρόασιν
1591 2571 1618 2610 δ
1658 2569 1765 2624 τῶν

86 2657 257 2711 θείων
295 2658 645 2728 ἀπηντήκατε
677 2656 893 2727 νόμων;
936 2658 1026 2713 ὅτε
1072 2661 1166 2713 ἐπὶ
1196 2661 1297 2729 τῆς
1325 2660 1529 2730 ἀγοράς
1565 2657 1766 2729 διετρί-

86 2745 236 2809 εετε,
280 2745 376 2797 καὶ
414 2743 701 2816 συνεδρίων
737 2744 1016 2818 μετείχετε
1054 2747 1206 2801 οὐδὲν
1239 2747 1468 2817 ἐχόντων
1506 2745 1763 2817 χρηστὸν,

88 2832 122 2894 ἢ
155 2832 277 2895 νῦν,
307 2834 398 2886 ὅτε
426 2832 565 2903 μετά
599 2832 706 2885 τῶν
741 2833 985 2904 ἀδελφῶν
1015 2835 1282 2905 ἑστήκατε
1324 2834 1433 2888 τῶν
1462 2834 1760 2906 ὑμετέρων,

90 2921 186 2976 καὶ
220 2923 572 2994 προφητικῶν
623 2922 846 2975 ἀκούετε
877 2921 1083 2990 λόγωνς
1120 2923 1234 2975 Οὐκ
1272 2921 1418 2975 ἐστιν
1442 2920 1672 2992 αἰσχύνη
1704 2922 1766 2975 τὸ

95 3014 312 3078 φαγεῖν,
345 3010 642 3081 ἀγαπητοὶ,
675 3008 809 3061 ἀλλά
846 3009 930 3074 τί;
974 3009 1047 3061 Τὸ
1086 3009 1373 3078 φαγόνταο
1408 3009 1587 3080 μένειν
1627 3010 1765 3063 οἶκοι

98 3099 191 3151 καὶ
234 3099 483 3168 ὑστερεῖν
518 3097 620 3166 τῆς
659 3098 810 3169 ἱερᾶς
839 3098 1044 3168 ταύτης
1088 3097 1297 3168 ἑορτῆς.
1337 3096 1486 3150 Οῐκοι
1523 3097 1621 3168 μὲν
1656 3096 1767 3170 γὰρ

101 3186 280 3255 μένων
310 3185 608 3257 ἀργότερος
639 3184 738 3259 ἐσῃ
766 3187 859 3239 καὶ
885 3185 1230 3256 νωθέστερος,
1260 3184 1491 3239 ἐνταῦθα
1509 3184 1564 3238 δὲ
1595 3184 1765 3239 ἐλθὼν

97 3273 281 3327 πάντα
314 3272 482 3326 ὑπνον
520 3273 613 3326 καὶ
670 3275 852 3326 πᾶσαν
900 3272 1172 3344 ρᾳθυμίαν
1226 3271 1571 3338 ἀποτινάξεις
1599 3271 1659 3312 δ’
1702 3274 1764 3327 οὐ

101 3359 376 3432 ῥαθυμίαν
412 3359 470 3414 δὲ
516 3361 694 3431 μόνον,
730 3359 865 3413 ἀλλά
899 3360 989 3412 καὶ
1040 3359 1276 3431 ἀθυμίαν
1309 3360 1524 3414 ἃπασαν
1565 3361 1766 3415 ἀποθέ-

102 3465 282 3518 μενος,
318 3448 463 3519 ρᾴων
492 3448 586 3502 καὶ
624 3447 987 3519 εὐθυμότερος
1018 3449 1074 3502 ἐν
1105 3448 1307 3502 ἅπασιν
1344 3446 1446 3519 ἔσῃ
1480 3450 1595 3511 τοῖς
1624 3465 1767 3519 συμ-

105 3538 363 3589 πίπτουσι
398 3534 708 3607 πράγμασι.
740 3536 853 3588 Καὶ
887 3537 940 3588 τί
971 3535 1075 3609 χρὴ
1100 3535 1168 3588 τὰ
1194 3535 1329 3589 ἄλλα
1353 3536 1533 3603 λέγειν
1558 3552 1573 3601 ;
1601 3536 1765 3606 Στῆθι

107 3624 264 3688 μόνον
300 3624 469 3692 ἐγγὺς
493 3623 587 3676 τοῦ
626 3622 994 3694 νηστεύοντος,
1026 3625 1120 3676 καὶ
1155 3623 1448 3693 μετέλαϐες
1473 3622 1635 3675 αὑτοῦ
1670 3624 1763 3676 εὐ-

105 3711 242 3773 θέως
270 3711 372 3777 τῆς
404 3710 666 3773 εὐωδίας·
706 3709 877 3781 μύρον
903 3710 1013 3781 γάρ
1041 3712 1186 3763 ἐστιν
1218 3710 1247 3761 6
1282 3708 1558 3779 νηστεύων
1601 3726 1767 3763 πνευ-

108 3797 358 3867 ματικὸν,
396 3798 490 3851 καὶ
535 3798 624 3852 διά
654 3797 761 3851 τῶν
796 3797 1089 3867 ὀφθαλμῶν
1127 3798 1222 3850 καὶ
1264 3796 1351 3849 διὰ
1394 3797 1495 3864 τῆς
1520 3796 1772 3868 γλώττης

106 3888 198 3939 καὶ
210 3886 300 3939 διὰ
319 3884 535 3938 πάντων
565 3886 845 3956 ἐμφαίνων
868 3885 965 3956 τὴν
986 3885 1087 3954 τῆς
1104 3884 1285 3954 ψυχῆς
1305 3883 1767 3949 εὐταξίαν.Ἱ“αῦτα

106 3974 225 4047 οὐχὶ
255 3975 579 4045 κατηγορῶν
603 3974 713 4028 τῶν
744 3973 1120 4045 ἠριστηκότων
1145 3967 1315 4037 εἷπον,
1339 3971 1454 4025 ἀλλ’
1490 3972 1577 4023 ἵνα
1606 3971 1768 4038 δείξω

107 4064 200 4132 τῆς
229 4064 484 4134 νηστείας
517 4062 576 4114 τὸ
605 4062 816 4130 κέρδος.

174 4151 446 4220 Νηστείαν
472 4150 528 4203 δὲ
556 4151 616 4203 οὐ
648 4151 746 4222 τὴν
779 4152 986 4223 ἀποχὴν
1018 4150 1163 4219 λέγω
1194 4150 1304 4203 τῶν
1331 4146 1635 4220 βρωμάτων
1668 4147 1766 4217 μό-

108 4252 215 4296 νον.
237 4237 374 4289 ἀλλά
406 4237 500 4290 καὶ
533 4238 642 4309 πρὸ
676 4239 881 4310 ταύτης
916 4241 1013 4309 τὴν
1048 4238 1159 4291 τῶν
1206 4237 1619 4309 ἁμαρτημάτων
1660 4235 1767 4289 ἀπ-

108 4325 260 4393 οχὴψ
290 4325 413 4377 ἐπεὶ
439 4325 578 4378 καὶὸ
607 4326 896 4390 ἑστιαθεὶς,
922 4328 1016 4380 καὶ
1046 4324 1277 4381 ἐνταῦθα
1310 4323 1447 4396 μετά
1467 4323 1567 4393 τῆς
1598 4339 1768 4393 προσ-

108 4410 342 4481 ηκούσης
383 4414 826 4483 παραγενόμενος
860 4413 1234 4486 σωφροσύνης,
1268 4413 1329 4466 οὐ
1374 4411 1508 4465 πολύ
1540 4410 1635 4464 τοῦ
1669 4427 1765 4482 νη-

110 4496 383 4561 στεύοντος
430 4499 892 4571 ἀπολιμπάνεται,
923 4500 1113 4573 ὥσπερ
1141 4495 1235 4554 οὖν
1265 4502 1294 4553 6
1340 4498 1641 4570 νηστεύσας
1673 4498 1767 4551 καὶ

110 4584 182 4653 μὴ
217 4586 353 4653 μετά
388 4587 627 4657 σπουδῆς
653 4589 745 4641 καὶ
790 4589 1076 4660 ἀκριϐείας
1103 4590 1215 4651 τοῖς
1251 4586 1568 4657 λεγομένοις
1598 4603 1767 4657 προσ-

106 4669 261 4740 έχων,
288 4672 440 4727 οὐδὲν
467 4673 573 4727 ἀπὸ
591 4675 691 4743 τῆς
712 4676 961 4745 νηστείας
991 4674 1345 4747 καρπώσεται
1381 4673 1542 4744 μέγα.
1572 4674 1631 4726 '0
1655 4676 1765 4745 γάρ

106 4756 295 4811 ἐσθίων
342 4760 435 4812 καὶ
465 4761 737 4827 συνάξεως
767 4763 927 4829 ἁγίας
974 4761 1249 4817 κοινωνῶν
1295 4763 1432 4833 μετά
1456 4762 1556 4832 τῆς
1594 4779 1764 4832 προσ-

104 4844 340 4915 ηκούσης
359 4848 613 4919 σπουδῆς,
644 4849 740 4902 τοῦ
764 4851 930 4922 μηδὲν
967 4850 1237 4913 ἐσθίοντος
1266 4850 1361 4903 καὶ
1389 4847 1763 4919 ἀπολιμπάνο-

110 4933 265 5002 μένου
312 4934 446 4988 πολὺ
501 4936 727 5006 βελτίων
763 4939 946 4995 ἐστίν’
992 4940 1144 4994 οὐδὲν
1182 4937 1293 5010 γὰρ
1327 4937 1535 4991 τοιοῦτο
1575 4937 1636 4990 τὸ
1688 4937 1761 5008 μὴ

108 5024 293 5089 φαγεῖν
350 5024 491 5092 ἡμᾶς
560 5026 838 5097 ὠφελῆσαι
892 5028 1215 5098 δυνήσεται,
1263 5027 1364 5079 ὅσα
1417 5024 1616 5095 ὠφελεῖ
1670 5026 1765 5078 καὶ

108 5110 310 5162 δίδωσιν
349 5110 531 5177 ἀγαθά
583 5113 646 5165 τὺ
691 5117 1065 5186 πνευματικῆς
1110 5115 1399 5187 μετασχεῖν
1438 5123 1461 5152 θ
1510 5112 1761 5167 διδασκα-

109 5198 240 5260 λίας.
275 5195 384 5249 Ποῦ
427 5196 537 5267 γὰρ
584 5200 811 5272 ἑτέρωθι
860 5202 1033 5256 ταῦτα
1078 5203 1285 5274 ἀκούσῃ
1334 5201 1477 5272 άπερ
1531 5201 1763 5255 ἐνταῦθα

109 5287 433 5357 φιλοσοφεῖςς
470 5291 570 5344 Ἂν
599 5293 680 5356 είς
723 5290 1071 5365 δικαστήριον
1108 5291 1385 5364 ἀπέλθῃς,
1418 5290 1765 5361 ἀμφισϐητή-

109 5391 219 5439 σεις
240 5377 355 5430 ἐκεῖ
392 5377 486 5431 καὶ
519 5379 723 5450 μάχαι·
751 5379 818 5433 ἂν
851 5380 930 5444 εἰς
970 5378 1368 5450 βουλευτήριον,
1404 5378 1437 5448 ή
1468 5376 1576 5429 τῶν
1608 5377 1762 5429 πολι-

109 5464 263 5517 τικῶν
285 5466 626 5536 πραγμάτων
649 5468 871 5538 φροντίς
886 5484 899 5496 °
930 5467 997 5521 ἂν
1028 5468 1106 5530 είς
1126 5466 1323 5531 οἰκίαν,
1345 5464 1452 5518 τῶν
1478 5462 1764 5517 ἰδιωτικῶν

110 5551 393 5622 ήμέριμνα
432 5554 763 5627 κατατρύχει
802 5553 1099 5607 πάντοθενσ
1134 5552 1200 5607 ἂν
1234 5554 1315 5615 είς
1353 5551 1642 5620 συλλόγους
1671 5553 1764 5606 καὶ

113 5639 347 5710 συνέδρια
372 5640 476 5711 τῆς
516 5643 744 5713 ἀγορᾶς,
787 5643 963 5696 πάντα
992 5642 1152 5695 κάκεῖ
1177 5641 1340 5712 γήινα
1368 5639 1462 5693 καὶ
1509 5638 1720 5711 φθαρτά
1744 5657 1758 5671 θ

168 5764 191 5829 _‘
214 5762 680 5829 Qoisjjnianusynus
702 5766 853 5829 habet
873 5766 1024 5829 χαίρω
1043 5765 1123 5829 καὶ
1146 5763 1420 5829 συγχορεύω
1440 5768 1602 5812 πᾶσιν.

162 5824 189 5889 ι»
217 5826 343 5889 δανίι
386 5833 439 5889 ει
468 5827 665 5886 quidam
691 5826 772 5876 alii
802 5824 977 5885 εἰς’ῖι-ἠν
994 5824 1237 5889 ἀκρόασιν.

164 5888 187 5952 ‘f
211 5888 354 5952 Savi].
379 5888 500 5936 ἀλλὰ
520 5889 576 5952 τὸ
599 5889 825 5952 φαγόντα.

163 5945 189 5987 ἆ
208 5948 347 6012 Savij.
379 5954 428 5997 et
454 5945 650 6009 quidam
673 5945 753 6000 τηε
778 5950 1049 6012 άποτινάξῃ.

167 6011 189 6041 θ
211 6011 347 6060 Savi'.
377 6016 648 6085 persia-1.“

1876 1427 2218 1497 συμϐολαίων
2249 1428 2478 1501 ἐτέρων,
2506 1428 2537 1500 ῆ
2579 1431 2710 1500 περὶ
2746 1430 3095 1503 διαθηκῶν,ἢ
3129 1426 3257 1505 περὶ
3286 1435 3545 1507 κληρονο-

1824 1534 1833 1545 -
1874 1514 2033 1584 μιῶν,
2066 1515 2097 1584 ἢ
2138 1517 2268 1587 περὶ
2313 1516 2518 1586 ἐτέρων
2548 1519 2712 1571 τινῶν
2742 1518 2998 1573 τοιούτων
3024 1521 3264 1584 ἅπαντες
3291 1525 3402 1586 τοῖς
3430 1526 3546 1578 ἐκεῖ

1872 1602 2288 1672 συλλεγομένοις
2327 1606 2375 1657 οἰ
2406 1605 2553 1672 λόγοι
2582 1606 2841 1673 γίνονται.
2879 1608 2996 1661 Κᾶν
3034 1610 3116 1672 εἰς
3143 1608 3313 1673 αὐτὰς
3348 1610 3406 1664 δὲ
3433 1613 3545 1664 είσ-

1869 1688 2031 1763 έλθῃς
2081 1690 2182 1753 τὰς
2222 1689 2510 1759 βασιλικὰς
2548 1692 2739 1757 αὐλὰς,
2790 1694 2886 1748 καὶ
2938 1696 3056 1748 ἐκεῖ
3092 1696 3256 1750 πάλιν
3292 1697 3362 1751 τὰ
3401 1699 3543 1753 αὐτά

1867 1775 2075 1847 ἀκούσῃ
2122 1776 2521 1847 διαλεγομένων
2568 1781 2823 1834 ἁπάντων
2855 1783 2983 1851 περὶ
3031 1784 3360 1855 χρημάτων,
3413 1790 3545 1859 περὶ

1870 1861 2219 1928 δυναστείας,
2253 1866 2381 1936 περὶ
2410 1865 2569 1933 δόξης
2601 1866 2701 1936 τῆς
2736 1867 2971 1923 ἐνταῦθα
3002 1870 3341 1941 τιμωμένης,
3377 1890 3544 1928 πνευ-

1875 1952 2101 2019 ματικὸν
2130 1952 2187 2005 δὲ
2209 1952 2392 2006 οὐδέν’
2421 1953 2655 2008 ἐνταῦθα
2682 1955 2740 2008 δὲ
2766 1956 3074 2012 τούναντίον
3094 1957 3258 2026 ἀπαν,
3293 1962 3421 2033 περὶ
3448 1962 3543 2016 τοῦ

1870 2038 2098 2108 οὐρανοῦ
2147 2040 2241 2093 καὶ
2276 2039 2384 2094 τῶν
2419 2041 2478 2094 ἐν
2518 2041 2731 2113 οὐρανῷ
2765 2044 3143 2114 πραγμάτων,
3175 2047 3306 2118 περὶ
3344 2047 3542 2121 ψυχῆς,

1873 2142 1937 2176 πε
1946 2127 2000 2197 ρὶ
2021 2126 2166 2196 ζωῆς
2190 2126 2290 2197 τῆς
2311 2127 2605 2200 ἡμετέρας,
2629 2130 2722 2182 καὶ
2741 2130 2883 2194 τίνος
2906 2132 3091 2187 ἕνεκεν
3108 2134 3431 2208 γεγόναμεν.
3449 2142 3545 2192 καὶ

1869 2211 1957 2264 διὰ
1985 2213 2036 2265 τί
2061 2212 2314 2267 τοσοῦτον
2338 2214 2682 2286 διατρίϐομεν
2698 2217 2932 2271 ἐνταῦθα
2949 2219 3159 2289 χρόνον,
3175 2223 3267 2276 καὶ
3286 2224 3379 2277 ἐπὶ
3400 2224 3543 2282 τίσιν

1866 2296 2253 2369 ἀποδημοῦμεν
2278 2300 2548 2365 ἐντεῦθεν,
2586 2302 2679 2354 καὶ
2713 2302 2764 2356 τί
2799 2302 2940 2373 μετὰ
2975 2305 3148 2360 ταῦτα
3184 2309 3330 2380 ἡμᾶς
3358 2311 3541 2366 διαδέ-

1868 2381 2038 2449 ξεται,
2075 2386 2169 2438 καὶ
2203 2386 2347 2451 τίνος
2375 2387 2560 2442 ἕνεκεν
2592 2388 2653 2442 τὸ
2684 2388 2845 2459 σῶμα
2877 2393 3011 2462 ἡμῖν
3054 2393 3299 2466 πήλινον.
3335 2399 3430 2452 καὶ
3455 2402 3542 2465 τίς

1868 2472 1900 2540 ἡ
1930 2469 2024 2559 τοῦ
2058 2471 2289 2527 θανάτου
2320 2475 2501 2543 φύσις,
2534 2477 2628 2529 καὶ
2656 2476 2709 2528 τί
2735 2478 2866 2531 ποτέ
2892 2480 3037 2534 ἐστιν
3066 2482 3098 2551 ἡ
3123 2483 3371 2553 παροῦσα
3402 2484 3541 2559 ζωὴ,

1866 2558 1960 2611 καὶ
1991 2559 2075 2622 τίς
2099 2563 2131 2631 ὴ
2162 2560 2447 2629 μέλλουσα,
2472 2563 2567 2615 καὶ
2595 2562 2748 2618 οὐδὲν
2778 2564 2966 2631 ἀπλώς
2996 2568 3206 2638 γήινον,
3235 2570 3372 2626 ἀλλά
3399 2558 3543 2628 πάν-

1865 2663 1957 2708 τες
1988 2646 2116 2719 περὶ
2157 2648 2543 2720 πνευματικῶν
2572 2652 2702 2722 ήμῖν
2735 2654 2784 2706 οί
2825 2652 2977 2723 λόγοι
3000 2655 3273 2723 γίνονται·
3312 2662 3406 2713 καὶ
3440 2677 3543 2732 με·

1864 2733 2007 2801 γάλα
2031 2735 2130 2805 τῆς
2157 2737 2429 2808 σωτηρίας
2463 2737 2622 2808 ήμῶν
2650 2737 2908 2809 λαϐόντες
2932 2742 3141 2811 ἐφόδια,
3168 2742 3340 2809 οὕτως
3360 2747 3542 2803 ἐντεῦ-

1868 2819 1959 2874 θεν
1987 2822 2406 2895 ἀπελευσόμεθα
2438 2824 2575 2895 μετά
2600 2828 2843 2899 χρηστῆς
2864 2829 2964 2901 τῆς
2989 2829 3219 2896 ἐλπίδος.

1937 2907 2002 2978 β’.
2031 2910 2182 2963 Ἐπεὶ
2194 2907 2286 2964 οὖν
2302 2912 2402 2964 οὐκ
2434 2913 2556 2983 εἰκῆ
2582 2912 2660 2976 τὰ,
2684 2915 2973 2988 σπέρματα
3002 2918 3394 2991 κατεϐάλομεν,
3424 2923 3539 2977 ἀλλ’

1866 2994 2055 3068 ῶσπερ
2086 2998 2232 3068 ὑμᾶς
2257 3000 2605 3071 παρεκάλεσα
2645 3002 2854 3068 πάντας
2879 3004 3212 3075 ἐθηρεύσατε
3234 3006 3385 3082 [107]
3412 3014 3541 3077 τοὺς

1866 3084 2292 3155 ἀπολειφθέντας
2324 3088 2496 3159 ὑμῶν,
2516 3089 2648 3162 φέρε
2677 3091 2771 3144 καὶ
2797 3093 2957 3163 ἡμεῖς
2986 3094 3129 3164 ὑμᾶς
3154 3096 3539 3170 ἀμειψώμεθα,

1867 3173 1961 3225 καὶ
1987 3173 2158 3244 μικρά
2178 3174 2287 3227 τῶν
2316 3175 2581 3245 πρότερον
2608 3178 2914 3249 εἰρημένων
2939 3182 3083 3251 ὑμᾶς
3106 3184 3537 3257 ἀναμνήσαντες,

1864 3259 1936 3313 τά
1982 3260 2275 3333 λειπόμενα
2313 3264 2601 3336 ἀποδῶμεν
2632 3266 2814 3320 πάλιν.
2852 3268 2987 3322 Τίνα
3018 3266 3112 3324 οὖν
3146 3268 3215 3343 ἦν
3246 3274 3317 3327 τὰ
3350 3275 3541 3349 πρώην

1866 3349 2165 3423 εἰρημένας
2204 3349 2535 3423 Ἑζητοῦμεν
2566 3353 2684 3418 πῶς
2714 3355 2809 3409 καὶ
2835 3355 2938 3411 τίνι
2961 3359 3147 3431 τρόπῳ
3169 3361 3276 3435 πρὸ
3303 3363 3402 3433 τῆς
3429 3365 3541 3419 τῶν

1866 3436 2107 3507 Γραφῶν.
2131 3438 2335 3503 δόσεως
2370 3439 2439 3494 τά
2473 3442 2597 3494 καθ’
2641 3443 2787 3513 ἡμᾶς
2823 3443 3174 3518 ᾠκονόμησεν
3204 3451 3234 3502 6
3262 3451 3414 3516 Θεὸς,
3445 3454 3543 3510 καὶ

1868 3523 2149 3596 ἐλέγομεν,
2174 3527 2257 3580 ὅτι
2284 3527 2373 3582 διὰ
2396 3529 2496 3599 τῆς
2522 3529 2753 3594 κτίσεως
2773 3533 3089 3588 ἐπαίδευσεν
3104 3536 3260 3607 ήμῶν
3283 3538 3343 3591 τὸ
3361 3539 3538 3609 γένος,

1867 3611 2096 3682 οὐρανὸν
2133 3614 2382 3679 ἐκτείνας
2410 3616 2504 3669 καὶ
2523 3618 2612 3680 ιεξς
2636 3617 2697 3671 τὸ
2726 3619 2887 3689 μέσον
2918 3622 3173 3693 προθεὶς,
3205 3624 3405 3696 βιϐλίον
3440 3629 3542 3701 μέ·-

1867 3715 2071 3765 γιστον,
2096 3702 2190 3754 καὶ
2217 3701 2453 3767 ἰδιώταις
2469 3705 2561 3757 καὶ
2587 3707 2896 3775 σοφοῖς,καὶ
2912 3709 3106 3781 πένησι
3128 3714 3220 3767 καὶ
3241 3713 3538 3781 πλουσίοις,

1868 3787 1961 3877 καὶ
1992 3787 2226 3877 Σκύθαις
2259 3791 2352 3845 καὶ
2386 3791 2708 3864 βαρϐάροις,
2741 3796 2836 3850 καὶ¹
2866 3799 3030 3852 πᾶσιν
3060 3799 3245 3865 ἁπλῶς
3288 3806 3402 3867 τοῖς
3439 3805 3542 3877 τὴν

1866 3875 1971 3964 γῆν
2003 3876 2211 3964 οἰκοῦσι
2240 3879 2533 3950 χρήσιμον,
2577 3881 2779 3950 βιϐλίον
2809 3882 2828 3922 ί
2862 3886 2998 3938 πολὺ
3038 3888 3223 3958 μεῖξον
3260 3889 3354 3945 τοῦ
3399 3875 3540 3964 “VP

1867 3960 1994 4025 θους
2023 3963 2133 4016 τῶν
2161 3963 2563 4036 διδασκομένων
2604 3968 2683 4024 δν.
2721 3970 2898 4024 Πολλά
2937 3975 3031 4025 καὶ
3059 3975 3191 4046 περὶ
3215 3976 3410 4042 νυκτὸς
3448 3960 3542 4034 καὶ

1866 4049 2100 4121 ἡμέρας,
2129 4053 2222 4104 καὶ
2247 4052 2350 4123 τῆς
2391 4054 2596 4109 τούτων
2625 4057 2899 4123 εὐταξίας,
2930 4058 3025 4113 καὶ
3052 4060 3147 4115 τοῦ
3192 4062 3402 4134 ῥυθμοῦ
3440 4064 3538 4121 τοῦ

1870 4135 2009 4206 μετά
2053 4138 2341 4211 ἀκριϐείας
2374 4140 2467 4193 ὑπ’
2498 4142 2679 4195 αὐτῶν
2712 4145 3111 4218 φυλαττομένου
3145 4148 3497 4222 διελέχθημεν
3519 4169 3534 4183 ⁸

1866 4223 2039 4279 πολλά
2066 4226 2161 4279 καὶ
2188 4228 2316 4300 περὶ
2342 4228 2436 4282 τοῦ
2466 4229 2630 4301 χοροῦ
2657 4232 2763 4286 τῶν
2789 4232 2949 4304 ὡρῶν
2983 4235 3077 4290 τοῦ
3108 4236 3284 4303 ἔτους,
3318 4241 3411 4294 καὶ
3434 4240 3537 4309 τῆς

1864 4312 2071 4367 τούτων
2122 4314 2387 4386 ἰσότητος.
2439 4316 2703 4390 Καθάπερ
2734 4319 2844 4392 γὰρ
2901 4322 2935 4393 ή
2980 4324 3161 4397 ἡμέρα
3206 4326 3306 4395 τῆς
3344 4328 3538 4393 νυκτὸς

1865 4400 1987 4454 οὐδέ
2035 4401 2305 4473 ήμιώριον
2353 4404 2665 4460 πλεονεκτεῖ
2712 4408 2857 4463 κατὰ
2898 4410 3075 4464 πάντα
3120 4412 3212 4467 τὸν
3260 4414 3535 4469 ἐνιαυτόν·

1865 4487 2007 4541 οὕτω
2057 4490 2154 4543 καὶ
2213 4485 2375 4545 αὗται
2434 4493 2572 4564 πρὸς
2626 4494 2858 4566 ἀλλήλας
2908 4495 2968 4563 ἐξ
3012 4499 3133 4570 ίσης
3179 4500 3278 4565 τὰς
3322 4502 3536 4574 ἡμέρας

1865 4575 2204 4647 διενείμαντο
2247 4581 2447 4645 πάσας.
2490 4583 2628 4637 Ἀλλ’
2659 4585 2800 4658 ὅπερ
2841 4587 2936 4641 καὶ
2975 4586 3284 4659 ἔμπροσθεν
3328 4590 3533 4660 ἔλεγον,

1865 4664 1946 4717 ὅτι
1976 4666 2035 4718 οὑ
2067 4666 2128 4719 τὸ
2164 4668 2393 4738 μέγεθος
2426 4670 2522 4723 καὶ
2554 4671 2615 4724 τὸ
2656 4672 2849 4739 κάλλος
2881 4674 2983 4745 τῆς
3023 4677 3253 4740 κτίσεως
3294 4678 3535 4734 δείκνυσι

1862 4751 1955 4805 τὸν
1979 4754 2319 4826 Δημιουργδν
2345 4759 2371 4797 ε
2404 4758 2562 4828 μόνον
2582 4799 2597 4819 .
2628 4761 2765 4815 ἀλλὰ
2800 4764 2895 4817 καὶ
2925 4764 2955 4817 6
2999 4764 3200 4835 τρόπος
3231 4765 3394 4831 αὐτὸς
3433 4766 3534 4838 τῆς

1867 4840 2219 4912 συμπήξεως,
2256 4843 2352 4897 καὶ
2382 4844 2442 4898 τὸ
2482 4847 2625 4920 ὑπὲρ
2656 4849 2870 4917 φύσεως
2896 4850 3215 4907 ἀκολουθίαν
3262 4850 3402 4909 εἶναι
3432 4856 3533 4925 τῆς
3592 4873 3600 4883 ·

1862 4927 2221 5016 δημιουργίας
2250 4932 2342 4986 τὸν
2369 4933 2593 5005 τρόπον.
2617 4936 2835 5002 Φύσεως
2866 4938 2965 5008 μὲν
2990 4939 3101 5011 γὰρ
3128 4941 3420 4998 ἀκολουθία
3440 4939 3531 5016 ἦν,

1860 5014 1922 5067 τὸ
1968 5015 2113 5089 ὕδωρ
2160 5020 2298 5092 ὑπὲρ
2348 5020 2447 5093 τὴν
2476 5023 2579 5094 γῆν
2632 5025 2925 5096 φέρεσθαι·
2970 5027 3065 5080 νῦν
3110 5028 3170 5081 δὲ
3222 5014 3532 5087 τούναντίον

1861 5103 2099 5189 δρῶμεν,
2121 5106 2220 5177 τὴν
2245 5108 2346 5178 γῆν
2372 5109 2479 5163 ὑπὸ
2502 5111 2608 5165 τῶν
2636 5112 2841 5168 ὑδάτων
2867 5113 3532 5189 βασταζομένην.Φύσεως

1861 5186 1928 5263 ἦν
1952 5193 2261 5263 ἀκολουθία,
2279 5196 2338 5248 τὸ
2357 5196 2467 5268 πῦρ
2487 5197 2598 5251 ἄνω
2625 5200 2838 5270 τρέχειν
2854 5217 2867 5231 ο
2889 5202 2986 5257 νῦν
3007 5202 3061 5256 δὲ
3076 5186 3137 5257 τδ
3157 5186 3396 5259 ἐναντίον
3414 5206 3532 5276 au.

1865 5294 2037 5350 πομεν
2071 5280 2222 5335 κάτω
2254 5283 2391 5355 πρὸς
2417 5284 2517 5354 τὴν
2559 5288 2662 5356 γῆν
2706 5289 3089 5360 τετραμμένας
3113 5290 3208 5351 τοῦ
3239 5293 3390 5363 ήλίου
3429 5295 3531 5359 τὰς

1862 5370 2107 5433 ἀκτῖνας,
2144 5370 2239 5422 καὶ
2269 5369 2339 5424 τά
2372 5370 2541 5425 ὑδατα
2572 5374 2828 5444 ὑπεράνω
2848 5377 2955 5430 τῶν
2979 5378 3226 5452 οὐρανῶν
3255 5379 3406 5444 ὄντα,
3435 5384 3531 5436 καὶ

1861 5454 1921 5505 οὐ
1947 5453 2388 5520 διολισθαίνοντα,
2424 5459 2518 5512 καὶ
2547 5459 2637 5513 τὸν
2670 5461 2820 5530 ἥλιον
2850 5463 3093 5521 κάτωθεν
3118 5464 3401 5536 τρέχοντα,
3435 5473 3530 5524 καὶ

1859 5540 1980 5593 οὐδὲ
2009 5542 2365 5614 σϐεννύμενον
2390 5545 2495 5599 ὑπὸ
2518 5548 2627 5600 τῶν
2668 5548 2895 5614 ὑδάτων,
2921 5548 3048 5614 οὐτε,
3071 5552 3404 5621 ἀφανίζοντα
3429 5560 3531 5629 τὴν

1859 5627 2039 5681 νοτίδα
2056 5630 2306 5717 ἐκείνην.
2321 5633 2464 5704 Πρδς
2488 5633 2697 5697 τούτοις
2722 5636 3039 5707 εἰρήκαμεν,
3060 5638 3143 5692 ὅτι
3169 5641 3234 5694 ἐκ
3250 5627 3530 5717 τεττάρων

1862 5716 2139 5805 στοιχείων
2164 5718 2284 5772 τόδε
2334 5720 2394 5773 τὸ
2446 5723 2556 5773 πᾶν
2595 5723 2926 5793 συνέστηκεν
2973 5725 3234 5782 ἐναντίων
3279 5716 3527 5805 ἀλλήλοις

1864 5802 1956 5857 καὶ
1993 5806 2336 5877 μαχομένωνζ
2367 5808 2462 5861 καὶ
2494 5807 2720 5880 θάτερον
2751 5810 2812 5863 τὸ
2840 5810 3026 5885 ἕτερον
3057 5816 3117 5872 οὑ
3152 5802 3523 5898 κατηνάλωσε.

1927 5944 1948 6013 ξ
1977 5944 2367 6013 Υοχμβιδλίονέεχ
2394 5948 2576 5999 Savilio
2598 5954 2816 6001 accessit.
2850 5953 2977 6004 Εοιτ.

1922 6008 1948 6048 ε
1974 6008 2120 6058 Suvil;
2147 6008 2197 6058 οὶ
2220 6010 2414 6072 quidam
2436 6025 2547 6060 mss.
2576 6013 3003 6077 δημιουργήσαντα..
