3920 6224
380 353 484 412 H3

377 468 621 538 καίτοιγε
674 466 921 539 ἀλλήλων
973 468 1103 520 ὂντα
1150 466 1479 521 άναλωτικά.
1539 466 1700 521 Ὅθεν
1744 467 1922 539 δῆλον,
1966 469 2048 521 ὅτι

374 556 602 628 δύναμίς
629 573 713 619 τις
742 556 973 627 ἀόρατος
1001 554 1141 608 αὐτὰ
1174 554 1401 625 χαλινοῖ,
1430 556 1525 609 καὶ
1554 555 1751 627 δεσμὸς
1772 555 1982 624 γίνεται
2013 559 2047 629 ὴ

375 645 471 699 τιύ
510 642 950 715 Θεοῦβούλησις.
994 643 1182 712 Τούτῳ
1229 644 1390 697 πλέον
1434 643 1774 717 ἐνδιατρίψαι
1804 646 2045 718 σήμερον

379 732 643 805 βούλομαι
678 732 757 803 τῷ
787 732 960 804 λόγῳ·
1014 731 1152 786 ἀλλὰ
1197 732 1518 805 διανάστητε
1538 773 1554 797 ,
1604 734 1701 787 καὶ
1749 732 2045 804 προσέχετε

381 821 498 891 μετ’
531 820 816 884 ἀκριϐείας
852 823 1005 891 ἡμῖν.
1048 821 1211 873 Ὥστε
1238 819 1295 874 δὲ
1340 820 1671 892 σαφέστερον
1703 819 1954 889 γενέσθαι
1984 819 2047 874 τὸ

377 908 582 980 θαῦμα,
612 904 723 962 ἀπὸ
748 908 843 962 τοῦ
874 906 1128 979 σώματος
1149 906 1247 961 τοῦ
1281 907 1551 980 ἡμετέρου
1582 908 1681 980 τὴν
1703 907 2045 962 διδασκαλίαν

376 997 473 1068 τὴν
506 998 635 1065 περὶ
666 993 872 1050 τούτων
898 996 1214 1067 ποιήσομαι.
1244 997 1356 1049 Kal
1386 995 1496 1068 γάρ
1521 996 1582 1050 τὸ
1612 995 1773 1066 σῶμα
1810 995 1872 1049 τό
1902 995 2045 1066 ήμέ-

374 1100 530 1156 τερον
569 1083 633 1138 τὸ
674 1083 847 1156 βραχὺ
900 1084 1059 1138 τοῦτο
1089 1084 1183 1138 καὶ
1227 1084 1420 1155 μικρὸν
1476 1086 1542 1138 ἐκ
1592 1085 1865 1156 τεττάρων
1917 1101 2043 1138 συν-

377 1172 576 1242 έστηκε
607 1184 634 1212 ιι
661 1171 969 1243 στοιχείων,
1003 1171 1207 1243 θερμοῦ
1248 1172 1347 1243 μὲν
1382 1171 1477 1225 τοῦ
1505 1172 1755 1242 αἵματος,
1788 1170 1954 1243 ξηροῦ
1980 1172 2039 1225 δὲ

373 1262 471 1329 τῆς
498 1259 660 1331 χολῆς
684 1260 787 1330 τῆς
809 1258 1028 1329 ξανθῆς·
1046 1259 1142 1313 καὶ
1169 1258 1341 1331 ὑγροῦ
1360 1259 1457 1330 μὲν
1482 1258 1577 1312 τοῦ
1600 1258 1926 1329 φλέγματος,
1943 1258 2045 1329 ψυ·

374 1347 505 1418 χροῦ
532 1346 590 1401 δὲ
620 1348 721 1417 τῆς
752 1345 1011 1418 μελαίνης
1030 1347 1213 1418 χολῆς.
1242 1348 1353 1401 Kal
1375 1348 1448 1418 μή
1473 1364 1557 1410 τις
1581 1346 1857 1419 ἀλλότριον
1885 1349 1917 1419 ἡ
1927 1346 2044 1417 μῶν

372 1430 511 1489 εἶναι
539 1432 812 1505 νομιζέτω
831 1432 1020 1489 τοῦτον
1052 1434 1143 1487 τὸν
1165 1434 1322 1502 λόγον
1342 1450 1357 1464 ·
1395 1434 1456 1487 '0
1489 1433 1598 1505 γάρ
1642 1434 2045 1504 ,πνευματικὸς

371 1522 678 1591 ἀνακρίνει
702 1521 821 1591 μὲν
845 1521 918 1575 τὰ
943 1520 1162 1583 πάντα,
1192 1520 1375 1588 αὐτὸς
1400 1520 1467 1574 δὲ
1494 1521 1594 1575 ὑπ’
1622 1522 1871 1589 οὐδενὸς
1898 1523 2043 1576 ἀνα-

372 1610 656 1677 κρίνεται.
696 1608 854 1662 Οὓτω
883 1611 980 1662 καὶ
1013 1608 1227 1672 Παῦλος
1266 1609 1586 1680 γεωργικῶν
1623 1610 1800 1680 ἥψατο
1832 1610 2041 1681 θεωρη-

374 1697 580 1769 μάτων,
599 1698 728 1768 περὶ
752 1697 1103 1760 ἀναστάσεως
1130 1698 1260 1768 ήμῖν
1282 1696 1684 1768 διαλεγόμενος,
1714 1698 1809 1751 καί
1838 1716 2002 1769 φησιν
2025 1716 2040 1728 ·

374 1787 614 1855 Ἀφρογ,
658 1783 741 1839 σὺ
786 1782 818 1837 ὃ
864 1785 1134 1852 σπείρεις
1193 1786 1265 1839 οὐ
1303 1784 1660 1846 ζωοποιεῖται
1703 1786 1753 1850 ι),
1797 1786 1905 1840 ἐὰν
1953 1785 2041 1855 μὴ

370 1872 664 1941 ἀποθάνῃ.
694 1873 759 1925 Εἰ
784 1872 841 1929 δὲ
862 1874 892 1925 ὁ
934 1873 1202 1945 μακάριος
1227 1873 1436 1938 ἐκεῖνος
1470 1875 1598 1937 τοὺς
1636 1873 1738 1945 τῆς
1765 1875 2042 1944 γεωργίας

369 1962 537 2015 ἐκίνει
566 1960 780 2029 λόγους,
824 1959 945 2015 οὐδὲ
976 1962 1108 2031 ἡμῖν
1153 1960 1419 2032 μέμφοιτό
1457 1979 1540 2025 τις
1585 1960 1841 2032 ἰατρικῶν
1872 1963 2040 2015 ἀπτο-

372 2047 554 2120 μένοις
586 2048 872 2119 νοημάτων
894 2065 909 2080 ’
942 2049 1073 2119 περί
1112 2048 1220 2118 γάρ
1246 2049 1609 2121 δημιουργίας
1634 2048 1766 2101 Θεοῦ
1796 2048 1888 2102 νῦν
1911 2051 2042 2121 ἡμῖν

368 2139 396 2189 ό
419 2136 607 2205 λόγος’
638 2135 735 2191 καὶ
762 2136 1039 2205 ἀναγκαία
1058 2136 1255 2205 γένοιτ’
1280 2138 1347 2192 ἂν
1381 2138 1510 2208 ήμίν
1538 2136 1677 2207 αὐτη
1699 2136 1808 2190 τῶν
1834 2139 2041 2209 νοημά-

364 2241 475 2278 των
502 2225 539 2296 ή
571 2223 851 2288 ὑπόθεσις.
881 2224 1061 2294 Ὅπερ
1106 2220 1198 2279 οὖν
1238 2223 1408 2295 ἔφθην
1442 2222 1634 2287 εἰπὼν,
1668 2226 1732 2278 ὲκ
1766 2225 2041 2296 τεττάρων

365 2314 500 2384 ἡμῖν
532 2315 814 2383 στοιχείων
841 2311 999 2365 τοῦτο
1021 2312 1084 2366 τὸ
1111 2312 1272 2382 σῶμα
1295 2312 1610 2383 συνέστηκε,
1644 2312 1746 2367 κᾶν
1771 2313 1832 2366 τὸ
1854 2314 2040 2384 ἕτερον

366 2399 638 2474 στασιάσῃ
673 2400 835 2472 μέχρι
862 2399 1085 2462 παντὸς,
1127 2398 1357 2464 θάνατος
1400 2400 1513 2454 ἀπὸ
1536 2400 1636 2470 τῆς
1684 2400 1925 2464 στάσεως
1949 2401 2038 2469 γί-

364 2504 515 2544 νεται
544 2487 747 2556 ταύτης
765 2502 781 2518 ’
803 2485 957 2558 [108]
983 2480 1094 2540 οἷον
1116 2487 1215 2557 τῆς
1236 2485 1398 2557 χολῆς
1420 2485 1840 2557 πλεοναζούσης,
1863 2486 2041 2541 τίκτε-

362 2590 454 2627 ται
485 2573 739 2645 πυρετὸς,
759 2572 864 2627 κᾶν
884 2575 1229 2645 ἐπικρατήσῃ
1250 2573 1393 2643 πέρα
1413 2572 1507 2626 τοῦ
1534 2572 1755 2644 μέτρου,
1777 2575 2039 2645 ταχίστην

367 2661 567 2730 ἐπάγει
598 2661 707 2731 τὴν
736 2660 1024 2730 τελευτήν·
1056 2660 1217 2714 πάλιν
1249 2659 1344 2713 τοῦ
1375 2657 1584 2730 ψυχροῦ
1628 2658 2035 2728 πλεονάζοντος,

367 2749 630 2822 παρέσεις
656 2748 751 2802 καὶ
772 2748 964 2820 τρόμοι
992 2749 1086 2802 καὶ
1112 2747 1442 2819 ἀποπληξίαι
1467 2749 1560 2801 καὶ
1579 2746 1747 2819 μυρία
1765 2749 1930 2819 ἕτερα
1953 2767 2038 2803 νο-

366 2837 588 2908 σήματα
611 2835 884 2889 τίκτεται*
922 2838 1017 2890 καὶ
1044 2835 1182 2898 ὅλως
1207 2836 1414 2906 ἑκάστη
1436 2836 1759 2907 νοσημάτων
1785 2835 1896 2890 ἰδέα
1926 2838 2038 2891 ἀπὸ

364 2926 463 2993 τῆς
501 2923 814 2990 πλεονεξίας
840 2921 950 2977 τῶν
993 2922 1273 2994 στοιχείων
1304 2923 1514 2993 γίνεται
1549 2923 1775 2987 τούτων,
1817 2925 1945 2979 ὅταν
1977 2926 2038 2979 τὸ

368 3017 557 3083 ἓτερον
580 3012 707 3073 τοὺς
753 3010 987 3074 οἰκείους
1019 3009 1266 3082 ὑπερϐάν
1305 3012 1466 3084 ὅρους
1508 3011 1650 3066 κατά
1697 3011 1805 3066 τῶν
1833 3012 2036 3066 λοιπῶν

365 3100 624 3169 τυραννῇ,
660 3099 752 3152 καὶ
780 3097 876 3169 τὴν
901 3099 1242 3172 συμμετρίαν
1272 3098 1578 3171 λυμήνηται
1605 3101 1782 3154 πᾶσαν
1810 3112 1856 3156 ο.

429 3181 739 3258 Ἐρώτησον
753 3184 929 3239 τοίνυν
947 3186 1038 3240 τὸν
1058 3186 1284 3257 λέγοντα
1299 3188 1580 3259 αὐτόματα
1598 3183 1818 3242 εἶναιτὰ
1838 3188 2031 3249 πάντα,

361 3273 456 3327 καὶ
487 3274 579 3344 ἀφ’
612 3274 821 3329 ἑαυτῶν
868 3276 1207 3331 συνεστάναι.
1269 3277 1335 3329 Εἰ
1382 3276 1440 3330 τὸ
1480 3276 1651 3348 βραχὺ
1686 3278 1844 3330 τοῦτο
1877 3277 2034 3347 σῶμα

361 3361 456 3415 καὶ
491 3361 706 3434 μικρὸν,
739 3362 835 3416 καὶ
863 3362 1170 3434 φαρμάκων
1202 3362 1473 3417 ἀπολαῦον
1501 3365 1597 3417 καὶ
1627 3363 1878 3435 ἰατρικῆς
1910 3366 2034 3417 ἐπι-

360 3449 596 3520 στήμης,
628 3448 846 3521 καὶτῆς
870 3449 1175 3524 διοικούσης
1197 3451 1328 3505 αὐτὸ
1356 3452 1534 3523 ψυχῆς
1564 3451 1731 3516 ἔνδον,
1761 3452 1854 3505 καὶ
1888 3451 2037 3520 φιλο-

361 3536 554 3606 σοφίας
595 3537 816 3608 πολλῆς.
866 3540 962 3592 καὶ¹
1009 3540 1217 3611 μυρίων
1272 3540 1477 3613 ἑτέρων
1516 3540 1899 3613 βοηθημάτων,
1934 3542 2035 3595 οὐκ

363 3621 538 3691 ἰσχύει
563 3621 853 3686 διαπαντὸς
881 3626 940 3676 ὲν
979 3626 1200 3697 εὐταξίᾳ
1231 3625 1431 3696 μένειν,
1465 3626 1581 3680 ἀλλ’
1605 3628 1901 3681 ἀπόλλυται
1939 3630 2034 3682 καὶ

358 3708 730 3780 διαφθείρεται
778 3710 1064 3776 πολλάκις,
1098 3712 1156 3764 ὲν
1189 3711 1340 3783 αὐτῷ
1395 3715 1640 3784 ταραχῆς
1701 3715 2030 3786 γενομένης·

358 3792 480 3857 πῶς
512 3794 579 3849 ἂν
614 3795 645 3847 δ
687 3795 943 3860 τοσοῦτος
979 3796 1184 3869 κόσμος
1213 3798 1503 3864 τοσούτους
1539 3801 1738 3870 ὄγκους
1766 3802 2034 3873 σωμάτων

360 3880 521 3951 ἔχων,
556 3882 654 3937 καὶ
684 3884 749 3938 ὲκ
775 3882 883 3937 τῶν
927 3884 1109 3938 αὐτῶν
1141 3886 1499 3958 συγκείμενος
1533 3889 1836 3960 στοιχείων,
1870 3891 1920 3944 εἰ
1957 3890 2033 3962 μὴ

359 3968 567 4040 πολλῆς
590 3970 880 4042 ἀπήλαυσε
904 3972 1178 4042 προνοίας,
1197 3973 1413 4044 ἔμεινεν
1433 3975 1499 4030 ἀν
1522 3976 1617 4030 ἐπὶ
1637 3976 1890 4031 τοσοῦτον
1906 3978 2033 4049 χρό-

358 4074 451 4111 νον
474 4058 780 4130 άτάραχοςς
812 4059 946 4114 Οὐδὲ
965 4062 1074 4132 γὰρ
1103 4060 1169 4115 ἂν
1199 4061 1313 4132 έχοι
1345 4062 1522 4133 λόγον,
1556 4064 1617 4119 τὸ
1648 4066 1747 4137 μὲν
1776 4065 2033 4138 προνοίας

358 4145 630 4201 ἀπολαῦον
656 4147 817 4218 ήμῶν
859 4148 1020 4220 σῶμα
1058 4149 1156 4203 xal
1191 4150 1293 4220 τῆς
1324 4149 1522 4217 ἔξωθεν
1550 4154 1645 4207 καὶ
1671 4157 1770 4226 τῆς
1796 4154 2027 4218 ἔνδοθεν,

362 4233 517 4304 μόλις
547 4234 791 4305 διαρκεῖν
814 4236 951 4307 πρὸς
975 4236 1075 4308 τὴν
1098 4239 1294 4292 ἑαυτοῦ
1323 4238 1584 4295 σύστασιν
1604 4258 1619 4272 ·
1642 4242 1735 4295 τὸν
1764 4242 1821 4296 δὲ
1841 4242 2025 4296 τοσοῦ-

356 4338 452 4377 τον
474 4321 697 4391 κόσμον,
724 4323 996 4394 μηδεμιᾶς
1016 4325 1357 4379 ἀπολαύοντα
1376 4327 1653 4397 προνοίας,
1676 4328 1769 4381 ἐπὶ
1794 4332 2031 4385 τοσαῦτα

359 4409 456 4481 ιτη
491 4409 657 4481 μηδὲν
688 4410 928 4464 τοιοῦτον
960 4412 1173 4477 παθεῖν,
1218 4409 1330 4470 οἷον
1360 4414 1420 4469 τὸ
1452 4416 1613 4487 σῶμα
1642 4416 1705 4470 τὸ
1742 4418 2028 4492 ἡμέτερον.

359 4494 488 4561 Πῶς
504 4496 619 4569 γὰρ
634 4497 755 4550 οὐδὲ
778 4495 836 4549 ἓν
850 4496 959 4551 τῶν
982 4500 1263 4570 στοιχείων
1284 4501 1509 4567 τούτων,
1532 4502 1655 4557 εἰπέ
1682 4521 1792 4574 μοι,
1810 4507 1936 4569 τοὺς
1955 4508 2033 4560 ol-

358 4584 543 4647 κείους
557 4584 827 4656 ύπερέϐηά
843 4586 1201 4657 ὄρους,καὶτά
1214 4588 1376 4642 λοιπὰ
1391 4590 1773 4661 κατηνάλωσεν
1790 4591 2028 4662 ἅπαντας

357 4671 444 4735 τίς
472 4672 530 4726 δὲ
556 4671 698 4725 αὐτὰ
728 4674 1033 4744 συνήγαγεν
1058 4674 1152 4727 ἀπ’
1179 4675 1384 4747 ἀρχῆςς
1417 4676 1504 4740 τίς
1531 4677 1709 4749 ἔδησε,
1738 4679 1822 4743 τίς
1846 4681 2030 4751 ἐχαλί-

359 4775 521 4824 νωσε,
563 4760 649 4823 τίς
677 4759 775 4814 ἐπὶ
820 4759 1074 4814 τοσοῦτον
1109 4761 1392 4834 διακρατεῖ
1430 4766 1656 4838 χρόνον;
1700 4767 1808 4820 Kal
1841 4770 1950 4840 γὰρ
1983 4772 2031 4824 εἰ

364 4846 465 4918 μιν
496 4846 705 4901 ἀπλοῦν
733 4849 827 4901 καὶ
859 4851 1129 4919 μονοειδὲς
1169 4846 1240 4923 ἦν
1266 4850 1362 4904 τοῦ
1396 4853 1603 4924 κόσμου
1629 4855 1691 4908 τὺ
1720 4855 1899 4927 σῶμα,
1933 4859 2034 4930 οὐχ

362 4934 537 4997 οὕτως
563 4932 824 4989 ἀδύνατον
840 4930 910 5007 ῆν
938 4935 1000 4989 τὸ
1022 4936 1312 5009 λεγόμενον
1328 4955 1342 4970 ·
1375 4939 1504 4994 ὅταν
1527 4940 1585 4994 δὲ
1616 4942 1763 5015 μάχη
1797 4945 2032 5018 τοσαύτη

361 5020 471 5074 τῶν
504 5020 784 5090 στοιχείων
817 5020 879 5087 ἐξ
914 5022 1088 5095 ἀρχῆς
1121 5019 1180 5098 ᾖ,
1221 5024 1304 5089 τίς
1333 5025 1507 5091 οὕτως
1550 5028 1777 5100 ἀνόητος
1825 5031 1901 5096 ὡς
1947 5035 2034 5087 ὲν-

362 5108 574 5179 νοῆσαι,
595 5107 677 5162 δτι
705 5108 876 5181 χωρὶς
907 5108 1005 5163 τοῦ
1039 5111 1365 5181 συνάγοντος
1409 5114 1637 5187 συνῆλθε
1674 5117 1849 5171 ταῦτα
1872 5120 2036 5174 αὐτό-

366 5212 533 5265 ματα,
556 5196 648 5249 καὶ
675 5196 998 5255 συνελθόντα
1031 5198 1276 5270 έμεινεν;
1301 5202 1365 5254 Εἰ
1385 5201 1494 5273 γάρ
1518 5203 1682 5273 ἡμεῖς
1707 5205 1827 5275 οὐχὶ
1849 5205 2033 5275 φύσει,

362 5282 501 5336 ἀλλὰ
543 5283 861 5356 προαιρέσει
897 5284 1036 5357 πρὸς
1075 5285 1338 5359 ἀλλήλους
1375 5286 1662 5358 ἐχθρωδῶς
1691 5288 1905 5359 ἔχοντες
1935 5295 2035 5348 οὐκ

365 5369 432 5425 ἂν
458 5370 756 5441 αὐτόματοι
786 5372 1025 5444 συμϐαίη
1037 5390 1156 5443 μεν,
1197 5374 1303 5439 ἕως
1347 5374 1413 5428 ἂν
1441 5374 1627 5446 ἐχθροὶ
1658 5377 1910 5450 μένωμεν
1942 5384 2036 5436 καὶ

365 5458 500 5528 πρὸς
525 5456 786 5528 ἀλλήλους
814 5457 1067 5530 ἔχωμενι⁵
1093 5459 1293 5531 ἀηδῶς,
1328 5459 1442 5515 ἀλλ’
1472 5462 1660 5533 ἐτέρου
1689 5463 1920 5535 δεόμεθα
1939 5468 2035 5522 τοῦ

367 5545 691 5612 συνάγοντος
710 5544 877 5620 ἡμᾶς,
898 5547 993 5603 καὶ
1020 5546 1159 5617 μετά
1173 5547 1234 5600 τὸ
1255 5551 1583 5615 συναγαγεῖν
1597 5551 2034 5622 ὲπισφίγγοντος,

364 5631 460 5684 καὶ
490 5630 767 5695 πείθοντος
801 5631 983 5702 μένειν
1015 5634 1107 5693 ἐπὶ
1144 5635 1244 5707 τῆς
1285 5636 1653 5712 καταλλαγῆς,
1695 5638 1789 5693 καὶ
1825 5642 1898 5713 μὴ
1928 5644 2036 5698 πά-

425 5719 454 5785 ξι
479 5718 629 5785 δεινῇ..
657 5726 712 5767 ει
737 5720 936 5785 quidam
962 5734 1079 5770 mss.
1105 5722 1367 5785 σύγκειται-

422 5777 453 5846 Ῑξ
484 5779 634 5846 βωξίῃί.
659 5787 713 5828 et
728 5777 914 5846 ahquot
934 5795 1048 5830 mss.
1073 5783 1128 5831 οὐ
1152 5777 1465 5846 ζωογονεῖται.
1490 5786 1610 5836 Mor.
1637 5789 1691 5838 οὐ
1719 5792 2034 5846 ζωοποιεῖται.

426 5845 455 5907 '_
475 5841 625 5907 S_avi.l..
649 5847 705 5888 el;
728 5840 917 5907 ιι-ιῇηιιοι
936 5857 1050 5891 mss.
1078 5840 1354 5904 λυμαίνηται
1378 5849 1584 5899 ἅπασαν.

429 5903 456 5966 d
486 5902 636 5966 δεινῇ.
659 5908 711 5966 ει
730 5902 895 5952 iidem.
923 5917 1037 5953 mss.
1063 5907 1259 5966 παρέϐη.

432 5965 456 5995 °
480 5961 632 6012 Savil.
660 5962 865 6027 ἔχοιμεν.

1153 353 1210 409 S.
1251 351 1538 409 JOANNIS
1571 351 2076 410 CHRYSOSTOMI
2102 353 2426 409 ABCHIEP.
2462 352 3021 412 CONSTANTINOP.

3732 358 3837 414 114

2156 467 2235 522 λιν
2278 468 2595 540 ἁποπηδᾷψ
2652 470 2769 534 πῶς
2820 469 2887 523 ἂν
2928 469 2997 523 τά
3024 469 3161 540 μήτε
3190 469 3454 540 λογισμοῦ
3482 470 3620 541 μήτε
3647 470 3849 541 αἰσθη-

2157 555 2293 619 σεως-
2328 574 2471 621 τινος
2513 558 2812 629 μετέχοντα
2851 561 3111 629 στοιχεῖα,
3154 558 3249 611 καὶ
3268 557 3435 626 φύσει
3466 557 3707 629 πολέμια
3739 558 3844 612 ἀλ-

2154 640 2334 713 λήλοις
2375 642 2506 697 ὄντα
2546 643 2642 697 καὶ
2685 642 2857 715 ἐχθρὰ
2900 643 3129 715 συνῆλθε
3164 644 3259 697 καὶ
3312 644 3533 715 συνέϐη,
3580 644 3675 698 καὶ
3717 643 3845 714 μετ’

2158 730 2401 800 ἀλλήλων
2436 731 2671 802 ἔμεινεν,
2706 734 2754 785 εἰ
2788 732 2863 804 μὴ
2895 730 3123 803 δύναμίς
3154 749 3237 796 τις
3283 727 3353 802 ἦν
3385 732 3643 804 ἄῤῥητος,
3679 733 3714 802 ή
3740 732 3845 786 καὶ

2154 818 2482 887 συνάγουσα,
2506 824 2602 872 καὶ
2637 818 2775 890 μετὰ
2805 819 2868 873 τὸ
2901 822 3225 889 συναγαγεῖν
3254 819 3544 884 διαπαντὸς
3571 819 3713 893 μετά
3737 818 3843 874 τοῦ

2152 904 2355 974 δεσμοῦ
2383 906 2573 960 τούτου
2603 907 2909 978 κατέχουσα
2925 923 2940 971 ;

2218 993 2411 1064 γ¹.οὐχ
2431 994 2563 1065 ὁρᾷς
2586 992 2870 1058 πῶςτοῦτο
2883 993 2944 1047 τὸ
2960 994 3116 1065 σῶμα
3143 993 3242 1065 τῆς
3268 992 3441 1065 ψυχῆς
3470 994 3786 1067 ἀποστάσης
3812 994 3838 1035 ί

2149 1079 2382 1152 διαρρεῖ,
2418 1082 2511 1134 καλ⁵
2547 1081 2890 1152 μαραίνεται,
2939 1082 3032 1135 καὶ
3076 1081 3394 1148 ἀπόλλυται,
3430 1084 3526 1137 καὶ
3557 1083 3697 1154 πρὸς
3732 1083 3841 1154 τὴν

2150 1165 2355 1218 οἰκείαν
2385 1164 2617 1220 ἕκαστον
2650 1167 2760 1221 τῶν
2809 1168 3089 1238 στοιχείων
3133 1167 3493 1239 ἐπανέρχεται
3520 1168 3707 1239 λῆξιν;
3758 1170 3842 1223 Τὸ

2155 1253 2286 1306 αὐτὸ
2308 1253 2375 1324 δὴ
2397 1252 2555 1307 τοῦτο
2584 1254 2805 1309 καὶέπὶ
2846 1254 3001 1308 τοῦδε
3047 1254 3265 1323 ἐγένετο
3295 1254 3361 1309 ἂν
3389 1255 3486 1309 τοῦ
3515 1256 3747 1326 κόσμου,
3782 1257 3839 1309 εἰ

2158 1339 2447 1393 κατέλιπεν
2468 1339 2629 1394 αὐτὸν
2658 1339 2862 1412 ἔρημον
2885 1340 2985 1411 τῆς
3009 1340 3216 1405 οἰκείας
3248 1341 3504 1412 προνοίας
3535 1344 3569 1414 ή
3593 1341 3836 1395 διαπαν-

2148 1424 2241 1487 τὸς
2269 1425 2431 1478 αὐτὸν
2462 1422 2781 1494 κυϐερνῶσα
2810 1425 3062 1495 δύναμις.
3114 1427 3178 1480 Εἰ
3208 1426 3319 1498 γάρ
3357 1426 3541 1483 πλοῖον
3570 1427 3701 1481 ἄνευ
3727 1444 3835 1482 κυ-

2150 1510 2411 1583 ϐερνήτου
2449 1512 2510 1563 οὐ
2546 1512 2880 1574 συνίσταται,
2911 1512 3049 1566 ἀλλά
3076 1512 3530 1576 καταποντίζεται
3562 1512 3836 1578 εὐκόλως,

2148 1601 2176 1653 ὁ
2204 1599 2406 1670 κόσμος
2431 1598 2550 1662 πῶς
2591 1598 2657 1653 ἂν
2704 1600 2933 1670 συνέστη
2970 1602 3063 1654 ἐπὶ
3104 1600 3359 1654 τοσοῦτον
3380 1600 3571 1673 χρόνον
3597 1601 3836 1672 μηδενὸς

2153 1684 2315 1739 αὐτὸν
2357 1686 2727 1757 κυϐερνῶντος
2749 1704 2763 1753 ;
2790 1688 2901 1741 Kal
2933 1688 3020 1741 ἵνα
3052 1688 3215 1760 μηδὲν
3240 1688 3382 1743 εἴπω
3401 1688 3581 1752 πλέον,
3603 1690 3833 1760 νόμισον

2148 1767 2288 1826 εἶναι
2322 1773 2504 1827 πλοῖον
2548 1775 2639 1826 τὸν
2685 1776 2909 1845 κόσμον,
2944 1774 3095 1848 [109]
3138 1777 3332 1847 τρόπιν
3369 1776 3692 1830 ὑποκεῖσθαι
3723 1776 3831 1847 τὴν

2153 1861 2277 1931 γῆν,
2308 1859 2452 1914 ἰστία
2480 1860 2574 1913 τὸν
2619 1860 2867 1932 οὐρανὸν,
2902 1861 3166 1925 ἐπιϐάτας
3192 1863 3321 1926 τοὺς
3356 1860 3696 1933 ἀνθρώπους,
3725 1862 3832 1915 πέ-

2146 1946 2307 2017 λαγος
2332 1949 2431 2020 τὴν
2461 1949 2824 2021 ὑποκειμένην
2869 1948 3106 2004 ἄϐυσσον
3136 1966 3150 1980 ’
3195 1949 3310 2013 πῶς
3333 1946 3427 2003 οὖν
3450 1949 3544 2003 ἐπὶ
3570 1949 3830 2003 τοσούτου

2148 2035 2346 2106 χρόνου
2373 2038 2399 2077 ε
2430 2035 2686 2105 ναυάγιον
2714 2036 2815 2089 οὐκ
2850 2035 3069 2105 ἐγένετο
3093 2053 3108 2102 ;
3156 2035 3314 2091 ἔασον
3337 2036 3467 2105 γοῦν
3489 2035 3672 2090 πλοῖον
3697 2036 3831 2107 μίαν

2160 2124 2370 2194 ἡμέραν
2409 2123 2579 2194 χωρὶς
2616 2123 2946 2194 κυϐερνήτου
2978 2124 3072 2177 καὶ
3103 2123 3334 2186 ναυτῶν,
3374 2123 3469 2177 καὶ
3499 2123 3620 2194 δψει
3655 2140 3833 2177 κατα-

2159 2208 2543 2279 ποπιζόμενον
2558 2206 2787 2271 εὐθέως·
2811 2207 2925 2262 ἀλλ’
2945 2208 2974 2261 ὁ
2996 2208 3199 2279 κόσμος
3222 2208 3374 2261 οὐδὲν
3393 2208 3631 2261 τοιοῦτον
3654 2207 3830 2262 ἔπαθε

2156 2297 2567 2368 πεντακισχίλια
2597 2297 2693 2350 καὶ
2715 2296 2897 2367 πολλῷ
2925 2296 3148 2350 πλείονα
3171 2297 3357 2350 λοιπὸν
3388 2296 3484 2368 ἐτη
3519 2295 3678 2367 ἔχων.
3715 2298 3831 2353 Kal

2149 2383 2204 2436 τί
2255 2383 2399 2453 λέγω
2432 2383 2650 2448 πλοῖον;
2687 2382 2929 2453 καλύϐην
2971 2385 3175 2455 μικράν
3215 2383 3453 2454 ὲπήξατό
3499 2400 3584 2447 τις
3612 2384 3671 2438 ὲν
3700 2386 3829 2448 ταῖς

2147 2469 2437 2539 ἀμπέλοις,
2472 2470 2566 2523 καὶ
2600 2469 2690 2523 τοῦ
2723 2469 2935 2541 καρποῦ
2972 2469 3422 2541 συναιρεθέντοςῦ
3456 2469 3669 2541 ἀφῆκεν
3698 2470 3832 2541 ἔρη-

2147 2572 2268 2626 μον,
2296 2556 2389 2609 καὶ
2417 2555 2537 2609 οὐδὲ
2576 2556 2668 2609 δύο
2700 2556 2960 2620 πολλάκις
3009 2556 3223 2628 ἡμέρας
3249 2556 3515 2628 διαμένει,
3540 2557 3676 2611 άλλά
3703 2556 3829 2610 δια-

2143 2642 2329 2698 λύεται
2351 2644 2445 2697 καὶ
2475 2643 2810 2696 καταπίπτει
2835 2644 3067 2714 ταχέως.
3096 2640 3227 2696 Εἶτα
3257 2643 3467 2715 καλύϐη
3503 2644 3600 2714 μὲν
3624 2645 3728 2697 οὐκ
3756 2643 3825 2697 ἂν

2145 2731 2302 2801 σταίη
2329 2730 2499 2800 χωρὶς
2526 2728 2621 2782 τοῦ
2655 2730 3031 2798 προνοοῦντος,
3064 2729 3455 2801 δημιούργημα
3483 2729 3541 2784 δὲ
3566 2729 3831 2783 τοσοῦτον

2141 2818 2283 2872 οὕτω
2320 2817 2482 2871 καλὸν
2522 2819 2619 2871 καὶ
2656 2817 2985 2888 θαυμαστὸν,
3023 2820 3119 2873 καὶ
3145 2819 3299 2888 νόμοι
3331 2819 3526 2881 νυκτὸς
3559 2818 3653 2871 καὶ
3683 2817 3827 2887 ήμές

2144 2920 2262 2975 ρας.
2293 2904 2386 2956 καὶ
2399 2901 2557 2973 ὡρῶν
2586 2902 2984 2975 ὲνηλλαγμέναι
3023 2906 3252 2974 χορεῖαι,
3276 2904 3370 2956 καὶ
3386 2902 3599 2971 φύσεως
3623 2901 3827 2973 δρόμος

2142 2990 2383 3054 ποικίλος
2409 3008 2494 3055 τις
2557 2990 2656 3046 καὶ
2690 2989 3030 3053 παντοδαπὸς
3073 2993 3131 3044 ὲν
3174 2994 3244 3062 γῇ
3280 2992 3374 3044 καὶ
3421 2989 3684 3061 θαλάττῃ,
3724 2990 3825 3041 καὶ

2142 3077 2288 3148 ἀέρι,
2330 3078 2425 3130 καὶ
2470 3076 2704 3148 οὐρανῷ,
2754 3077 2848 3131 καὶ
2887 3081 3094 3148 φυτοῖς,
3129 3079 3223 3131 καὶ
3264 3078 3422 3142 ζώοις
3479 3076 3823 3145 πετομένοις,

2142 3163 2481 3234 νηχομένοις,
2532 3162 2858 3233 βαδίζουσιν,
2907 3164 3155 3236 ἓρπουσι,
3214 3165 3309 3217 καὶ
3356 3165 3414 3217 ὲν
3474 3163 3552 3234 τῷ
3597 3162 3822 3218 πάντων

2147 3249 2368 3304 ἐκείνων
2396 3251 2715 3322 κυριωτέρῳ
2734 3251 2842 3305 τῶν
2866 3251 3167 3324 ἀνθρώπιον
3188 3251 3357 3321 γένει,
3382 3250 3500 3315 πῶς
3525 3251 3591 3305 ἂν
3621 3251 3824 3317 διέμει-

2141 3353 2228 3391 νεν
2280 3338 2373 3391 ἐπὶ
2407 3336 2660 3392 τοσοῦτον
2710 3340 3049 3403 ἀδιάπτωτος
3094 3339 3286 3410 χρόνον
3331 3338 3500 3409 χωρὶς
3561 3338 3821 3408 προνοίας

2139 3424 2311 3489 τινός;
2347 3424 2502 3478 Μετά
2526 3424 2636 3495 γάρ
2662 3425 2771 3479 τῶν
2792 3428 3101 3498 εἰρημένων
3132 3426 3327 3480 έπελθέ
3353 3443 3442 3497 μοι
3467 3425 3594 3489 τοὺς
3625 3425 3825 3497 λειμῶ-

2140 3528 2238 3574 νας
2280 3513 2357 3582 τῷ
2403 3511 2567 3582 λόγῳ,
2596 3514 2723 3577 τοὺς
2775 3514 3159 3585 παραδείσους,
3196 3513 3265 3567 τά
3316 3512 3447 3584 γένη
3480 3511 3590 3566 τῶν
3615 3512 3817 3581 ἀνθῶν,

2142 3597 2241 3661 τὰς
2273 3597 2500 3668 βοτάνας
2533 3599 2768 3664 ἁπάσας,
2810 3602 2911 3664 τὰς
2951 3600 3140 3671 χρείας
3196 3599 3396 3664 αὐτῶν,
3423 3601 3521 3670 τήν
3564 3599 3817 3665 εὐωδίαν,

2138 3685 2206 3737 τά
2238 3685 2513 3755 σχήματα,
2534 3685 2631 3756 τὴν
2657 3685 2826 3751 θέσιν,
2854 3686 2924 3740 τὰ
2948 3687 3189 3757 ὀνόματα
3236 3685 3414 3757 μόνον’
3449 3686 3513 3741 τὰ
3535 3686 3727 3758 δένδρα
3748 3688 3819 3743 τὰ

2139 3772 2413 3843 ἔγκαρπα.
2467 3771 2538 3826 τά
2593 3773 2848 3843 ἄκαρπα·
2894 3772 3006 3826 τῶν
3055 3772 3331 3843 μετάλλων
3360 3773 3461 3845 τήν
3494 3772 3677 3843 φύσιν·
3706 3773 3817 3829 τῶν

2142 3858 2297 3923 ζώων
2322 3858 2432 3911 τῶν
2463 3860 2521 3912 ὲν
2562 3857 2823 3931 θαλάττῃ,
2854 3860 2963 3912 τῶν
2995 3861 3053 3914 ὲν
3081 3863 3148 3931 τῇ
3194 3863 3288 3931 γῇ,
3318 3860 3425 3914 τῶν
3446 3860 3680 3931 νηκτῶν,
3706 3859 3817 3916 τῶν

2138 3946 2478 4017 άεροπόρων·
2515 3945 2585 3999 τὰ
2612 3945 2735 4017 δρη,
2769 3946 2870 4008 τὰς
2901 3945 3097 4011 νάπας,
3114 3946 3240 4010 τοὺς
3257 3946 3515 4018 δρυμοὺς,
3541 3947 3634 4000 τὸν
3663 3949 3817 4003 κάτω

2136 4032 2398 4104 λειμῶνα,
2444 4033 2536 4086 τὸν
2568 4035 2681 4087 ἄνω
2724 4032 2967 4103 λειμῶνα
3025 4035 3140 4106 (καὶ
3182 4033 3293 4105 γάρ
3330 4037 3388 4088 ὲν
3412 4037 3480 4106 τῇ
3511 4039 3582 4106 γῇ
3610 4035 3817 4106 λειμὼν

2137 4120 2233 4174 καὶ
2259 4122 2317 4173 ὲν
2337 4119 2417 4191 τῷ
2437 4119 2648 4191 οὐρανῷ
2675 4119 2924 4191 λειμὼν),
2944 4121 3014 4174 τά
3037 4122 3258 4176 ποικίλα
3280 4122 3389 4175 τῶν
3413 4121 3628 4189 ἄστρων
3651 4124 3814 4195 ἄνθη,

2136 4207 2286 4261 κάτω
2309 4207 2459 4277 ῥόδα.
2486 4207 2599 4261 ἄνω
2635 4202 2766 4278 ἰρις.
2817 4207 3003 4261 Βούλει
3051 4208 3148 4263 καὶ
3186 4209 3280 4262 ἐπὶ
3325 4208 3436 4262 τῶν
3468 4209 3699 4281 ὀρνίθων
3729 4228 3815 4266 σοι

2134 4291 2294 4356 δείξω
2311 4290 2580 4361 λειμῶνα;
2604 4292 2885 4363 κατάμαθε
2906 4293 3000 4347 τοῦ
3024 4293 3140 4349 ταὼ
3159 4296 3174 4335 ί
3203 4294 3266 4348 τὸ
3288 4295 3445 4365 σῶμα
3487 4295 3551 4348 τὸ
3570 4296 3819 4352 ποικίλον

2136 4378 2231 4431 καὶ
2248 4379 2426 4431 πᾶσαν
2449 4378 2773 4450 ὑπερϐαῖνον
2791 4378 2991 4451 βαφὴν,
3015 4382 3141 4446 τοὺς
3167 4380 3599 4453 πορφυρίζοντας
3621 4398 3818 4454 στρου-

2136 4464 2281 4529 θούς.
2300 4465 2582 4537 Ἐννόησόν
2605 4484 2695 4538 μοι
2714 4466 2777 4520 τὸ
2795 4467 2987 4531 κάλλος
3002 4467 3094 4520 τοῦ
3118 4468 3180 4521 οὐ
3189 4467 3350 4538 ρανοῧ
3369 4470 3536 4522 πόσον
3556 4468 3669 4541 ἔχει
3691 4471 3816 4543 χρό-

2136 4569 2226 4606 νον
2253 4552 2347 4605 καὶ
2369 4552 2471 4606 οὐκ
2494 4553 2819 4625 ἡμαυρὼθη,
2842 4553 2957 4608 ἀλλ’
2981 4554 3172 4627 ὥσπερ
3201 4557 3439 4626 σήμερον
3465 4573 3817 4613 κατασκευάς

2139 4638 2306 4703 σθεὶς,
2349 4638 2523 4705 οὕτως
2564 4641 2710 4695 ἐστὶν
2734 4641 3073 4695 ἀποστίλϐων
3112 4643 3208 4696 καὶ
3233 4642 3485 4714 λαμπρός
3508 4660 3524 4675 ·
3574 4646 3674 4715 τῆς
3709 4645 3818 4716 γῆς

2135 4729 2234 4801 τὴν
2262 4729 2516 4801 δύναμιν,
2549 4728 2666 4795 πῶς
2693 4732 2792 4784 οὐκ
2820 4731 3084 4803 ἠτόνησεν
3114 4731 3288 4802 αὐτῆς
3309 4735 3344 4804 ἡ
3376 4734 3590 4806 γαστὴρ
3624 4733 3819 4788 τοσοῦη

2135 4833 2229 4871 τον
2252 4817 2512 4871 τίκτουσα
2537 4817 2746 4889 χρόνον.
2778 4818 3058 4887 Ἐννόησόν
3082 4837 3171 4889 μοι
3197 4821 3297 4883 τὰς
3328 4821 3511 4890 πηγὰς
3546 4821 3665 4884 πῶς
3681 4823 3818 4875 ἀνα-

2138 4902 2414 4968 ϐλύζουσι,
2452 4906 2549 4958 καὶ
2586 4905 2688 4959 οὐκ
2735 4906 2991 4961 ἐπέλιπον
3038 4905 3104 4972 ὲξ-
3142 4900 3203 4962 οὐ
3250 4907 3507 4976 γεγόνασι
3547 4906 3818 4978 διηνεκῶς

2140 4992 2399 5063 βρύουσαι
2443 4992 2538 5045 καὶ
2569 4992 2783 5064 ἡμέραν
2833 4995 2926 5048 καὶ
2958 4993 3133 5048 νύκτα
3169 4995 3383 5047 πᾶσαν·
3434 4994 3688 5062 ὲννόησόν
3724 5014 3817 5067 μοι

2137 5080 2238 5151 τὴν
2266 5079 2554 5141 θάλατταν,
2593 5080 2791 5146 πόσους
2821 5080 3085 5152 δεχομένη
3127 5080 3408 5152 ποταμοὺς
3444 5082 3543 5151 οὐχ
3571 5082 3816 5154 ὑπερέϐη

2137 5167 2200 5220 τὸ
2223 5166 2442 5239 μέτρον.
2487 5165 2648 5220 Ἀλλά
2673 5168 2836 5240 μέχρι
2858 5168 3002 5233 τίνος
3032 5168 3302 5240 διώκομεν
3325 5169 3595 5241 ἀκίχητα;
3630 5171 3818 5236 ’Δξιον

2141 5254 2226 5323 ἐφ’
2257 5253 2472 5326 ἑκάστῳ
2494 5253 2604 5307 τῶν
2632 5255 2936 5328 εἰρημένων
2959 5256 3139 5325 λέγειν
3162 5274 3176 5289 ·
3219 5258 3313 5322 Ὠς
3339 5257 3713 5326 ἐμεγαλύνθη
3742 5260 3820 5313 τὰ

2140 5341 2284 5412 ἔργα
2303 5358 2441 5406 σου,
2472 5343 2649 5411 Κύριε
2666 5343 2685 5397 .'
2739 5342 2936 5399 πάντα
2967 5345 3039 5398 ἐν
3074 5346 3259 5415 σοφίᾳ
3295 5345 3608 5411 ἐποίησας.
3654 5345 3821 5407 Ἀλλὰ

2139 5429 2223 5492 τίς
2275 5431 2304 5483 ὁ
2349 5428 2514 5499 σοφὸς
2559 5430 2665 5484 τῶν
2713 5431 2960 5485 ἀπίστων
3003 5432 3183 5500 λόγος,
3217 5432 3345 5486 ὅταν
3387 5431 3603 5491 ἅπαντα
3641 5432 3820 5488 ταῦτα

2140 5512 2437 5584 διέλθωμεν
2474 5515 2610 5586 πρὸς
2635 5516 2849 5580 αὐτοὺς,
2883 5518 2941 5570 τὸ
2974 5518 3221 5587 μέγεθος,
3260 5518 3322 5572 τὸ
3349 5517 3546 5581 κάλλος
3568 5518 3668 5590 τῆς
3696 5519 3818 5572 κτί-

2144 5617 2306 5666 σεως,
2334 5601 2432 5673 τὴν
2456 5601 2758 5671 δαψίλειαν,
2789 5604 2887 5675 τὴν
2909 5604 3166 5674 ἀφθονίαν
3199 5605 3296 5677 τὴν
3326 5609 3384 5661 ἐν
3404 5606 3611 5661 ἅπασιν
3635 5622 3650 5672 ;
3676 5607 3819 5665 Αὐτὸ

2145 5687 2244 5758 μὲν
2276 5684 2369 5741 οὖν
2395 5689 2554 5743 τοῦτο
2590 5690 2825 5760 μάλιστά
2856 5694 3002 5745 ἐστιν
3042 5692 3315 5766 ἔγκλημα,
3346 5693 3532 5763 φησὶν,
3566 5695 3647 5747 ὅτι
3671 5693 3817 5748 οὓτω

2210 5794 2230 5869 ξ
2261 5797 2544 5869 Eepgionem
2572 5801 2763 5869 Sayilii,
2794 5804 3091 5869 ἀποστάσης,
3136 5804 3347 5856 reddidit
3380 5807 3645 5869 interpres.
3675 5807 3809 5860 Enn.

2206 5861 2230 5931 ξε
2485 5877 2601 5931 [ηδε.
2631 5865 2707 5912 ἐπὶ
2730 5865 2959 5915 τοσοῦτον
2980 5861 3163 5931 χρόνον.

2206 5918 2233 5957 ιι
2256 5923 2401 5983 Savil.
2428 5924 2659 5983 ἀρθέντος-

2212 5994 2224 6020 ι
2258 5982 2406 6034 Savil.
2430 5992 2481 6033 el
2506 5987 2705 6047 quidam
2728 6002 2841 6038 mss.
2868 5988 2953 6039 τοῦ
2975 5994 3168 6050 nimo;
3200 5993 3373 6046 Morel.
3401 6000 3451 6045 cl
3473 5993 3557 6046 alii
3582 5994 3670 6046 τοῦ
3689 6010 3808 6058 τσῳ.
