3920 6224
271 404 380 461 115

265 517 433 583 heat,
479 523 532 571 et
575 514 844 570 vinculum
909 513 977 567 sit
1037 511 1131 566 Dei
1186 510 1452 565 voluntas.
1514 509 1646 566 Huic
1694 507 1852 563 hodie

265 607 508 663 sermoni
560 605 788 674 amplius
845 602 1117 658 immorari
1170 601 1294 656 volo
1327 641 1343 666 ,
1386 600 1481 655 sed
1528 599 1850 670 expergisci-

268 699 424 766 mini,
451 708 507 755 et
529 698 814 764 diligenter
847 695 1002 751 nobis
1025 694 1301 750 attendite.
1329 692 1401 749 Ut
1420 703 1596 747 autem
1625 692 1854 746 miracu-

264 790 378 846 lum
413 791 504 846 liat
534 788 867 845 manifestius
906 804 940 843 a
966 802 1190 858 corpore
1222 797 1408 842 nostro
1443 785 1850 841 demonstratio-

266 897 393 938 nem
438 880 626 938 horum
673 881 885 936 faciam.
916 879 1127 935 Etenim
1166 891 1361 948 corpus
1402 885 1642 932 nostrum
1692 875 1854 930 breve

265 974 371 1028 hoc
401 984 456 1029 et
483 989 704 1043 parvum
731 988 764 1029 e
796 982 1024 1043 quatuor
1050 970 1401 1040 compositum
1431 978 1515 1024 est
1538 967 1849 1032 elementis,

263 1065 442 1120 calido
460 1064 693 1135 quidem,
727 1077 857 1132 sang
898 1062 983 1117 ine
1007 1077 1024 1126 ;
1049 1061 1195 1116 sicco
1213 1074 1342 1114 vero
1364 1100 1379 1125 ,
1406 1058 1513 1114 bile
1545 1057 1680 1112 ﬂava
1709 1074 1724 1123 ;
1749 1056 1851 1109 hu-

266 1157 439 1221 mido,
464 1155 686 1226 pituita;
716 1153 925 1224 frigido,
952 1162 1066 1208 atra
1090 1152 1214 1207 bile.
1238 1151 1306 1206 Et
1326 1165 1484 1206 nemo
1504 1150 1849 1219 incongruum

264 1249 413 1301 hunc
435 1255 583 1316 putet
609 1260 730 1301 esse
759 1258 1062 1307 sermonem
1094 1260 1107 1296 :
1138 1241 1436 1312 Spiritualis
1460 1255 1651 1310 nempe
1679 1240 1851 1293 omnia

262 1339 547 1410 diiudicat,
576 1337 687 1408 ipse
726 1352 840 1391 vero
867 1352 901 1389 a
941 1335 1137 1389 nemine
1180 1332 1489 1404 dijudicatur
1515 1330 1535 1403 (
1564 1333 1614 1385 1.
1645 1329 1764 1385 Cor.
1790 1330 1846 1383 2.

259 1432 335 1488 15
364 1432 404 1501 ).
437 1429 525 1486 Sic
561 1438 616 1485 et
654 1428 851 1484 Paulus
878 1427 1216 1497 agricultura:
1254 1425 1490 1478 rationes
1529 1423 1738 1492 tetigit,
1782 1421 1849 1475 de

260 1520 657 1577 resurrectione
683 1519 836 1575 nobis
860 1517 1129 1573 disserens
1157 1529 1173 1570 :
1205 1515 1392 1579 Stulte,
1418 1514 1606 1584 inquit,
1636 1523 1691 1566 tu
1715 1511 1849 1581 quod

259 1613 481 1668 semina:
517 1627 619 1665 non
657 1610 935 1676 uiuiﬁcatur
955 1650 974 1677 ,
1000 1607 1097 1661 nisi
1124 1606 1369 1660 moriatur
1392 1598 1783 1671 (1.Cor.i5.56
1805 1601 1845 1673 ).

259 1701 321 1755 Si
350 1716 481 1756 vero
505 1702 692 1756 beatus
718 1699 810 1755 ille
829 1699 897 1754 de
919 1697 1241 1768 agricultura
1266 1709 1570 1750 sermonem
1597 1693 1845 1754 habebat.

258 1806 332 1846 ne
362 1806 459 1847 nos
483 1791 745 1861 quispiam
774 1797 989 1844 accuset
1027 1788 1074 1843 si
1114 1786 1485 1842 medicinalem
1515 1784 1848 1854 disciplinam

258 1883 583 1952 attingamus
612 1900 629 1937 :
654 1879 721 1936 de
759 1879 853 1935 Dei
884 1878 1027 1935 enim
1073 1878 1343 1933 creatione
1370 1891 1513 1932 nunc
1543 1875 1699 1931 nobis
1722 1890 1848 1930 ora-

258 1975 358 2041 tio,
388 1984 444 2029 et
484 1973 841 2029 necessarium
886 1972 1042 2027 nobis
1065 1980 1149 2026 est
1176 1970 1333 2038 hujus
1354 1969 1651 2039 disciplinae
1691 1982 1851 2038 argu-

257 2075 522 2121 mentum.
552 2064 704 2132 Quod
753 2063 913 2134 igitur
938 2073 1061 2119 ante
1087 2063 1194 2117 dixi
1218 2104 1235 2128 ,
1262 2078 1329 2117 ex
1357 2070 1586 2132 quatuor
1622 2060 1707 2116 his
1734 2061 1847 2116 ele-

257 2159 457 2213 mentis
484 2171 681 2226 corpus
701 2156 857 2211 nobis
877 2156 1230 2223 compositum
1250 2163 1354 2220 est,
1377 2161 1432 2208 et
1457 2154 1503 2207 si
1527 2167 1651 2223 pars
1676 2167 1705 2206 a
1736 2162 1848 2207 toto

254 2250 535 2317 dissideat,
564 2264 629 2304 ex
680 2247 787 2303 hoc
833 2246 1056 2303 dissidio
1102 2261 1250 2301 mors
1284 2246 1512 2300 efficitur
1542 2263 1555 2298 :
1588 2253 1649 2299 ut
1675 2252 1800 2313 puta
1825 2285 1841 2310 ,

254 2341 366 2397 bile
412 2339 880 2411 superabundaute
932 2338 1243 2408 producitur
1291 2336 1457 2392 febris
1488 2377 1504 2399 ,
1534 2343 1591 2390 et
1633 2336 1677 2389 si
1708 2336 1846 2390 ultra

255 2448 564 2488 mensuram
594 2431 913 2502 praevaleat,
943 2430 1101 2485 finem
1131 2429 1284 2484 affert
1310 2428 1647 2484 celerrimum
1674 2445 1686 2481 :
1721 2442 1844 2481 rur-

253 2542 378 2581 sum
407 2525 597 2595 frigido
634 2524 1136 2595 superabundante,
1184 2522 1445 2593 paralysis
1488 2530 1544 2576 et
1588 2530 1846 2575 tremores

254 2625 315 2671 et
332 2615 625 2685 apoplexiae
645 2622 701 2669 et
720 2614 985 2669 innumeri
1009 2612 1181 2668 morbi
1212 2612 1508 2682 pariuntur,
1536 2619 1591 2665 et
1627 2609 1846 2663 omnino

252 2721 484 2776 qumque
530 2705 902 2775 aegritudinum
922 2746 927 2752 .
948 2702 1114 2759 forma
1142 2703 1210 2758 ab
1238 2704 1425 2757 horqu
1456 2702 1843 2757 elementorum

252 2796 741 2866 superabundantia
768 2796 1022 2861 nascitur,
1041 2793 1254 2864 quando
1283 2808 1444 2847 unum
1471 2807 1536 2847 ex
1564 2792 1692 2861 ipsis
1723 2805 1846 2861 pro-

255 2888 406 2959 prios
454 2886 722 2943 excedens
776 2888 1070 2952 terminos,
1113 2893 1298 2941 contra
1345 2883 1449 2939 alia
1501 2883 1847 2954 insurgit,et

255 2994 477 3035 omnem
510 2978 656 3032 laedit
682 2977 1066 3050 symmetriam.

331 3068 558 3124 Mundus
573 3070 680 3124 sine
694 3069 791 3124 Dei
806 3069 1118 3141 prouidentia
1144 3079 1277 3124 stare
1302 3067 1839 3139 nequit.—lnterroga

255 3161 425 3232 igitur
438 3161 727 3226 dicentem,
744 3161 888 3231 quod
909 3175 1004 3231 per
1037 3176 1098 3217 se
1124 3170 1247 3216 nata
1265 3161 1467 3226 omnia,
1487 3176 1584 3230 per
1597 3175 1657 3215 se
1673 3159 1846 3213 subsi-

254 3261 419 3308 stant.
435 3253 490 3308 Si
508 3253 668 3308 breve
682 3251 786 3308 hoc
807 3261 861 3307 et
879 3251 1148 3307 modicum
1164 3266 1357 3321 corpus
1382 3250 1844 3316 medicaminibus,

256 3352 310 3399 et
329 3342 631 3398 medicinali
667 3343 889 3399 scientia
910 3351 1085 3406 utens,
1114 3342 1288 3397 anima
1307 3341 1529 3397 interius
1550 3339 1848 3412 ipsumdis-

257 3436 500 3500 ponente
554 3446 618 3486 ac
636 3431 801 3486 multa
819 3430 1149 3502 phil050phia
1167 3439 1222 3487 et
1237 3429 1711 3487 innumerabilibus
1725 3430 1849 3487 aliis

257 3521 487 3588 auxiliis,
510 3537 615 3578 non
633 3537 847 3592 semper
860 3523 913 3577 in
932 3523 1075 3578 bono
1090 3530 1228 3578 statu
1249 3537 1560 3593 permanere
1575 3522 1733 3589 valet,
1753 3521 1846 3577 sed

259 3613 465 3679 peritet
486 3612 844 3682 corrumpitur
869 3613 1085 3683 saepius,
1113 3613 1412 3668 turbatione
1429 3613 1480 3667 in
1517 3614 1634 3682 ipso
1662 3611 1799 3667 facta
1829 3631 1841 3665 :

259 3703 528 3770 quomodo
545 3709 720 3758 tantus
734 3702 1161 3771 mundus,tantas
1172 3702 1372 3759 habens
1381 3717 1664 3774 corporum
1680 3704 1848 3758 moles

258 3799 314 3846 et
331 3807 400 3846 ex
416 3791 602 3846 iisdem
618 3794 943 3862 compositus
954 3794 1252 3859 elementis,
1273 3794 1373 3849 nisi
1391 3795 1554 3851 multa
1575 3795 1849 3863 providen-

259 3882 335 3936 tia
351 3881 788 3947 frueretur,tanto
805 3893 1043 3954 tempore
1076 3885 1489 3955 imperturbatus
1503 3900 1719 3940 manere
1754 3900 1848 3955 po-

260 3974 495 4030 tuisset?
530 3975 640 4031 Nec
658 3978 799 4032 enim
826 3993 946 4033 cum
972 3979 1180 4034 ratione
1208 3979 1321 4034 fieri
1360 3989 1561 4050 posset,
1590 3989 1648 4034 ut
1671 3979 1847 4050 provi-

260 4064 495 4118 dentiam
524 4057 737 4134 quidem
771 4065 973 4122 habens
1014 4068 1235 4123 interius
1269 4076 1326 4123 et
1348 4068 1583 4123 exterius
1607 4077 1847 4124 nostrum

261 4168 478 4223 corpus,
508 4156 595 4209 vix
637 4155 704 4210 ad
745 4157 827 4211 sui
852 4158 1310 4214 conservationem
1341 4158 1636 4226 sufficeret;
1671 4167 1847 4216 tantus

260 4262 394 4302 vero
407 4248 639 4304 mundus
655 4249 798 4304 nulla
815 4251 995 4307 fruens
1015 4253 1345 4322 providentia
1367 4269 1463 4324 per
1482 4262 1562 4308 tot
1580 4269 1750 4309 annos
1770 4256 1846 4311 nil

262 4340 369 4394 tale
396 4348 667 4410 pateretur
688 4343 842 4412 quale
861 4358 1056 4413 corpus
1074 4355 1336 4400 nostrum.
1379 4346 1658 4414 Quomodo
1703 4348 1844 4403 enim

262 4433 468 4488 nullum
494 4433 683 4490 borum
714 4436 1098 4493 elementorum
1121 4477 1138 4505 ,
1165 4452 1370 4508 quzeso,
1397 4440 1643 4509 proprios
1669 4449 1846 4495 trans-

262 4524 836 4593 eenditterminos,nec
878 4529 1083 4598 reliqua
1118 4529 1297 4583 omnia
1329 4530 1698 4599 consumpsit?
1724 4531 1846 4602 quis

262 4630 393 4672 vero
442 4618 554 4688 ipsa
601 4620 670 4675 ab
712 4619 863 4675 initio
901 4620 1223 4691 conjunxit?
1257 4620 1376 4692 quis
1424 4620 1697 4678 devinxit?
1728 4624 1846 4694 quis

263 4706 528 4763 frenavit?
555 4710 675 4779 quis
701 4724 872 4780 usque
914 4711 967 4766 in
1018 4721 1223 4767 tantum
1253 4724 1463 4783 tempus
1489 4717 1761 4771 continet?
1789 4716 1846 4772 Si

262 4799 405 4853 enim
428 4799 651 4871 simplex
677 4810 731 4855 et
758 4801 1024 4858 uniforme
1048 4803 1238 4860 fuisset
1265 4805 1448 4860 mundi
1478 4821 1700 4876 corpus,
1738 4823 1843 4862 non

262 4899 372 4943 tam
400 4888 733 4959 impossibile
769 4890 958 4948 fuisset
984 4894 1125 4964 quod
1166 4893 1393 4962 dicitur;
1426 4896 1640 4967 quando
1666 4907 1845 4954 autem

262 4986 413 5033 tanta
438 4982 824 5037 elementorum
852 4999 1023 5054 pugna
1051 4984 1149 5040 fuit
1181 4986 1249 5041 ab
1275 4986 1445 5052 initio,
1467 4988 1587 5057 quis
1612 4997 1720 5044 tam
1749 4990 1846 5046 de-

261 5085 439 5134 tuens,
469 5080 528 5127 ut
553 5081 703 5143 putet
725 5075 844 5130 sine
884 5087 1108 5146 cogente
1134 5076 1248 5133 haec
1291 5092 1387 5148 per
1424 5094 1484 5135 se
1510 5081 1843 5148 convenisse,

259 5172 314 5217 et
343 5163 624 5233 conjuncta
644 5167 942 5223 mansisse?
967 5168 1021 5223 Si
1060 5168 1199 5224 enim
1229 5184 1329 5224 nos
1358 5185 1465 5225 non
1504 5179 1690 5226 natura
1711 5211 1728 5240 ,
1753 5173 1847 5229 sed

261 5253 537 5309 voluntate
556 5256 696 5312 male
720 5267 906 5312 mutuo
924 5258 1098 5314 affecti
1126 5267 1317 5328 sponte
1340 5274 1446 5314 non
1474 5261 1844 5327 convenimus,

259 5343 434 5399 donec
457 5360 734 5402 manemus
759 5348 972 5404 inimici
994 5358 1049 5405 et
1074 5350 1280 5405 offenso
1315 5350 1385 5404 ab
1412 5350 1637 5406 invicem
1662 5352 1844 5406 animo

256 5438 613 5506 dissidemus;
642 5441 736 5496 sed
762 5442 933 5498 altero
960 5442 1255 5514 indigemus
1279 5443 1375 5513 qui
1399 5456 1496 5497 nos
1535 5442 1842 5512 coniungat,

256 5538 316 5584 et
343 5537 625 5609 postquam.
658 5531 1022 5602 conjunxerit,
1052 5534 1378 5602 constringat
1406 5533 1536 5588 etin
1575 5548 1706 5604 pace
1734 5548 1846 5586 ma-

255 5634 391 5676 nere
432 5622 785 5690 persuadeat,
820 5638 991 5694 neque
1029 5640 1240 5679 rursum
1271 5624 1479 5680 resilire
1506 5640 1520 5677 :
1552 5641 1659 5695 quo
1686 5624 1844 5680 modo

252 5709 521 5766 elementa
553 5729 725 5783 neque
760 5714 964 5770 ratione
988 5732 1163 5786 neque
1186 5732 1347 5773 sensu
1376 5717 1486 5772 ullo
1513 5718 1752 5787 prtedita,
1782 5734 1844 5775 ac

254 5802 359 5860 sibi
374 5820 472 5876 per
500 5816 738 5867 naturam
760 5809 967 5866 inimica
985 5810 1775 5883 etadversantia,couvenissent
1790 5822 1843 5871 et

1259 399 1351 455 AD
1390 396 1712 455 POPULUM
1749 394 2238 453 ANTIOCIIENUM
2299 394 2528 452 HOMIL.
2568 394 2637 451 X.

3439 394 3539 451 114

1958 523 2243 578 congressa
2261 508 2562 575 fuissent,et
2577 507 2801 563 alterum
2814 523 2934 564 cum
2947 506 3114 563 altero
3126 505 3419 577 potuissent
3432 526 3496 580 pc
3504 531 3552 567 τ.

1946 601 2304 667 'manere,nisi
2320 603 2554 673 potentia
2567 601 2809 672 quaedam
2824 611 2967 657 esset
2979 599 3398 665 iuetfabilis,quze
3413 614 3543 653 con~

1955 704 2219 763 gregaret,
2243 702 2296 747 et
2312 703 2630 762 congregata
2658 709 2769 749 sem
2778 708 2870 763 per
2885 694 2987 749 hoe
3006 693 3219 749 vinculo
3238 691 3547 749 cohiberet?

2027 785 2080 839 3.
2120 782 2235 838 Non
2265 784 2442 838 cernis
2463 784 2729 854 quomodo
2751 799 2948 854 corpus
2968 784 3070 841 hoc
3096 784 3271 839 anima
3292 783 3539 839 avolante

1957 871 2141 928 deﬂuit
2178 882 2233 928 et
2269 873 2513 938 tabescit,
2543 884 2597 928 et
2620 874 2891 945 perditur,
2914 876 2966 929 et
2991 877 3043 929 iu
3086 891 3239 930 suam
3289 874 3538 945 quodque

1957 964 2341 1019 elementorum
2371 965 2658 1020 revertitur
2684 978 2884 1020 sortem
2901 967 2925 1007 ν
2956 966 3067 1020 [loc
3101 966 3272 1034 ipsum
3300 965 3536 1036 profecto

1957 1062 2010 1109 et
2029 1055 2082 1108 in
2108 1054 2209 1109 hoc
2239 1054 2391 1110 ﬁeret
2416 1055 2638 1122 mundo,
2676 1056 2721 1110 si
2751 1056 2918 1110 virtus
2950 1066 3205 1127 perpetuo
3236 1058 3538 1125 gubernans

1954 1147 2129 1217 ipsum
2156 1146 2461 1217 reliquisset
2505 1149 2718 1218 propria
2763 1148 3074 1204 destitutum
3098 1149 3450 1219 providentia.
3483 1148 3539 1203 Si

1954 1240 2094 1294 enim
2125 1240 2397 1309 navigium
2421 1241 2538 1295 sine
2556 1239 2911 1311 gubernatore
2939 1256 3043 1295 non
3073 1240 3386 1311 persisteret
3404 1280 3420 1306 ,
3443 1240 3538 1294 sed

1952 1329 2107 1387 facile
2159 1333 2595 1404 submergeretur
2642 1336 2965 1406 :quomodo
3024 1344 3227 1390 tantum
3281 1335 3540 1404 temporis

1952 1422 2266 1478 subsisteret
2299 1425 2528 1480 mundus
2552 1425 2885 1496 gubernante
2934 1426 3191 1483 nemine?
3216 1425 3287 1481 Et
3317 1439 3386 1481 ne
3410 1422 3537 1494 quid

1954 1515 2071 1584 plus
2109 1516 2300 1582 dicam,
2333 1517 2599 1587 navigium
2645 1520 2899 1578 mundum
2938 1534 3060 1575 esse
3089 1526 3233 1590 puta,
3299 1518 3535 1574 carinam

1952 1606 2278 1676 suppositam
2311 1616 2529 1674 terram,
2557 1611 2734 1665 velum
2762 1608 2972 1675 coelum.
3002 1620 3245 1667 vectores
3271 1609 3534 1677 homines,

1952 1712 2100 1753 mare
2123 1700 2415 1770 subjectam
2443 1702 2691 1772 abyssum
2725 1722 2740 1758 :
2769 1703 3039 1773 quomodo
3064 1704 3224 1774 igitur
3238 1712 3384 1759 tanto
3409 1717 3536 1758 nau-

1950 1791 2172 1861 fragium
2222 1802 2462 1861 temporc
2482 1810 2588 1849 non
2616 1804 2699 1851 est
2729 1794 2970 1851 factum?
3014 1796 3228 1852 Dimitte
3254 1796 3399 1852 enim
3435 1810 3537 1849 na-

1952 1881 2145 1951 vigium
2173 1898 2266 1952 per
2292 1883 2435 1938 diem
2467 1901 2626 1939 unum
2649 1887 2850 1956 absque
2866 1885 3222 1956 gubernatore
3260 1895 3315 1940 et
3339 1885 3535 1949 nautis,

1951 1984 2007 2027 et
2035 1975 2213 2027 statim
2245 1975 2583 2030 submersum
2614 1975 2821 2031 videbis
2845 1993 2860 2042 ;
2892 1976 2986 2032 sed
3008 1977 3238 2031 mundus
3267 1975 3372 2031 tale
3401 1974 3535 2030 nihil

1951 2077 2138 2131 passus
2171 2074 2270 2131 est,
2302 2066 2536 2135 quinque
2561 2067 2726 2122 millia
2747 2077 2800 2121 et
2830 2068 2998 2122 multo
3021 2068 3136 2137 plus
3174 2067 3285 2138 jam
3329 2067 3532 2122 habens

1949 2169 2231 2209 annorum.
2282 2156 2351 2211 Et
2392 2159 2518 2227 quid
2557 2158 2678 2213 dico
2726 2160 3028 2229 navigium?
3073 2160 3309 2215 casulam
3348 2160 3538 2229 aliquis

1951 2258 2171 2312 parvam
2197 2246 2250 2300 in
2281 2247 2449 2301 \iueis
2474 2250 2760 2319 compegit,
2792 2258 2847 2303 et
2868 2250 3038 2304 fructu
3065 2250 3240 2305 ablato
3269 2250 3536 2307 desertam

1952 2335 2189 2405 reliquit,
2221 2347 2275 2390 et
2294 2353 2468 2407 neque
2491 2339 2627 2394 duos
2652 2353 2795 2408 saepe
2823 2340 2940 2394 dies
2966 2351 3268 2409 permanet,
3294 2340 3391 2397 sed
3419 2342 3533 2395 sol-

1950 2427 2092 2481 vitur
2131 2436 2187 2480 et
2224 2428 2373 2483 brevi
2415 2430 2575 2484 cadit.
2613 2430 2775 2497 Igitur
2800 2431 3064 2501 tugurium
3086 2431 3298 2500 quidem
3331 2431 3536 2499 absque

1954 2518 2270 2597 providente
2297 2535 2399 2573 non
2426 2530 2620 2585 staret;
2645 2531 2887 2575 creatura
2922 2536 3054 2577 vero
3089 2530 3255 2589 tanta,
3279 2532 3385 2577 tam
3416 2523 3537 2592 pulo

1947 2610 2096 2676 chra,
2132 2620 2236 2663 tam
2265 2610 2546 2677 mirabilis,
2578 2622 2632 2665 et
2657 2612 2800 2681 leges
2831 2613 3004 2667 noctis
3030 2623 3085 2667 et
3109 2612 3215 2667 diei
3239 2655 3253 2677 ,
3296 2613 3533 2667 alterna-

1948 2715 2172 2770 rumqne
2192 2700 2441 2756 horarum
2459 2701 2672 2757 choreae
2696 2745 2712 2769 ,
2745 2711 2797 2758 et
2833 2713 3035 2758 natura:
3063 2718 3254 2758 cursus
3279 2704 3456 2759 varius
3483 2712 3537 2760 et

1950 2792 2288 2847 omnimodas
2319 2793 2373 2847 in
2397 2801 2560 2859 terra,
2594 2793 2646 2847 in
2674 2794 2829 2860 mari,
2863 2809 3010 2867 aere,
3039 2795 3173 2850 ctelo
3196 2836 3212 2862 ,
3239 2804 3298 2850 et
3321 2794 3534 2865 plantis,

1949 2890 2006 2938 et
2054 2883 2371 2939 animalibus
2410 2883 2742 2949 volantibus,
2785 2884 3112 2951 natatilibus,
3152 2884 3535 2953 gradientibus,

1950 2975 2315 3044 serpentibus,
2348 2984 2401 3030 et
2420 2974 2475 3029 in
2502 2974 2776 3030 hominum
2807 2991 3005 3046 genere
3030 2977 3278 3032 omnibus
3312 2976 3415 3030 illis
3441 2976 3525 3030 di-

1947 3066 2152 3135 gniore,
2180 3074 2384 3121 tantum
2417 3066 2671 3134 temporis
2714 3066 2916 3136 absque
2973 3066 3148 3136 aliqua
3193 3066 3529 3136 providentia

1948 3154 2150 3209 stabilis
2176 3155 2594 3223 permansisset?
2649 3155 2918 3211 Praeterea
2968 3166 3146 3212 mente
3192 3157 3323 3211 mihi
3378 3170 3533 3228 prata

1951 3260 2225 3316 percurre,
2257 3244 2462 3310 hortos,
2500 3246 2694 3303 ﬂorum
2741 3262 2957 3318 genera,
3002 3248 3195 3304 herbas
3238 3264 3455 3311 omnes,
3483 3257 3536 3303 et

1952 3352 2138 3392 earum
2165 3353 2323 3406 usus,
2355 3339 2772 3394 suaveolentiam
2790 3380 2805 3406 ,
2833 3339 3028 3409 figuras
3051 3382 3066 3405 ,
3095 3340 3255 3395 situm
3277 3382 3291 3407 ,
3320 3340 3534 3394 nomina

1950 3438 2180 3497 tantum,
2204 3429 2426 3485 arbores
2462 3428 2760 3486 fructuosas
2780 3440 2834 3486 et
2870 3429 3223 3485 infructuosus
3249 3471 3264 3495 ,
3293 3430 3538 3488 metallo-

1952 3535 2070 3574 rum
2127 3529 2391 3587 naturam,
2435 3520 2738 3576 animalium
2792 3520 3124 3585 terrestium,
3174 3519 3533 3587 marinorum,

1950 3612 2268 3679 natatilium,
2300 3628 2391 3681 per
2415 3626 2592 3666 aerem
2614 3613 2924 3679 meantium,
2956 3622 3167 3667 montes
3191 3653 3206 3677 ,
3229 3610 3426 3677 saltus,
3450 3610 3534 3664 lu-

1949 3720 2061 3773 cos,
2087 3704 2307 3760 inferius
2335 3713 2577 3775 pratum,
2618 3704 2860 3775 superius
2903 3712 3131 3774 pratum,
3161 3712 3243 3758 est
3287 3703 3433 3758 enim
3475 3702 3533 3758 in

1953 3804 2091 3851 terra
2118 3806 2351 3867 pratum,
2373 3805 2428 3851 et
2456 3796 2509 3850 in
2537 3803 2672 3850 οωιο
2688 3806 2917 3866 pratum,
2947 3794 3183 3850 siderum
3205 3794 3336 3849 varii
3352 3793 3532 3859 flores,

1949 3888 2169 3943 inferius
2192 3902 2350 3953 rosae,
2382 3887 2623 3956 superius
2650 3888 2763 3942 iris.
2808 3886 2903 3941 Vis
2926 3895 2975 3940 et
3001 3886 3052 3939 in
3073 3885 3258 3940 avibus
3286 3885 3378 3939 tibi
3414 3900 3537 3954 pra-

1951 3989 2062 4033 tum
2088 3977 2495 4034 demonstrem?
2530 3977 2809 4033 considera
2839 3978 3056 4047 pavonis
3080 3990 3272 4045 corpus
3293 3975 3494 4030 varium
3512 4016 3529 4041 ,

1950 4078 2006 4127 et
2031 4085 2246 4126 omnem
2275 4070 2538 4126 excedens
2582 4070 2865 4125 tincturam
2885 4109 2901 4133 ,
2932 4076 3390 4138 purpurantesque
3422 4066 3534 4121 avi-

1950 4164 2116 4219 culas.
2156 4162 2336 4233 Cogita
2359 4162 2489 4217 mihi
2508 4161 2626 4219 creti
2645 4160 3110 4231 pulchritudinem,
3133 4169 3383 4229 quantum
3403 4169 3534 4219 tem-

1948 4257 2094 4327 poris
2113 4256 2258 4327 agit,
2291 4269 2391 4310 nec
2414 4255 2727 4312 olfuscatum
2754 4265 2835 4310 est
2856 4297 2870 4321 ,
2902 4254 2997 4309 sed
3021 4255 3166 4309 velut
3189 4253 3348 4310 hodie
3373 4252 3537 4308 fabri-

1950 4356 2148 4412 catum,
2197 4347 2270 4402 ita
2322 4356 2406 4402 est
2449 4347 2624 4402 nitens
2649 4356 2705 4402 et
2732 4346 3066 4417 splendidum
3105 4364 3119 4401 :
3156 4355 3313 4401 terra:
3354 4355 3534 4401 uterus

1950 4446 2154 4493 tantum
2180 4447 2389 4508 tempus
2412 4439 2647 4507 pariens,
2674 4437 2942 4508 quomodo
2963 4453 3068 4492 non
3090 4437 3537 4493 hebetavitvirtu-

1954 4539 2061 4584 tem
2084 4546 2257 4586 suam.
2314 4529 2495 4600 Cogita
2523 4531 2652 4586 mihi
2684 4530 2855 4584 fontes
2880 4573 2894 4599 ,
2926 4530 3192 4601 quomodo
3217 4531 3530 4594 scaturiunt.

1950 4633 2003 4677 et
2030 4638 2133 4677 non
2155 4621 2468 4678 defecerunt
2491 4637 2558 4677 ex
2578 4636 2682 4692 quo
2711 4620 2832 4676 facti
2852 4629 3009 4687 sunt,
3035 4621 3231 4693 jugiter
3259 4632 3533 4675 manantes

1953 4712 2140 4767 diebus
2167 4720 2223 4768 et
2247 4712 2489 4767 noctibus
2513 4729 2526 4765 :
2558 4712 2728 4782 cogita
2755 4726 2901 4767 mare
2921 4753 2936 4778 ,
2959 4720 3089 4781 quot
3119 4709 3333 4765 ﬂumina
3362 4709 3531 4765 susci-

1953 4805 2106 4874 piens
2133 4818 2438 4858 mensuram
2469 4818 2576 4858 non
2616 4802 2870 4858 excessit.
2907 4801 3010 4857 Sed
3038 4817 3314 4874 quousque
3338 4801 3534 4856 incom~

1951 4895 2322 4968 prehensibilia
2349 4895 2736 4951 sectamuan
2764 4904 3178 4950 memoratorum
3208 4894 3428 4966 singulis
3448 4894 3535 4949 dia

1951 5004 2075 5043 cere
2100 5004 2197 5057 par
2219 4996 2301 5042 est
2333 5004 2348 5041 :
2386 4987 2554 5054 Quam
2575 4988 2904 5058 magniﬁcam
2920 4996 3036 5041 sunt
3059 5004 3214 5059 Opera
3229 4997 3336 5051 tua,
3358 4986 3535 5041 Domia

1950 5097 2013 5134 ne
2040 5096 2054 5132 :
2088 5079 2259 5133 omnia
2283 5096 2336 5133 ιη
2381 5079 2628 5151 sapientia
2658 5077 2821 5148 fecisti
2845 5076 3068 5146 (Psalm.
3115 5078 3239 5133 105.
3289 5075 3402 5150 24).
3432 5075 3537 5132 Sed

1952 5170 2076 5240 quid
2104 5169 2169 5224 ad
2198 5168 2313 5225 huic
2335 5171 2508 5224 solent
2528 5169 2770 5224 infideles
2798 5169 2997 5237 dicere,
3029 5170 3237 5240 quoties
3258 5169 3385 5238 ipsis
3398 5182 3534 5222 como

1956 5277 2314 5318 memoramus
2336 5263 2749 5333 magnitudinem
2774 5262 2957 5317 mundi
2974 5258 3538 5329 ,ornatum,abundan—

1953 5354 2100 5419 tiam,
2132 5354 2336 5423 copiam
2362 5353 2413 5406 in
2435 5353 2725 5408 omnibus?
2756 5352 2868 5408 Hoc
2893 5354 3088 5423 ipsum,
3120 5352 3383 5421 inquiunt,
3416 5364 3538 5404 ma-

1950 5445 2093 5497 xima
2116 5444 2355 5498 criminis
2375 5451 2459 5498 cst
2487 5459 2664 5508 causa,
2695 5445 2836 5513 quod
2886 5453 2991 5497 tam
3020 5442 3297 5512 pulchrum
3331 5450 3386 5495 ct
3424 5455 3537 5495 ma-

1953 5551 2112 5605 gnum
2167 5535 2295 5591 fecit
2341 5536 2480 5590 Deus
2521 5534 2934 5590 mundummisi
2991 5534 3130 5586 enim
3180 5547 3426 5601 magnum
3480 5540 3537 5587 et

1951 5626 2228 5696 pulchrum
2260 5626 2494 5694 fecisset,
2522 5642 2626 5683 non
2650 5628 2820 5696 ipsum
2850 5624 3007 5680 deum
3035 5624 3377 5691 fecissemus;
3396 5639 3538 5679 nunc

1949 5733 2079 5774 vero
2104 5720 2463 5789 magnitudine
2488 5719 2736 5789 perculsi,
2771 5728 2827 5773 et
2875 5718 3041 5786 ipsius
3087 5717 3532 5789 pulchritudinem

1952 5811 2216 5879 admirati,
2249 5810 2423 5881 ipsum
2451 5811 2609 5867 deum
2628 5825 2746 5867 esse
2772 5808 3093 5880 putavimus.
3134 5810 3241 5866 Sed
3274 5825 3436 5865 vanus
3455 5819 3538 5864 cst
