3920 6224
400 391 504 448 115

395 501 481 556 hic
510 513 688 555 sermo
722 517 735 553 :
759 499 901 569 quod
926 499 1269 566 enimneque
1307 493 1612 565 magnitudo
1633 507 1732 549 nec
1754 501 1971 548 ornatus

397 591 687 660 impietatis
734 590 805 645 sit
849 603 1037 652 causa,
1066 588 1160 642 sed
1186 587 1398 640 illorum
1429 585 1745 655 ignorantia,
1774 598 1873 638 nos
1899 581 1973 635 nil

395 682 497 735 tale
525 682 667 751 passi
692 680 1044 735 declaramus.
1085 678 1197 745 Qua
1249 678 1390 732 enim
1428 676 1496 730 de
1534 690 1693 729 causa
1752 688 1849 728 nos
1874 673 1972 742 ipsi

390 771 600 825 divinos
630 770 864 823 honores
894 784 998 822 non
1022 767 1395 822 decrevimus?
1423 780 1599 819 nonne
1630 763 1815 818 iisdem
1841 777 1973 817 ocu-

393 860 456 915 lis
483 862 654 930 ipsum
679 854 1007 929 aspicimus?
1043 873 1221 912 nonne
1244 857 1429 911 eadem
1458 872 1524 911 ex
1554 854 1823 909 creatione
1851 868 1973 922 per-

389 953 618 1023 cipimus
641 967 759 1022 qute
782 952 893 1006 illi?
928 965 1104 1004 nonne
1133 948 1372 1003 eamdem
1405 948 1634 1000 animam
1675 943 1973 998 habemus?

393 1057 571 1097 nonne
597 1042 735 1097 idem
774 1056 970 1111 corpus
992 1038 1358 1109 possidemus?
1378 1051 1557 1091 nonne
1580 1035 1820 1090 eamdem
1863 1033 1971 1087 cal-

392 1148 580 1188 camus
615 1132 903 1188 tellurem?
928 1146 1033 1201 quo
1053 1130 1211 1185 modo
1242 1128 1574 1198 pulchritudo
1595 1137 1649 1180 et
1670 1125 1973 1194 magnitudo

393 1238 493 1278 nos
517 1223 702 1279 eadem
729 1237 850 1277 cum
882 1222 985 1277 illis
1018 1221 1215 1275 sentire
1251 1235 1355 1273 non
1382 1216 1679 1287 persuasit?
1712 1215 1821 1269 Nec
1853 1214 1971 1268 hinc

393 1328 523 1368 vero
550 1323 752 1367 tantum
803 1313 906 1367 hoc
936 1312 1103 1380 palam
1139 1310 1262 1375 erit,
1290 1309 1383 1364 sed
1438 1319 1493 1363 et
1540 1307 1771 1362 aliunde.
1820 1305 1972 1374 Quod

389 1407 533 1459 enim
565 1420 670 1458 non
700 1413 919 1474 propter
944 1401 1386 1473 pulchritudinem
1428 1400 1598 1469 ipsum
1629 1412 1975 1453 consecrave-

392 1495 518 1561 rint,
543 1495 635 1550 sed
660 1495 729 1549 oh
758 1495 1021 1563 propriam
1064 1492 1360 1556 stultitiam,
1391 1488 1570 1543 dicant
1611 1488 1819 1543 simiam
1860 1502 1965 1556 qua

392 1586 461 1641 de
480 1602 637 1641 causa
668 1585 1041 1650 adoraveruut,
1066 1582 1411 1647 crocodilum,
1430 1594 1640 1645 canem,
1667 1577 1971 1632 animalium

390 1677 678 1730 vilissima?
708 1676 840 1730 Vere
869 1674 1196 1728 Evanuerunt
1229 1675 1281 1726 in
1333 1670 1715 1741 cogitationibus
1759 1670 1895 1731 suis,
1925 1675 1972 1719 et

393 1767 766 1822 obtenebratum
785 1776 855 1820 est
880 1767 1120 1835 insipiens
1148 1780 1233 1817 cor
1260 1778 1433 1817 eorum
1466 1778 1485 1817 :
1519 1762 1737 1814 dicentes
1765 1760 1894 1812 enim
1922 1775 1974 1812 se

393 1875 501 1913 esse
517 1863 785 1926 sapientes,
819 1857 956 1910 stulti
976 1856 1096 1926 facti
1135 1863 1250 1909 sunt
1293 1853 1553 1955 (Romhi.
1583 1851 1675 1906 21.
1718 1850 1831 1919 22).
1866 1849 1971 1904 Ve-

393 1959 690 2004 rumtamen
723 1964 826 2002 non
856 1964 919 2002 ex
951 1947 1034 2000 his
1066 1955 1267 2000 tantum
1292 1941 1753 2014 respoii'debimus,
1779 1941 1872 1995 sed
1918 1948 1973 1995 et

393 2043 535 2097 aliud
563 2041 687 2111 quid
718 2041 945 2110 amplius
967 2041 1221 2094 dicemus.

463 2133 516 2186 4,
557 2132 682 2186 Haec
725 2132 867 2185 enim
895 2132 1032 2184 Deus
1058 2130 1185 2184 olim
1218 2126 1546 2197 praevidens,
1580 2132 1635 2179 et
1662 2124 1796 2178 hanc
1842 2122 1972 2191 ipsis

392 2238 576 2277 ansam
596 2222 886 2277 secundum
909 2220 1218 2289 sapientiam
1240 2232 1389 2271 suam
1409 2216 1618 2271 sustulit
1647 2233 1660 2269 :
1694 2222 1971 2284 propterea

393 2331 498 2369 non
527 2323 729 2369 tantmu
761 2313 1055 2368 mirabilem
1083 2321 1137 2367 et
1165 2326 1409 2380 magnum
1427 2309 1552 2364 fecit
1580 2307 1852 2370 mundum,
1875 2304 1968 2359 sed

393 2414 447 2460 et
475 2405 872 2474 corruptibilem
901 2412 956 2457 et
998 2402 1436 2465 marcescibilem,
1463 2409 1517 2455 et
1539 2400 1704 2469 ipsius
1734 2397 1972 2451 imbecil-

394 2493 563 2549 litatis
613 2495 808 2548 multas
864 2494 1086 2546 inseruit
1124 2492 1711 2545 demonstrationes:et
1738 2487 1878 2557 quod
1917 2487 1969 2540 in

396 2583 652 2653 apostolis
679 2582 803 2636 fecit
823 2623 837 2645 ,
870 2582 969 2635 hoc
993 2582 1121 2635 etin
1150 2589 1259 2634 toto
1294 2579 1510 2633 mundo.
1552 2578 1686 2644 Quid
1713 2585 1891 2630 autem
1917 2576 1971 2629 iu

393 2673 650 2741 apostolis
696 2671 860 2726 fecit?
909 2671 1169 2736 Quoniam
1217 2670 1363 2738 signa
1392 2668 1553 2722 multa
1591 2667 1887 2731 faciebant,
1917 2674 1973 2720 et

397 2762 646 2817 miracula
678 2777 863 2831 magna
890 2772 943 2816 et
969 2760 1248 2823 mirabilia,
1297 2760 1441 2828 ipsos
1490 2767 1664 2811 tamen
1699 2772 1841 2826 saepe
1882 2757 1972 2812 ﬂa-

396 2855 581 2926 gellari
631 2855 887 2924 permisit,
933 2855 1077 2922 pelli,
1105 2867 1369 2907 carcerem
1423 2850 1661 2905 habitare
1688 2891 1702 2914 ,
1732 2851 1970 2918 corporis

401 2947 616 3001 morbos
644 2946 821 3000 subire
844 2985 859 3012 ,
892 2946 943 2998 in
970 2945 1234 2999 continuis
1256 2958 1374 2998 esse
1413 2941 1832 2997 tribulationibus
1856 2983 1869 3005 ,
1902 2956 1969 2996 ne

397 3038 668 3107 signorum
694 3034 998 3104 magnitudo
1025 3033 1153 3088 deos
1184 3035 1324 3103 ipsos
1352 3032 1488 3101 apud
1526 3032 1766 3086 homines
1795 3031 1968 3101 putari

396 3128 626 3189 faecret;
669 3135 965 3196 propterea,
1003 3134 1198 3179 tantam
1238 3125 1454 3194 largitus
1502 3125 1745 3192 gratiam,
1776 3137 1969 3191 corpus

396 3232 514 3274 esse
531 3219 752 3273 mortale
768 3218 1028 3288 permisit,
1042 3216 1220 3271 multis
1236 3232 1360 3272 vero
1377 3216 1814 3271 valetudinarium
1836 3230 1849 3277 ;
1870 3228 1970 3268 nec

396 3310 630 3377 ipsorum
658 3308 1015 3362 inﬁrmitatem
1048 3308 1291 3371 mutavit,
1311 3317 1368 3360 ιιι
1391 3316 1631 3360 naturam
1658 3306 1966 3359 insinuaret.

394 3399 504 3455 Nec
531 3414 681 3454 meus
720 3400 805 3454 hic
834 3413 1010 3453 sermo
1032 3441 1046 3463 ,
1076 3398 1170 3453 sed
1218 3398 1381 3469 ipsius
1412 3398 1557 3451 [’auli
1596 3398 1671 3451 sic
1697 3397 1919 3450 dicentis
1951 3412 1965 3448 :

395 3490 461 3544 Si
487 3491 618 3544 enim
646 3490 853 3560 gloriari
873 3488 1073 3557 uoluero
1100 3530 1114 3551 ,
1160 3504 1261 3541 non
1290 3505 1373 3543 ero
1395 3487 1667 3555 insipiens;
1693 3504 1844 3556 parco
1868 3503 1966 3539 au-

399 3589 516 3643 tem,
542 3596 604 3633 ne
635 3581 746 3648 quis
787 3580 841 3631 in
880 3594 960 3632 me
988 3587 1124 3646 putet
1153 3594 1307 3647 supra
1333 3578 1465 3646 quod
1492 3577 1641 3640 videt,
1693 3577 1769 3630 vel
1822 3576 1964 3629 audit

399 3671 590 3740 aliquid
611 3687 673 3725 ea:
691 3688 768 3724 me
793 3670 991 3740 (2.6013
1018 3672 1102 3724 12.
1132 3671 1208 3739 6);
1230 3680 1282 3723 et
1311 3684 1518 3723 rursum
1543 3688 1555 3721 :
1583 3668 1839 3722 Habemus
1867 3685 1966 3721 att-

398 3773 494 3816 tem
522 3764 807 3817 thesaurum
830 3764 963 3817 hunc
986 3763 1039 3817 in
1060 3764 1188 3816 vasis
1209 3761 1443 3830 ﬁctilibus
1466 3758 1807 3831 (2Cor.4.7).
1831 3762 1967 3830 Quid

395 3866 572 3910 autem
602 3864 702 3920 est,
736 3854 803 3908 In
827 3856 956 3908 vasis
981 3853 1255 3922 ﬁctilibus?
1282 3852 1336 3907 In
1361 3866 1588 3923 corpore
1614 3852 1735 3916 hoc,
1773 3853 1963 3921 inquit,

395 3947 607 4002 mortali
653 3955 705 4000 et
732 3945 1079 4015 corruptibili.
1126 3945 1273 4000 Sicut
1312 3946 1453 4000 enim
1483 3953 1615 3998 testa
1651 3960 1717 3998 ex
1763 3944 1873 3998 luto
1912 3954 1967 3999 et

390 4038 514 4109 igne
542 4038 592 4092 lit
624 4038 739 4093 :sic
783 4038 1016 4108 profecto
1044 4044 1098 4091 et
1125 4052 1320 4106 corpus
1368 4047 1669 4091 sanctorum
1719 4036 1961 4103 illorum,

393 4147 515 4186 cum
537 4130 609 4185 sit
635 4133 830 4186 lutequ
854 4139 910 4185 et
929 4130 1215 4201 Spiritualis
1244 4129 1376 4198 ignis
1399 4130 1687 4184 efﬁcaciam
1718 4144 1968 4198 suscepe-

389 4222 481 4287 rit,
515 4229 647 4274 testa
676 4219 870 4275 factum
901 4230 1002 4275 est.
1033 4221 1098 4275 Et
1115 4236 1218 4290 qua
1239 4220 1305 4274 de
1331 4235 1487 4273 causa
1512 4220 1611 4273 hoc
1637 4218 1830 4273 factum
1859 4229 1959 4284 est,

392 4320 451 4366 et
473 4309 775 4365 thesaurum
799 4311 955 4365 talem
978 4351 994 4377 ,
1031 4320 1085 4364 et
1122 4311 1409 4379 gratiarum
1438 4312 1644 4379 copiam
1673 4311 1881 4365 mortali
1911 4318 1966 4365 et

389 4402 717 4472 corruptibili
748 4402 924 4456 intulit
947 4403 1195 4471 corpori?
1238 4401 1303 4456 Ut
1346 4393 1808 4470 superabundantia
1862 4401 1964 4454 uir-

390 4487 510 4539 tutis
529 4486 593 4539 sit
618 4503 650 4539 a
668 4484 800 4552 Deo,
819 4494 865 4538 et
891 4501 991 4538 non
1016 4502 1049 4538 a
1075 4486 1216 4539 nobis
1238 4486 1254 4558 (
1266 4483 1445 4555 Ibid.)
1462 4484 1592 4539 Cum
1609 4484 1749 4539 enim
1767 4483 1965 4539 videris

389 4577 659 4645 apostolos
707 4587 945 4632 mortuos
987 4576 1197 4646 quidem
1249 4578 1600 4642 suscitantes,
1649 4578 1793 4647 ipsos
1837 4592 1964 4631 vero

388 4676 730 4735 aegrotantes,
762 4682 862 4723 nec
886 4667 1193 4722 inﬁrmitate
1221 4683 1279 4722 se
1309 4668 1533 4723 liberare
1553 4669 1819 4731 valentes,
1853 4682 1965 4720 ma—

388 4759 583 4815 nifeste
625 4762 763 4815 scies
783 4802 798 4826 ,
846 4760 1043 4814 mortui
1086 4761 1528 4815 resurrectionem
1555 4776 1659 4814 non
1689 4775 1752 4815 ex
1773 4760 1965 4815 virtute

385 4848 710 4915 suscitautis,
738 4849 830 4904 sed
858 4850 1083 4920 Spiritus
1103 4851 1411 4918 Operatione
1433 4851 1623 4905 factam
1643 4866 1783 4906 esse.
1811 4850 1963 4916 Quod

385 4940 526 4993 enim
559 4938 863 5007 frequenter
890 4949 1241 5011 :egrotareut,
1270 4941 1389 4995 audi
1425 4941 1549 5010 quid
1587 4940 1654 4995 de
1685 4941 1962 4995 Timotheo

384 5029 525 5084 dicat
542 5029 865 5101 Apostolus:
906 5030 1032 5085 Vino
1055 5031 1250 5085 modico
1272 5042 1408 5085 utere
1424 5042 1628 5102 propter
1648 5033 1961 5085 stomachum

379 5132 427 5176 et
452 5127 731 5194 frequentes
756 5125 1070 5191 infirmitates
1097 5133 1208 5176 tuas
1229 5124 1301 5194 (1.
1327 5123 1461 5177 Tim.
1482 5121 1631 5194 5.25)
1654 5142 1667 5190 ;
1687 5134 1740 5178 et
1753 5140 1961 5178 rursum

384 5214 451 5267 de
475 5215 614 5268 alio:
651 5212 978 5283 Troplu'mum
1019 5227 1185 5267 autem
1205 5195 1579 5285 reliquilllileti
1602 5216 1856 5283 infirmum
1880 5215 1956 5283 (‘2.

389 5305 523 5358 'llim.
585 5307 633 5360 ὁ.
670 5305 785 5374 20).
838 5306 903 5358 Ει
942 5306 1367 5376 Philippensihus
1419 5306 1659 5359 scribens
1705 5306 1960 5361 dicebat:

381 5397 762 5467 Epapltroditus
793 5400 808 5432 ί
836 5400 1091 5468 a'grotarit
1119 5415 1273 5469 prope
1297 5407 1504 5452 mortem
1527 5397 1956 5469 (Philippﬂﬂi).

383 5488 439 5541 Si
470 5489 611 5542 enim
641 5498 695 5543 et
721 5505 840 5545 cum
873 5491 986 5544 lucc
1014 5502 1214 5556 essent,
1238 5491 1380 5558 ipsos
1402 5490 1528 5543 deos
1549 5506 1667 5544 esse
1686 5490 1956 5559 putabant,

384 5589 437 5633 et.
464 5580 758 5635 sacriﬁcare
786 5583 1064 5651 parabant,
1084 5581 1322 5636 dicentes
1354 5599 1367 5634 :
1400 5580 1489 5634 Dii
1515 5583 1701 5636 similes
1723 5583 1845 5655 facti
1864 5584 1957 5637 Iw-

382 5670 598 5725 miuibus
619 5672 979 5727 descenderunt
1003 5674 1069 5726 ad
1095 5690 1185 5728 nos
1210 5673 1341 5744 (Act.
1374 5675 1459 5729 14.
1493 5674 1605 5743 10).
1637 5674 1683 5730 si
1710 5675 1827 5732 lucc
1854 5691 1955 5732 non

444 5767 462 5795 ⁸
496 5764 570 5811 ste
590 5762 729 5811 Savil.
751 5769 803 5813 et
825 5762 989 5814 Morel.
1011 5765 1229 5824 Quinque
1254 5772 1380 5827 Mss,
1407 5766 1675 5832 Epaphras.

1139 387 1197 445 S.
1237 383 1511 443 JOANNlS
1546 378 2019 438 CHRYSOSTOMI
2056 368 2373 436 ARCHiEP.
2415 370 2953 435 CON‘STANTINOP.

3559 373 3665 439 ΗΕ

2080 490 2415 556 accidissent,
2445 490 2510 545 ad
2537 490 2664 561 quid
2695 490 3001 561 impietatis,
3031 489 3303 545 miraculis
3327 496 3660 561 conspectis,

2080 590 2205 637 tunc
2227 595 2332 636 non
2358 581 2953 652 processissent?Sicut
2995 583 3153 654 igitur
3200 583 3286 639 hic
3332 596 3550 657 propter
3588 588 3664 641 si-

2078 689 2302 745 gnorum
2334 673 2752 744 magnitudinem
2778 683 2830 730 et
2855 683 3099 730 naturam
3130 690 3315 731 eorum
3349 677 3404 732 in
3448 677 3665 733 inﬁrmi-

2087 774 2192 820 tate
2223 780 2341 819 esse
2368 766 2628 836 permisit,
2655 775 2709 821 et
2731 766 3033 835 frequentes
3053 768 3298 837 permisit
3319 769 3659 835 tentationes,

2079 872 2147 911 ne
2178 865 2485 926 putarentur
2504 872 2621 912 esse
2645 857 2716 912 dii
2750 873 2764 910 :
2796 859 2871 913 sic
2890 867 2944 913 et
2974 859 3023 912 in
3045 867 3283 914 creatura
3306 860 3484 915 mundi
3504 863 3662 931 quid-

2077 947 2197 1001 dam
2227 947 2307 1002 his
2327 948 2499 1003 simile
2530 947 2652 1003 fecit
2674 965 2688 1002 :
2710 949 2907 1004 etenim
2947 948 3219 1019 pulchram
3249 951 3416 1018 ipsam
3452 960 3506 1006 et
3548 968 3663 1006 ma.

2077 1054 2230 1108 gnam
2263 1039 2384 1092 fecit
2412 1047 2500 1104 ,et
2544 1054 2754 1095 rursum
2798 1040 3196 1111 corruptibilem
3244 1044 3539 1098 constituit.
3596 1045 3663 1099 Et

2080 1131 2193 1184 lure
2220 1139 2438 1199 utraque
2466 1130 2756 1200 Scripturze
2794 1131 2985 1185 docent
3008 1148 3022 1186 :
3053 1131 3139 1186 hic
3167 1131 3379 1202 quidem
3406 1135 3658 1189 calorum

2079 1219 2521 1289 pulchritudinem
2575 1237 2819 1287 narrans,
2873 1223 2951 1277 sic
2997 1222 3167 1292 inquit
3212 1241 3227 1277 :
3269 1223 3660 1279 Cteliemrrant

2079 1313 2300 1382 gloriam
2328 1311 2424 1367 Dei
2452 1313 2622 1384 (Psat.
2645 1315 2731 1369 18.
2758 1317 2796 1372 2
2824 1314 2880 1385 ):
2914 1325 2967 1370 et
2987 1330 3237 1371 rursum:
3273 1316 3373 1384 Qui
3400 1318 3660 1371 constituit

2077 1403 2259 1476 ctutum
2279 1403 2412 1457 velut
2436 1421 2708 1472 cameram,
2749 1421 2798 1459 et
2821 1408 3043 1461 extendit
3069 1407 3235 1477 ipsum
3260 1410 3407 1479 quasi
3427 1411 3660 1464 taberna-

2076 1497 2243 1550 culum
2272 1496 2325 1550 in
2351 1506 2483 1551 terra
2512 1497 2666 1569 (Isai.
2689 1498 2777 1555 40.
2808 1499 2902 1569 2‘2)
2925 1516 2940 1565 ;
2963 1510 3017 1554 et
3046 1515 3256 1555 rursum
3282 1519 3296 1554 :
3319 1501 3419 1568 Qui
3438 1503 3658 1557 continet

2069 1588 2336 1643 circuitum
2359 1588 2471 1644 enati
2491 1589 2677 1662 (Eecli.
2692 1591 2781 1646 45.
2807 1592 2921 1662 15).
2941 1593 3089 1646 Alter
3110 1608 3243 1647 vero
3258 1593 3654 1662 demonstrans,

2075 1682 2177 1738 etsi
2206 1682 2481 1751 pulchrum
2508 1690 2562 1737 et
2587 1680 2835 1753 magnum
2857 1726 2873 1751 ,
2900 1691 3077 1738 tamen
3122 1685 3465 1754 corruptibile
3506 1700 3652 1753 esse,

2075 1776 2153 1830 sic
2172 1775 2375 1844 inquit:
2410 1773 2567 1828 Initio
2598 1785 2670 1841 tu,
2704 1774 2939 1840 Domine,
2963 1785 3149 1829 terram
3179 1775 3429 1846 fundasti,
3457 1786 3505 1830 et
3530 1794 3654 1846 ope-

2073 1882 2133 1919 ra
2160 1881 2403 1918 manuum
2446 1875 2646 1919 tuarum
2685 1875 2804 1920 sunt
2826 1867 2935 1920 cadi
2959 1884 2978 1921 :
2996 1868 3095 1938 ipsi
3118 1869 3373 1937 peribunt,
3399 1878 3453 1922 tu
3486 1879 3654 1923 autem

2075 1972 2355 2029 permanes,
2397 1966 2442 2011 et
2481 1973 2651 2012 omnes
2675 1958 2807 2011 sicut
2844 1959 3189 2013 vestimentum
3241 1968 3655 2024 veterascent;et

2067 2048 2200 2100 sicut
2226 2048 2531 2116 opertorium
2556 2048 2773 2103 mutabis
2797 2065 2917 2115 eos,
2969 2059 3017 2104 et
3064 2050 3409 2103 mutabuntur
3442 2044 3460 2113 (
3488 2044 3646 2098 Psal.

2076 2140 2195 2194 101.
2225 2140 2315 2194 26.
2338 2139 2451 2212 27).
2480 2141 2544 2195 Et
2574 2142 2763 2195 iterum
2798 2140 2865 2195 de
2908 2140 3021 2196 sole
3061 2141 3231 2209 inqttit
3270 2140 3407 2195 idem
3445 2140 3645 2195 David:

2077 2230 2353 2301 Tamquam
2377 2247 2591 2300 sponsus
2624 2232 2896 2301 procedens
2930 2231 2994 2284 de
3044 2233 3267 2285 thalamo
3316 2248 3407 2286 suo
3439 2246 3459 2286 :
3480 2231 3654 2286 exsul-

2075 2323 2198 2376 tavit
2216 2333 2269 2376 ut
2295 2323 2438 2394 gigas
2456 2323 2523 2375 ad
2543 2322 2840 2376 currendum
2860 2324 2992 2375 viam
3012 2321 3181 2392 (Psal.
3208 2324 3296 2377 18.
3329 2321 3404 2395 6).
3436 2322 3649 2390 Vidisti,

2073 2412 2339 2480 quomodo
2363 2413 2552 2467 sideris
2593 2413 3040 2482 pulchritudinem
3066 2413 3219 2467 simul
3246 2421 3299 2466 et
3331 2404 3653 2483 magnitudi-

2077 2518 2197 2557 nem
2224 2504 2314 2557 tibi
2336 2512 2459 2558 ante
2481 2505 2666 2558 oculos
2705 2505 2914 2573 posuit?
2962 2504 3112 2558 Sicut
3138 2505 3279 2559 enim
3310 2519 3374 2559 ex
3417 2504 3652 2559 thalamo

2073 2592 2301 2663 quodam
2325 2609 2554 2664 sponsus
2573 2609 2854 2663 apparens,
2877 2595 2955 2648 sic
2987 2603 3039 2648 et
3061 2595 3139 2648 sol
3166 2594 3264 2649 sub
3292 2609 3539 2650 auroram
3559 2610 3650 2648 ra-

2074 2686 2189 2740 dios
2217 2686 2398 2750 mittit,
2437 2696 2491 2740 et
2521 2695 2788 2754 tamquam
2825 2684 3052 2755 quodam
3106 2700 3298 2740 croceo
3327 2686 3444 2740 velo
3462 2685 3651 2741 omium

2074 2791 2268 2832 ornans
2290 2818 2305 2841 ,
2337 2785 2391 2831 et
2424 2791 2607 2831 roseas
2637 2776 2835 2831 faciens
2860 2777 3045 2840 nubes,
3078 2786 3130 2831 et
3157 2780 3272 2831 sine
3298 2776 3500 2831 ol'l'ensa
3529 2791 3652 2831 cur-

2072 2883 2199 2923 rens
2229 2877 2393 2923 totum
2419 2867 2581 2931 diem,
2604 2868 2745 2922 nullo
2766 2883 2977 2923 cursum
2994 2868 3270 2923 obstaculo
3292 2867 3646 2936 interrumpit.

2074 2958 2262 3013 Vidisti
2287 2959 2441 3029 igitur
2470 2958 2633 3026 ipsius
2654 2957 3143 3028 pulchritudinem?
3170 2957 3346 3012 vidisti
3381 2959 3651 3029 magnitu-

2072 3051 2290 3106 dinem?
2328 3052 2447 3107 vide
2476 3061 2530 3106 et
2557 3052 2929 3106 imbecillitatis
2959 3052 3076 3121 ejus
3117 3051 3648 3106 demonstrationem.

2072 3145 2279 3200 Etenim
2302 3152 2354 3198 et
2380 3145 2479 3198 hoc
2503 3144 2876 3198 demonstrans
2910 3145 3123 3212 sapiens
3146 3143 3360 3213 quidam
3382 3143 3595 3197 dicebat
3629 3159 3646 3196 :

2077 3236 2211 3303 Quid
2235 3235 2455 3289 lucidius
2483 3237 2628 3289 sole?
2646 3244 2693 3288 et
2713 3235 2795 3288 hic
2815 3235 2981 3303 deﬁcit
3009 3234 3194 3305 (Eccli.
3236 3236 3321 3288 17.
3381 3231 3499 3303 50).
3535 3231 3645 3287 Neé

2073 3343 2138 3381 ex
2165 3327 2266 3381 hoc
2314 3335 2517 3380 tantum
2565 3327 2729 3395 ipsius
2780 3325 3195 3379 imbecillitatem
3243 3325 3426 3378 videre
3467 3322 3644 3388 datur,

2072 3418 2166 3472 sed
2193 3418 2349 3471 etiam
2377 3416 2429 3470 in
2452 3416 2669 3471 nubium
2693 3415 3058 3471 concursibus.
3100 3415 3250 3470 Nube
3280 3415 3435 3484 igitur
3453 3414 3648 3482 saepius

2072 3510 2256 3563 subtus
2273 3508 2721 3574 currente,radios
2744 3508 3113 3574 immitteus,et
3134 3508 3328 3561 nubem
3346 3504 3650 3560 discindere

2072 3614 2314 3667 conatus,
2347 3619 2451 3656 non
2476 3600 2769 3671 praevaluit,
2792 3616 2910 3654 cum
2932 3609 3071 3654 esset
3094 3599 3264 3654 nubes
3280 3598 3526 3662 crassior,
3548 3611 3649 3651 nee

2072 3695 2173 3764 ipsi
2202 3693 2393 3748 cedere
2421 3692 2600 3747 vellet.
2639 3692 2746 3746 Sed
2774 3691 2998 3757 semina,
3029 3692 3228 3761 inquit,
3263 3692 3426 3745 nutrit
3456 3709 3471 3747 :
3498 3690 3645 3762 atqui

2071 3800 2179 3838 non
2202 3785 2313 3853 ipse
2331 3785 2497 3837 nutrit
2518 3783 2686 3849 solus,
2712 3783 2806 3837 sed
2827 3791 2882 3837 et
2901 3792 3056 3837 terra:
3084 3783 3283 3853 indiget
3328 3798 3390 3836 ac
3415 3783 3568 3849 roris,
3593 3793 3649 3838 et

2072 3877 2365 3945 pluviarum
2388 3884 2547 3944 atque
2574 3884 2874 3939 ventorum,
2907 3884 2961 3928 et
2975 3874 3129 3928 bona:
3158 3883 3530 3944 tempestatum
3552 3888 3649 3928 an-

2072 3968 2125 4021 ni
2152 3966 2568 4033 distributionis;
2592 3966 2694 4022 nisi
2722 3966 2835 4021 ilth
2860 3966 3035 4021 omnia
3049 3967 3432 4033 concurrerint,
3453 3980 3649 4038 super-

2072 4059 2216 4115 ﬂuus
2247 4059 2307 4112 ﬁt
2330 4060 2461 4113 solis
2490 4075 2636 4114 usus.

2142 4149 2239 4203 Dei
2261 4148 2419 4203 solius
2450 4150 2708 4219 proprium
2750 4166 2851 4204 non
2888 4150 3127 4221 indigere.
3155 4180 3226 4190 —
3250 4150 3363 4205 Hoc
3388 4166 3514 4206 vero
3545 4149 3641 4205 Dei

2071 4257 2175 4295 non
2204 4249 2303 4304 est,
2331 4239 2398 4293 ad
2438 4255 2499 4293 ea
2528 4239 2761 4293 facienda
2789 4255 2907 4311 quae
2934 4241 3067 4304 vult,
3098 4239 3215 4295 aliis
3252 4240 3523 4310 indigere:
3552 4240 3646 4295 Dei

2071 4333 2212 4387 enim
2242 4330 2472 4386 maxime
2501 4331 2790 4400 proprium,
2814 4347 2919 4386 non
2944 4332 3195 4401 indigere.
3228 4330 3346 4401 Ipse
3370 4332 3509 4385 enim
3539 4345 3645 4385 non

2070 4426 2147 4479 sic
2185 4438 2216 4478 e
2270 4432 2410 4478 terra
2458 4424 2660 4477 semina
2710 4424 2944 4493 protulit,
2995 4424 3087 4479 sed
3139 4435 3339 4477 tantum
3373 4424 3550 4493 jussit,
3593 4433 3648 4478 et

2072 4518 2249 4572 omnia
2279 4517 2728 4586 germinaverunt.
2759 4518 2823 4571 Et
2847 4532 3056 4572 rursum
3086 4526 3141 4571 ut
3165 4517 3359 4581 discas,
3398 4534 3501 4572 non
3537 4518 3650 4573 ele-

2071 4616 2366 4662 mentorum
2396 4616 2660 4673 naturam,
2693 4608 2785 4662 sed
2830 4607 2994 4677 ipsius
3029 4606 3335 4661 mandatum
3362 4607 3535 4661 omnia
3566 4607 3645 4659 la-

2069 4715 2212 4767 cere,
2250 4700 2467 4769 ipsaque
2495 4700 2780 4765 elementa,
2821 4713 2938 4768 quae
2979 4713 3085 4751 non
3125 4707 3296 4762 erant,
3326 4696 3644 4766 producere,

2069 4789 2270 4845 Judmis
2316 4791 2513 4845 nullius
2549 4806 2651 4857 ope
2681 4805 2870 4844 manna
2908 4790 3155 4845 demisit:
3190 4789 3402 4855 Panem,
3452 4789 3643 4858 inquit,

2069 4883 2179 4936 cwli
2220 4882 2357 4935 dedit
2397 4883 2469 4935 eis
2513 4881 2681 4948 (Psal.
2714 4883 2798 4935 77.
2826 4880 2939 4953 24).
2988 4874 3056 4935 Et
3082 4881 3206 4950 quid
3235 4880 3353 4935 dico
3378 4879 3546 4935 solem
3577 4881 3646 4935 ad

2068 4974 2331 5027 fructuum
2361 4972 2746 5041 vegetatiouem
2774 4972 3224 5040 mutationemque
3262 4970 3382 5025 aliis
3406 4969 3647 5040 indigere

2068 5064 2366 5126 elementis,
2389 5078 2509 5117 cum
2532 5071 2586 5117 et
2614 5064 2794 5117 multis
2819 5062 2882 5117 ad
2904 5063 2983 5116 sui
3008 5062 3437 5118 constitutionem
3469 5071 3643 5133 egeat,

2069 5170 2167 5209 nec
2191 5155 2306 5224 ipse
2333 5154 2432 5208 sibi
2462 5152 2707 5208 sufﬁcere
2733 5152 2971 5221 possit‘?
3000 5154 3203 5223 Quippe
3229 5163 3286 5207 ut
3306 5152 3484 5216 vadat,
3513 5154 3647 5208 cmlo

2067 5245 2287 5317 indiget,
2317 5255 2562 5315 tanquam
2590 5246 2888 5313 pavimento
2916 5245 3141 5314 quodam
3169 5245 3443 5313 supposito
3468 5261 3481 5298 :
3509 5252 3561 5297 et
3587 5251 3644 5297 ut

2066 5340 2260 5406 luceat,
2287 5340 2426 5394 aeris
2447 5340 2670 5407 puritate
2697 5347 2753 5393 et
2781 5338 3053 5392 tenuitate.
3082 5337 3233 5405 Quod
3260 5338 3303 5391 si
3341 5336 3427 5391 hic
3453 5344 3647 5404 prtetor

2069 5430 2282 5485 modum
2311 5430 2583 5493 densetur,
2608 5429 2694 5483 ille
2724 5429 2894 5483 lucem
2927 5443 3079 5483 suam
3106 5428 3387 5483 ostendere
3417 5442 3520 5480 non
3551 5441 3645 5495 po-

2131 5584 2148 5615 ¹
2183 5584 2265 5632 Hic
2290 5583 2446 5632 secuti
2481 5595 2650 5631 sumus
2675 5581 2915 5631 Savilium.
2939 5580 3257 5643 ApudMorel.
3285 5586 3336 5629 et
3370 5575 3643 5643 Montet‘alc.

2064 5645 2134 5693 sic
2154 5643 2305 5694 habet
2329 5646 2405 5693 hic
2451 5643 2585 5694 locus
2606 5644 2887 5693 mutilatas:
2914 5638 3118 5703 Et'quid
3160 5642 3270 5703 dico
3307 5639 3432 5703 quod
3456 5638 3520 5687 ad
3541 5639 3645 5703 [ru-

2066 5712 2231 5778 ctuum
2250 5707 2584 5778 vegetationem
2621 5705 2729 5778 aliis
2766 5704 2949 5778 indiget
2971 5701 3259 5778 elementis?
3296 5701 3362 5752 ad
3396 5701 3646 5765 propriam

2068 5765 2442 5821 constitutionem
2457 5780 2551 5818 non
2572 5766 2806 5831 sufﬁceret
2828 5765 2929 5831 ipse
2950 5765 3060 5817 sibi.
