  <div class='ocr_page' id='page_1' title='image "/cluster/home/n/w/nwhite01/storage/ocr_20150623/49/mdp.39015028539461/120.png"; bbox 0 0 3912 6230; ppageno 0'>
   <div class='ocr_carea' id='block_1_1' title="bbox 209 396 323 453">
    <p class='ocr_par' dir='ltr' id='par_1_1' title="bbox 209 396 323 453">
     <span class='ocr_line' id='line_1_1' title="bbox 209 396 323 453; baseline 0.009 -1"><span class='ocrx_word' id='word_1_1' title='bbox 209 396 323 453; x_wconf 78' lang='grc'><strong>115</strong></span> 
     </span>
    </p>
   </div>
   <div class='ocr_carea' id='block_1_2' title="bbox 205 508 1890 585">
    <p class='ocr_par' dir='ltr' id='par_1_2' title="bbox 205 508 1890 585">
     <span class='ocr_line' id='line_1_2' title="bbox 205 508 1890 585; baseline 0.001 -20"><span class='ocrx_word' id='word_1_2' title='bbox 205 511 383 565; x_wconf 78' lang='grc' dir='ltr'>καλὸν</span> <span class='ocrx_word' id='word_1_3' title='bbox 410 511 505 565; x_wconf 73' lang='grc' dir='ltr'>καὶ</span> <span class='ocrx_word' id='word_1_4' title='bbox 533 508 707 582; x_wconf 84' lang='grc' dir='ltr'>μέγαν</span> <span class='ocrx_word' id='word_1_5' title='bbox 738 509 829 564; x_wconf 81' lang='grc' dir='ltr'>τὸν</span> <span class='ocrx_word' id='word_1_6' title='bbox 855 511 1056 582; x_wconf 84' lang='grc' dir='ltr'>κόσμον</span> <span class='ocrx_word' id='word_1_7' title='bbox 1078 513 1330 583; x_wconf 78' lang='grc' dir='ltr'>ἐποίησεν</span> <span class='ocrx_word' id='word_1_8' title='bbox 1360 516 1388 566; x_wconf 99' lang='lat'>6</span> <span class='ocrx_word' id='word_1_9' title='bbox 1420 514 1581 577; x_wconf 85' lang='grc' dir='ltr'>Θεός·</span> <span class='ocrx_word' id='word_1_10' title='bbox 1612 516 1661 567; x_wconf 90' lang='grc' dir='ltr'>εἱ</span> <span class='ocrx_word' id='word_1_11' title='bbox 1687 514 1759 585; x_wconf 80' lang='grc' dir='ltr'>μὴ</span> <span class='ocrx_word' id='word_1_12' title='bbox 1784 512 1890 583; x_wconf 78' lang='grc' dir='ltr'>γὰρ</span> 
     </span>
    </p>
   </div>
   <div class='ocr_carea' id='block_1_3' title="bbox 206 597 1894 669">
    <p class='ocr_par' dir='ltr' id='par_1_3' title="bbox 206 597 1894 669">
     <span class='ocr_line' id='line_1_3' title="bbox 206 597 1894 669; baseline 0.002 -19"><span class='ocrx_word' id='word_1_13' title='bbox 206 599 382 651; x_wconf 77' lang='grc' dir='ltr'>αὐτὸν</span> <span class='ocrx_word' id='word_1_14' title='bbox 409 598 571 653; x_wconf 82' lang='grc' dir='ltr'>καλὸν</span> <span class='ocrx_word' id='word_1_15' title='bbox 619 599 715 651; x_wconf 74' lang='grc' dir='ltr'>καὶ</span> <span class='ocrx_word' id='word_1_16' title='bbox 752 598 924 668; x_wconf 80' lang='grc' dir='ltr'>μέγαν</span> <span class='ocrx_word' id='word_1_17' title='bbox 968 598 1223 669; x_wconf 82' lang='grc' dir='ltr'>ἐποίησεν</span> <span class='ocrx_word' id='word_1_18' title='bbox 1257 601 1285 652; x_wconf 89' lang='lat'>6</span> <span class='ocrx_word' id='word_1_19' title='bbox 1317 600 1470 667; x_wconf 81' lang='grc' dir='ltr'>Θεὸς,</span> <span class='ocrx_word' id='word_1_20' title='bbox 1506 602 1607 654; x_wconf 78' lang='grc' dir='ltr'>οὐκ</span> <span class='ocrx_word' id='word_1_21' title='bbox 1637 600 1703 655; x_wconf 85' lang='grc' dir='ltr'>ἂν</span> <span class='ocrx_word' id='word_1_22' title='bbox 1733 597 1894 653; x_wconf 79' lang='grc' dir='ltr'>αὐτὸν</span> 
     </span>
    </p>
   </div>
   <div class='ocr_carea' id='block_1_4' title="bbox 206 684 1893 760">
    <p class='ocr_par' dir='ltr' id='par_1_4' title="bbox 206 684 1893 760">
     <span class='ocr_line' id='line_1_4' title="bbox 206 684 1893 760; baseline 0.003 -24"><span class='ocrx_word' id='word_1_23' title='bbox 206 684 650 757; x_wconf 84' lang='grc' dir='ltr'>ἐθεοποιήσαμεν</span> <span class='ocrx_word' id='word_1_24' title='bbox 669 698 695 726; x_wconf 75' lang='grc' dir='ltr'>ι</span> <span class='ocrx_word' id='word_1_25' title='bbox 717 703 729 716; x_wconf 94' lang='grc'>·</span> <span class='ocrx_word' id='word_1_26' title='bbox 761 685 855 739; x_wconf 89' lang='grc' dir='ltr'>νῦν</span> <span class='ocrx_word' id='word_1_27' title='bbox 882 686 939 738; x_wconf 87' lang='grc' dir='ltr'>δὲ</span> <span class='ocrx_word' id='word_1_28' title='bbox 978 686 1342 755; x_wconf 83' lang='grc' dir='ltr'>ἐκπλαγέντες</span> <span class='ocrx_word' id='word_1_29' title='bbox 1369 689 1534 741; x_wconf 77' lang='grc' dir='ltr'>αὑτοῦ</span> <span class='ocrx_word' id='word_1_30' title='bbox 1559 689 1619 741; x_wconf 88' lang='lat'>1:6</span> <span class='ocrx_word' id='word_1_31' title='bbox 1645 687 1893 760; x_wconf 87' lang='grc' dir='ltr'>μέγεθος,</span> 
     </span>
    </p>
   </div>
   <div class='ocr_carea' id='block_1_5' title="bbox 207 773 1895 847">
    <p class='ocr_par' dir='ltr' id='par_1_5' title="bbox 207 773 1895 847">
     <span class='ocr_line' id='line_1_5' title="bbox 207 773 1895 847; baseline 0.002 -22"><span class='ocrx_word' id='word_1_32' title='bbox 207 775 312 825; x_wconf 80' lang='grc' dir='ltr'>καὶ</span> <span class='ocrx_word' id='word_1_33' title='bbox 354 773 737 845; x_wconf 75' lang='grc' dir='ltr'>θαυμάσαντες</span> <span class='ocrx_word' id='word_1_34' title='bbox 779 774 944 827; x_wconf 81' lang='grc' dir='ltr'>αὑτοῦ</span> <span class='ocrx_word' id='word_1_35' title='bbox 989 773 1049 827; x_wconf 88' lang='lat'>16</span> <span class='ocrx_word' id='word_1_36' title='bbox 1095 774 1312 839; x_wconf 84' lang='grc' dir='ltr'>κάλλος,</span> <span class='ocrx_word' id='word_1_37' title='bbox 1356 776 1689 847; x_wconf 76' lang='grc' dir='ltr'>ἐνομίσαμεν</span> <span class='ocrx_word' id='word_1_38' title='bbox 1735 777 1895 831; x_wconf 80' lang='grc' dir='ltr'>αὑτὸν</span> 
     </span>
    </p>
   </div>
   <div class='ocr_carea' id='block_1_6' title="bbox 206 856 1894 931">
    <p class='ocr_par' dir='ltr' id='par_1_6' title="bbox 206 856 1894 931">
     <span class='ocr_line' id='line_1_6' title="bbox 206 856 1894 931; baseline 0.001 -18"><span class='ocrx_word' id='word_1_39' title='bbox 206 856 356 914; x_wconf 78' lang='grc' dir='ltr'>εἶναι</span> <span class='ocrx_word' id='word_1_40' title='bbox 378 861 517 914; x_wconf 90' lang='grc' dir='ltr'>θεόν.</span> <span class='ocrx_word' id='word_1_41' title='bbox 540 861 678 914; x_wconf 85' lang='grc' dir='ltr'>Ἀλλ’</span> <span class='ocrx_word' id='word_1_42' title='bbox 705 861 869 924; x_wconf 73' lang='grc' dir='ltr'>ἕωλος</span> <span class='ocrx_word' id='word_1_43' title='bbox 892 856 1048 924; x_wconf 74' lang='grc' dir='ltr'>οὗτος</span> <span class='ocrx_word' id='word_1_44' title='bbox 1069 862 1098 913; x_wconf 83' lang='lat'>6</span> <span class='ocrx_word' id='word_1_45' title='bbox 1122 862 1278 930; x_wconf 84' lang='grc' dir='ltr'>λόγος</span> <span class='ocrx_word' id='word_1_46' title='bbox 1304 863 1472 918; x_wconf 86' lang='grc' dir='ltr'>ἐστίν.</span> <span class='ocrx_word' id='word_1_47' title='bbox 1492 863 1614 916; x_wconf 84' lang='grc' dir='ltr'>’Ότι</span> <span class='ocrx_word' id='word_1_48' title='bbox 1642 861 1751 931; x_wconf 77' lang='grc' dir='ltr'>γὰρ</span> <span class='ocrx_word' id='word_1_49' title='bbox 1773 860 1894 915; x_wconf 74' lang='grc' dir='ltr'>οὔτε</span> 
     </span>
    </p>
   </div>
   <div class='ocr_carea' id='block_1_7' title="bbox 204 947 1892 1021">
    <p class='ocr_par' dir='ltr' id='par_1_7' title="bbox 204 947 1892 1021">
     <span class='ocr_line' id='line_1_7' title="bbox 204 947 1892 1021; baseline 0.002 -22"><span class='ocrx_word' id='word_1_50' title='bbox 204 948 275 1000; x_wconf 83' lang='grc' dir='ltr'>τὸ</span> <span class='ocrx_word' id='word_1_51' title='bbox 309 948 538 1018; x_wconf 88' lang='grc' dir='ltr'>μέγεθος</span> <span class='ocrx_word' id='word_1_52' title='bbox 568 947 694 1002; x_wconf 70' lang='grc' dir='ltr'>οὔτε</span> <span class='ocrx_word' id='word_1_53' title='bbox 726 947 788 1002; x_wconf 86' lang='lat'>16</span> <span class='ocrx_word' id='word_1_54' title='bbox 815 947 1011 1012; x_wconf 91' lang='grc' dir='ltr'>κάλλος</span> <span class='ocrx_word' id='word_1_55' title='bbox 1034 948 1134 1017; x_wconf 82' lang='grc' dir='ltr'>τῆς</span> <span class='ocrx_word' id='word_1_56' title='bbox 1173 950 1428 1014; x_wconf 77' lang='grc' dir='ltr'>ἀσεϐείας</span> <span class='ocrx_word' id='word_1_57' title='bbox 1464 951 1666 1013; x_wconf 81' lang='grc' dir='ltr'>αἴτιον,</span> <span class='ocrx_word' id='word_1_58' title='bbox 1714 950 1829 1003; x_wconf 87' lang='grc' dir='ltr'>ἀλλ’</span> <span class='ocrx_word' id='word_1_59' title='bbox 1860 952 1892 1021; x_wconf 79' lang='grc' dir='ltr'>ἡ</span> 
     </span>
    </p>
   </div>
   <div class='ocr_carea' id='block_1_8' title="bbox 206 1035 1893 1107">
    <p class='ocr_par' dir='ltr' id='par_1_8' title="bbox 206 1035 1893 1107">
     <span class='ocr_line' id='line_1_8' title="bbox 206 1035 1893 1107; baseline 0.003 -21"><span class='ocrx_word' id='word_1_60' title='bbox 206 1035 438 1088; x_wconf 76' lang='grc' dir='ltr'>ἐκείνων</span> <span class='ocrx_word' id='word_1_61' title='bbox 482 1035 660 1096; x_wconf 75' lang='grc' dir='ltr'>ἄνοια,</span> <span class='ocrx_word' id='word_1_62' title='bbox 689 1035 977 1105; x_wconf 75' lang='grc' dir='ltr'>δείκνυμεν</span> <span class='ocrx_word' id='word_1_63' title='bbox 1028 1037 1189 1107; x_wconf 84' lang='grc' dir='ltr'>ἡμεῖς</span> <span class='ocrx_word' id='word_1_64' title='bbox 1222 1039 1270 1089; x_wconf 75' lang='grc' dir='ltr'>οἱ</span> <span class='ocrx_word' id='word_1_65' title='bbox 1304 1037 1469 1107; x_wconf 87' lang='grc' dir='ltr'>μηδὲν</span> <span class='ocrx_word' id='word_1_66' title='bbox 1514 1038 1753 1090; x_wconf 89' lang='grc' dir='ltr'>τοιοῦτον</span> <span class='ocrx_word' id='word_1_67' title='bbox 1790 1055 1893 1091; x_wconf 84' lang='grc' dir='ltr'>πα-</span> 
     </span>
    </p>
   </div>
   <div class='ocr_carea' id='block_1_9' title="bbox 207 1121 1889 1196">
    <p class='ocr_par' dir='ltr' id='par_1_9' title="bbox 207 1121 1889 1196">
     <span class='ocr_line' id='line_1_9' title="bbox 207 1121 1889 1196; baseline 0.002 -23"><span class='ocrx_word' id='word_1_68' title='bbox 207 1121 400 1185; x_wconf 87' lang='grc' dir='ltr'>θόντες</span> <span class='ocrx_word' id='word_1_69' title='bbox 428 1124 576 1176; x_wconf 87' lang='grc' dir='ltr'>ποτέ.</span> <span class='ocrx_word' id='word_1_70' title='bbox 602 1123 759 1186; x_wconf 85' lang='grc' dir='ltr'>Τίνος</span> <span class='ocrx_word' id='word_1_71' title='bbox 784 1121 894 1192; x_wconf 87' lang='grc' dir='ltr'>γὰρ</span> <span class='ocrx_word' id='word_1_72' title='bbox 917 1122 1102 1177; x_wconf 85' lang='grc' dir='ltr'>ἐνεκεν</span> <span class='ocrx_word' id='word_1_73' title='bbox 1129 1124 1290 1176; x_wconf 75' lang='grc' dir='ltr'>αὑτὸν</span> <span class='ocrx_word' id='word_1_74' title='bbox 1316 1124 1414 1177; x_wconf 82' lang='grc' dir='ltr'>οὐκ</span> <span class='ocrx_word' id='word_1_75' title='bbox 1444 1123 1889 1196; x_wconf 75' lang='grc' dir='ltr'>ἐθεοποιήσαμενς</span> 
     </span>
    </p>
   </div>
   <div class='ocr_carea' id='block_1_10' title="bbox 204 1209 1893 1283">
    <p class='ocr_par' dir='ltr' id='par_1_10' title="bbox 204 1209 1893 1283">
     <span class='ocr_line' id='line_1_10' title="bbox 204 1209 1893 1283; baseline 0.003 -23"><span class='ocrx_word' id='word_1_76' title='bbox 204 1209 271 1260; x_wconf 79' lang='grc' dir='ltr'>ού</span> <span class='ocrx_word' id='word_1_77' title='bbox 300 1211 415 1272; x_wconf 85' lang='grc' dir='ltr'>τοῖς</span> <span class='ocrx_word' id='word_1_78' title='bbox 451 1211 637 1272; x_wconf 72' lang='grc' dir='ltr'>αὐτοῖς</span> <span class='ocrx_word' id='word_1_79' title='bbox 668 1210 968 1278; x_wconf 72' lang='grc' dir='ltr'>ὀφθαλμοῖς</span> <span class='ocrx_word' id='word_1_80' title='bbox 1006 1210 1169 1264; x_wconf 79' lang='grc' dir='ltr'>αὑτὸν</span> <span class='ocrx_word' id='word_1_81' title='bbox 1196 1209 1343 1283; x_wconf 84' lang='lat' dir='ltr'>[HO]</span> <span class='ocrx_word' id='word_1_82' title='bbox 1379 1211 1685 1281; x_wconf 81' lang='grc' dir='ltr'>βλέπομεν;</span> <span class='ocrx_word' id='word_1_83' title='bbox 1720 1213 1780 1265; x_wconf 87' lang='grc' dir='ltr'>οὐ</span> <span class='ocrx_word' id='word_1_84' title='bbox 1825 1213 1893 1266; x_wconf 86' lang='grc' dir='ltr'>τά</span> 
     </span>
    </p>
   </div>
   <div class='ocr_carea' id='block_1_11' title="bbox 203 1292 1890 1370">
    <p class='ocr_par' dir='ltr' id='par_1_11' title="bbox 203 1292 1890 1370">
     <span class='ocr_line' id='line_1_11' title="bbox 203 1292 1890 1370; baseline 0.004 -23"><span class='ocrx_word' id='word_1_85' title='bbox 203 1292 354 1347; x_wconf 82' lang='grc' dir='ltr'>αύτά</span> <span class='ocrx_word' id='word_1_86' title='bbox 377 1294 479 1362; x_wconf 81' lang='grc' dir='ltr'>τῆς</span> <span class='ocrx_word' id='word_1_87' title='bbox 508 1294 740 1359; x_wconf 83' lang='grc' dir='ltr'>κτίσεως</span> <span class='ocrx_word' id='word_1_88' title='bbox 770 1296 1117 1368; x_wconf 82' lang='grc' dir='ltr'>ἀπολαύομεν</span> <span class='ocrx_word' id='word_1_89' title='bbox 1144 1298 1288 1368; x_wconf 84' lang='grc' dir='ltr'>ἆπερ</span> <span class='ocrx_word' id='word_1_90' title='bbox 1312 1298 1407 1351; x_wconf 78' lang='grc' dir='ltr'>καὶ</span> <span class='ocrx_word' id='word_1_91' title='bbox 1438 1299 1634 1352; x_wconf 84' lang='grc' dir='ltr'>ἐκεῖνοι</span> <span class='ocrx_word' id='word_1_92' title='bbox 1658 1315 1672 1364; x_wconf 90' lang='grc'><strong>;</strong></span> <span class='ocrx_word' id='word_1_93' title='bbox 1704 1299 1764 1352; x_wconf 86' lang='grc' dir='ltr'>ού</span> <span class='ocrx_word' id='word_1_94' title='bbox 1790 1301 1890 1370; x_wconf 76' lang='grc' dir='ltr'>τὴν</span> 
     </span>
    </p>
   </div>
   <div class='ocr_carea' id='block_1_12' title="bbox 200 1379 1887 1457">
    <p class='ocr_par' dir='ltr' id='par_1_12' title="bbox 200 1379 1887 1457">
     <span class='ocr_line' id='line_1_12' title="bbox 200 1379 1887 1457; baseline 0.005 -26"><span class='ocrx_word' id='word_1_95' title='bbox 200 1379 380 1451; x_wconf 73' lang='grc' dir='ltr'>αὐτὴν</span> <span class='ocrx_word' id='word_1_96' title='bbox 410 1381 592 1451; x_wconf 82' lang='grc' dir='ltr'>ψυχὴν</span> <span class='ocrx_word' id='word_1_97' title='bbox 618 1382 968 1454; x_wconf 80' lang='grc' dir='ltr'>κεκτήμεθα;</span> <span class='ocrx_word' id='word_1_98' title='bbox 1020 1386 1081 1437; x_wconf 83' lang='grc' dir='ltr'>οὐ</span> <span class='ocrx_word' id='word_1_99' title='bbox 1113 1385 1173 1438; x_wconf 86' lang='lat'>16</span> <span class='ocrx_word' id='word_1_100' title='bbox 1209 1386 1339 1438; x_wconf 78' lang='grc' dir='ltr'>αὐτὸ</span> <span class='ocrx_word' id='word_1_101' title='bbox 1370 1385 1526 1456; x_wconf 85' lang='grc' dir='ltr'>σῶμα</span> <span class='ocrx_word' id='word_1_102' title='bbox 1560 1386 1756 1457; x_wconf 79' lang='grc' dir='ltr'>ἔχομεν</span> <span class='ocrx_word' id='word_1_103' title='bbox 1784 1429 1796 1452; x_wconf 91' lang='grc'>,</span> <span class='ocrx_word' id='word_1_104' title='bbox 1828 1388 1887 1440; x_wconf 82' lang='grc' dir='ltr'>οὐ</span> 
     </span>
    </p>
   </div>
   <div class='ocr_carea' id='block_1_13' title="bbox 199 1467 1890 1543">
    <p class='ocr_par' dir='ltr' id='par_1_13' title="bbox 199 1467 1890 1543">
     <span class='ocr_line' id='line_1_13' title="bbox 199 1467 1890 1543; baseline 0.007 -27"><span class='ocrx_word' id='word_1_105' title='bbox 199 1467 306 1537; x_wconf 80' lang='grc' dir='ltr'>τὴν</span> <span class='ocrx_word' id='word_1_106' title='bbox 338 1467 510 1539; x_wconf 72' lang='grc' dir='ltr'>αὐτὴν</span> <span class='ocrx_word' id='word_1_107' title='bbox 539 1469 820 1539; x_wconf 86' lang='grc' dir='ltr'>πατοῦμεν</span> <span class='ocrx_word' id='word_1_108' title='bbox 847 1473 981 1542; x_wconf 85' lang='grc' dir='ltr'>γῆν;</span> <span class='ocrx_word' id='word_1_109' title='bbox 1013 1471 1132 1535; x_wconf 88' lang='grc' dir='ltr'>πῶς</span> <span class='ocrx_word' id='word_1_110' title='bbox 1170 1474 1316 1543; x_wconf 83' lang='grc' dir='ltr'>ἡμᾶς</span> <span class='ocrx_word' id='word_1_111' title='bbox 1345 1474 1446 1526; x_wconf 75' lang='grc' dir='ltr'>οὐκ</span> <span class='ocrx_word' id='word_1_112' title='bbox 1472 1473 1656 1527; x_wconf 78' lang='grc' dir='ltr'>ἔπεισε</span> <span class='ocrx_word' id='word_1_113' title='bbox 1676 1476 1738 1527; x_wconf 85' lang='lat'>16</span> <span class='ocrx_word' id='word_1_114' title='bbox 1761 1475 1890 1529; x_wconf 87' lang='grc' dir='ltr'>κάλ-</span> 
     </span>
    </p>
   </div>
   <div class='ocr_carea' id='block_1_14' title="bbox 197 1551 1887 1628">
    <p class='ocr_par' dir='ltr' id='par_1_14' title="bbox 197 1551 1887 1628">
     <span class='ocr_line' id='line_1_14' title="bbox 197 1551 1887 1628; baseline 0.005 -22"><span class='ocrx_word' id='word_1_115' title='bbox 197 1551 299 1616; x_wconf 83' lang='grc' dir='ltr'>λος</span> <span class='ocrx_word' id='word_1_116' title='bbox 349 1555 444 1607; x_wconf 73' lang='grc' dir='ltr'>καὶ</span> <span class='ocrx_word' id='word_1_117' title='bbox 475 1557 536 1609; x_wconf 89' lang='lat'>16</span> <span class='ocrx_word' id='word_1_118' title='bbox 572 1556 802 1626; x_wconf 87' lang='grc' dir='ltr'>μέγεθος</span> <span class='ocrx_word' id='word_1_119' title='bbox 832 1557 901 1610; x_wconf 77' lang='grc' dir='ltr'>τὰ</span> <span class='ocrx_word' id='word_1_120' title='bbox 946 1558 1087 1612; x_wconf 79' lang='grc' dir='ltr'>αύτά</span> <span class='ocrx_word' id='word_1_121' title='bbox 1118 1559 1307 1628; x_wconf 80' lang='grc' dir='ltr'>νοῆσαι</span> <span class='ocrx_word' id='word_1_122' title='bbox 1341 1561 1601 1626; x_wconf 85' lang='grc' dir='ltr'>ἐκείνοις;</span> <span class='ocrx_word' id='word_1_123' title='bbox 1658 1563 1769 1616; x_wconf 81' lang='grc' dir='ltr'>Οὐκ</span> <span class='ocrx_word' id='word_1_124' title='bbox 1802 1565 1887 1614; x_wconf 86' lang='grc' dir='ltr'>ἐν-</span> 
     </span>
    </p>
   </div>
   <div class='ocr_carea' id='block_1_15' title="bbox 195 1641 1882 1717">
    <p class='ocr_par' dir='ltr' id='par_1_15' title="bbox 195 1641 1882 1717">
     <span class='ocr_line' id='line_1_15' title="bbox 195 1641 1882 1717; baseline 0.005 -25"><span class='ocrx_word' id='word_1_125' title='bbox 195 1641 401 1695; x_wconf 80' lang='grc' dir='ltr'>τεῦθεν</span> <span class='ocrx_word' id='word_1_126' title='bbox 433 1643 488 1695; x_wconf 87' lang='grc' dir='ltr'>δέ</span> <span class='ocrx_word' id='word_1_127' title='bbox 516 1643 676 1697; x_wconf 82' lang='grc' dir='ltr'>τοῦτο</span> <span class='ocrx_word' id='word_1_128' title='bbox 717 1644 866 1698; x_wconf 81' lang='grc' dir='ltr'>ἔσται</span> <span class='ocrx_word' id='word_1_129' title='bbox 892 1645 1049 1715; x_wconf 78' lang='grc' dir='ltr'>δῆλον</span> <span class='ocrx_word' id='word_1_130' title='bbox 1087 1646 1266 1716; x_wconf 88' lang='grc' dir='ltr'>μόνον,</span> <span class='ocrx_word' id='word_1_131' title='bbox 1300 1646 1438 1699; x_wconf 85' lang='grc' dir='ltr'>ἀλλά</span> <span class='ocrx_word' id='word_1_132' title='bbox 1475 1648 1568 1700; x_wconf 78' lang='grc' dir='ltr'>καὶ</span> <span class='ocrx_word' id='word_1_133' title='bbox 1601 1647 1882 1717; x_wconf 57' lang='grc' dir='ltr'>ἑτέρωθεν.</span> 
     </span>
    </p>
   </div>
   <div class='ocr_carea' id='block_1_16' title="bbox 198 1729 1885 1805">
    <p class='ocr_par' dir='ltr' id='par_1_16' title="bbox 198 1729 1885 1805">
     <span class='ocr_line' id='line_1_16' title="bbox 198 1729 1885 1805; baseline 0.005 -24"><span class='ocrx_word' id='word_1_134' title='bbox 198 1729 332 1781; x_wconf 85' lang='grc' dir='ltr'>Ὅτι</span> <span class='ocrx_word' id='word_1_135' title='bbox 362 1730 473 1800; x_wconf 85' lang='grc' dir='ltr'>γὰρ</span> <span class='ocrx_word' id='word_1_136' title='bbox 505 1730 565 1783; x_wconf 83' lang='grc' dir='ltr'>οὐ</span> <span class='ocrx_word' id='word_1_137' title='bbox 600 1730 688 1785; x_wconf 85' lang='grc' dir='ltr'>διά</span> <span class='ocrx_word' id='word_1_138' title='bbox 722 1731 780 1784; x_wconf 88' lang='lat'>16</span> <span class='ocrx_word' id='word_1_139' title='bbox 806 1732 1000 1797; x_wconf 88' lang='grc' dir='ltr'>κάλλος</span> <span class='ocrx_word' id='word_1_140' title='bbox 1040 1733 1203 1786; x_wconf 78' lang='grc' dir='ltr'>αὑτὸν</span> <span class='ocrx_word' id='word_1_141' title='bbox 1233 1733 1611 1805; x_wconf 83' lang='grc' dir='ltr'>ἐθεοποίησαν,</span> <span class='ocrx_word' id='word_1_142' title='bbox 1640 1733 1775 1787; x_wconf 88' lang='grc' dir='ltr'>ἀλλά</span> <span class='ocrx_word' id='word_1_143' title='bbox 1798 1735 1885 1789; x_wconf 77' lang='grc' dir='ltr'>διὰ</span> 
     </span>
    </p>
   </div>
   <div class='ocr_carea' id='block_1_17' title="bbox 192 1815 1887 1895">
    <p class='ocr_par' dir='ltr' id='par_1_17' title="bbox 192 1815 1887 1895">
     <span class='ocr_line' id='line_1_17' title="bbox 192 1815 1887 1895; baseline 0.005 -27"><span class='ocrx_word' id='word_1_144' title='bbox 192 1815 304 1886; x_wconf 72' lang='grc' dir='ltr'>τὴν</span> <span class='ocrx_word' id='word_1_145' title='bbox 328 1817 537 1871; x_wconf 82' lang='grc' dir='ltr'>οἰκείαν</span> <span class='ocrx_word' id='word_1_146' title='bbox 567 1818 775 1885; x_wconf 80' lang='grc' dir='ltr'>ἄνοιαν,</span> <span class='ocrx_word' id='word_1_147' title='bbox 796 1819 887 1872; x_wconf 87' lang='grc' dir='ltr'>τὸν</span> <span class='ocrx_word' id='word_1_148' title='bbox 906 1820 1136 1890; x_wconf 79' lang='grc' dir='ltr'>πίθηκον</span> <span class='ocrx_word' id='word_1_149' title='bbox 1163 1820 1311 1885; x_wconf 87' lang='grc' dir='ltr'>τίνος</span> <span class='ocrx_word' id='word_1_150' title='bbox 1337 1820 1521 1874; x_wconf 85' lang='grc' dir='ltr'>ἐνεκεν</span> <span class='ocrx_word' id='word_1_151' title='bbox 1551 1822 1887 1895; x_wconf 88' lang='grc' dir='ltr'>προσεκύνη-</span> 
     </span>
    </p>
   </div>
   <div class='ocr_carea' id='block_1_18' title="bbox 198 1904 1882 1979">
    <p class='ocr_par' dir='ltr' id='par_1_18' title="bbox 198 1904 1882 1979">
     <span class='ocr_line' id='line_1_18' title="bbox 198 1904 1882 1979; baseline 0.005 -24"><span class='ocrx_word' id='word_1_152' title='bbox 198 1904 433 1965; x_wconf 67' lang='grc' dir='ltr'>σαν,τδν</span> <span class='ocrx_word' id='word_1_153' title='bbox 454 1904 814 1976; x_wconf 80' lang='grc' dir='ltr'>κροκόδειλον,</span> <span class='ocrx_word' id='word_1_154' title='bbox 828 1907 921 1960; x_wconf 80' lang='lat' dir='ltr'><em>16v</em></span> <span class='ocrx_word' id='word_1_155' title='bbox 943 1906 1100 1971; x_wconf 89' lang='grc' dir='ltr'>κύνα,</span> <span class='ocrx_word' id='word_1_156' title='bbox 1114 1907 1182 1961; x_wconf 87' lang='grc' dir='ltr'>τά</span> <span class='ocrx_word' id='word_1_157' title='bbox 1204 1907 1562 1962; x_wconf 80' lang='grc' dir='ltr'>εὐτελέστατα</span> <span class='ocrx_word' id='word_1_158' title='bbox 1579 1909 1688 1964; x_wconf 89' lang='grc' dir='ltr'>τῶν</span> <span class='ocrx_word' id='word_1_159' title='bbox 1707 1909 1882 1979; x_wconf 83' lang='grc' dir='ltr'>ζώων;</span> 
     </span>
    </p>
   </div>
   <div class='ocr_carea' id='block_1_19' title="bbox 200 1991 1883 2066">
    <p class='ocr_par' dir='ltr' id='par_1_19' title="bbox 200 1991 1883 2066">
     <span class='ocr_line' id='line_1_19' title="bbox 200 1991 1883 2066; baseline 0.005 -23"><span class='ocrx_word' id='word_1_160' title='bbox 200 1991 920 2060; x_wconf 83' lang='grc' dir='ltr'>ὈντωςἘματαιὼθησαν</span> <span class='ocrx_word' id='word_1_161' title='bbox 943 1994 1016 2047; x_wconf 80' lang='grc' dir='ltr'>ἐν</span> <span class='ocrx_word' id='word_1_162' title='bbox 1060 1993 1185 2061; x_wconf 85' lang='grc' dir='ltr'>τοῖς</span> <span class='ocrx_word' id='word_1_163' title='bbox 1218 1993 1628 2065; x_wconf 70' lang='grc' dir='ltr'>διαλογισμοῖς</span> <span class='ocrx_word' id='word_1_164' title='bbox 1662 1997 1883 2066; x_wconf 81' lang='grc' dir='ltr'>αὐτῶν,</span> 
     </span>
    </p>
   </div>
   <div class='ocr_carea' id='block_1_20' title="bbox 194 2076 1885 2152">
    <p class='ocr_par' dir='ltr' id='par_1_20' title="bbox 194 2076 1885 2152">
     <span class='ocr_line' id='line_1_20' title="bbox 194 2076 1885 2152; baseline 0.006 -23"><span class='ocrx_word' id='word_1_165' title='bbox 194 2076 304 2129; x_wconf 78' lang='grc' dir='ltr'>καὶ</span> <span class='ocrx_word' id='word_1_166' title='bbox 336 2078 664 2147; x_wconf 81' lang='grc' dir='ltr'>ἐσκοτίσθη</span> <span class='ocrx_word' id='word_1_167' title='bbox 702 2081 740 2149; x_wconf 81' lang='grc' dir='ltr'><strong><em>ἠ</em></strong></span> <span class='ocrx_word' id='word_1_168' title='bbox 774 2081 1072 2148; x_wconf 82' lang='grc' dir='ltr'>ἀσύνετος</span> <span class='ocrx_word' id='word_1_169' title='bbox 1105 2080 1304 2135; x_wconf 85' lang='grc' dir='ltr'>αὐτῶν</span> <span class='ocrx_word' id='word_1_170' title='bbox 1335 2083 1577 2150; x_wconf 80' lang='grc' dir='ltr'>καρδία·</span> <span class='ocrx_word' id='word_1_171' title='bbox 1614 2083 1885 2152; x_wconf 74' lang='grc' dir='ltr'>φάσκον-</span> 
     </span>
    </p>
   </div>
   <div class='ocr_carea' id='block_1_21' title="bbox 194 2162 1885 2241">
    <p class='ocr_par' dir='ltr' id='par_1_21' title="bbox 194 2162 1885 2241">
     <span class='ocr_line' id='line_1_21' title="bbox 194 2162 1885 2241; baseline 0.005 -25"><span class='ocrx_word' id='word_1_172' title='bbox 194 2182 301 2230; x_wconf 86' lang='grc' dir='ltr'>τες</span> <span class='ocrx_word' id='word_1_173' title='bbox 333 2164 447 2234; x_wconf 76' lang='grc' dir='ltr'>γὰρ</span> <span class='ocrx_word' id='word_1_174' title='bbox 479 2162 634 2220; x_wconf 77' lang='grc' dir='ltr'>εἶναι</span> <span class='ocrx_word' id='word_1_175' title='bbox 656 2167 835 2237; x_wconf 66' lang='grc' dir='ltr'>σοφοί</span> <span class='ocrx_word' id='word_1_176' title='bbox 861 2168 1312 2238; x_wconf 79' lang='grc' dir='ltr'>ἐμωράνθησαν.</span> <span class='ocrx_word' id='word_1_177' title='bbox 1338 2170 1484 2241; x_wconf 87' lang='grc' dir='ltr'>Πλὴν</span> <span class='ocrx_word' id='word_1_178' title='bbox 1517 2170 1631 2224; x_wconf 84' lang='grc' dir='ltr'>ἀλλ’</span> <span class='ocrx_word' id='word_1_179' title='bbox 1657 2173 1755 2225; x_wconf 81' lang='grc' dir='ltr'>οὐκ</span> <span class='ocrx_word' id='word_1_180' title='bbox 1777 2173 1885 2226; x_wconf 81' lang='grc' dir='ltr'>ἀπὸ</span> 
     </span>
    </p>
   </div>
   <div class='ocr_carea' id='block_1_22' title="bbox 190 2251 1883 2330">
    <p class='ocr_par' dir='ltr' id='par_1_22' title="bbox 190 2251 1883 2330">
     <span class='ocr_line' id='line_1_22' title="bbox 190 2251 1883 2330; baseline 0.006 -27"><span class='ocrx_word' id='word_1_181' title='bbox 190 2251 412 2304; x_wconf 86' lang='grc' dir='ltr'>τούτων</span> <span class='ocrx_word' id='word_1_182' title='bbox 439 2253 895 2325; x_wconf 78' lang='grc' dir='ltr'>ἀπολογησόμεθα</span> <span class='ocrx_word' id='word_1_183' title='bbox 931 2256 1110 2326; x_wconf 89' lang='grc' dir='ltr'>μόνον,</span> <span class='ocrx_word' id='word_1_184' title='bbox 1140 2255 1275 2309; x_wconf 89' lang='grc' dir='ltr'>ἀλλά</span> <span class='ocrx_word' id='word_1_185' title='bbox 1307 2257 1401 2309; x_wconf 77' lang='grc' dir='ltr'>καὶ</span> <span class='ocrx_word' id='word_1_186' title='bbox 1426 2256 1612 2330; x_wconf 75' lang='grc' dir='ltr'>ἕτερόν</span> <span class='ocrx_word' id='word_1_187' title='bbox 1643 2276 1693 2311; x_wconf 89' lang='grc' dir='ltr'>τι</span> <span class='ocrx_word' id='word_1_188' title='bbox 1723 2259 1883 2314; x_wconf 90' lang='grc' dir='ltr'>πλέον</span> 
     </span>
    </p>
   </div>
   <div class='ocr_carea' id='block_1_23' title="bbox 193 2338 462 2409">
    <p class='ocr_par' dir='ltr' id='par_1_23' title="bbox 193 2338 462 2409">
     <span class='ocr_line' id='line_1_23' title="bbox 193 2338 462 2409; baseline 0.007 -18"><span class='ocrx_word' id='word_1_189' title='bbox 193 2338 462 2409; x_wconf 75' lang='grc' dir='ltr'>ἐροῦμεν.</span> 
     </span>
    </p>
   </div>
   <div class='ocr_carea' id='block_1_24' title="bbox 272 2424 1881 2502">
    <p class='ocr_par' dir='ltr' id='par_1_24' title="bbox 272 2424 1881 2502">
     <span class='ocr_line' id='line_1_24' title="bbox 272 2424 1881 2502; baseline 0.006 -25"><span class='ocrx_word' id='word_1_190' title='bbox 272 2424 315 2477; x_wconf 84' lang='grc' dir='ltr'>δ’</span> <span class='ocrx_word' id='word_1_191' title='bbox 321 2424 534 2479; x_wconf 84' lang='grc' dir='ltr'>,Ταῦτα</span> <span class='ocrx_word' id='word_1_192' title='bbox 559 2426 670 2498; x_wconf 79' lang='grc' dir='ltr'>γὰρ</span> <span class='ocrx_word' id='word_1_193' title='bbox 702 2427 908 2483; x_wconf 81' lang='grc' dir='ltr'>ἄνωθεν</span> <span class='ocrx_word' id='word_1_194' title='bbox 931 2430 960 2483; x_wconf 91' lang='lat'>6</span> <span class='ocrx_word' id='word_1_195' title='bbox 986 2428 1414 2501; x_wconf 74' lang='grc' dir='ltr'>Θεὸςπροειδὼς,</span> <span class='ocrx_word' id='word_1_196' title='bbox 1442 2430 1749 2502; x_wconf 83' lang='grc' dir='ltr'>καὶταύτην</span> <span class='ocrx_word' id='word_1_197' title='bbox 1780 2433 1881 2486; x_wconf 82' lang='grc' dir='ltr'>αύ-</span> 
     </span>
    </p>
   </div>
   <div class='ocr_carea' id='block_1_25' title="bbox 190 2511 1883 2589">
    <p class='ocr_par' dir='ltr' id='par_1_25' title="bbox 190 2511 1883 2589">
     <span class='ocr_line' id='line_1_25' title="bbox 190 2511 1883 2589; baseline 0.005 -23"><span class='ocrx_word' id='word_1_198' title='bbox 190 2511 308 2566; x_wconf 82' lang='grc' dir='ltr'>τῶν</span> <span class='ocrx_word' id='word_1_199' title='bbox 330 2514 510 2567; x_wconf 87' lang='grc' dir='ltr'>ἀνεῖλε</span> <span class='ocrx_word' id='word_1_200' title='bbox 542 2515 643 2585; x_wconf 82' lang='grc' dir='ltr'>τὴν</span> <span class='ocrx_word' id='word_1_201' title='bbox 669 2516 943 2585; x_wconf 75' lang='grc' dir='ltr'>πρόφασιν</span> <span class='ocrx_word' id='word_1_202' title='bbox 972 2516 1117 2571; x_wconf 87' lang='grc' dir='ltr'>κατά</span> <span class='ocrx_word' id='word_1_203' title='bbox 1148 2517 1243 2589; x_wconf 85' lang='grc' dir='ltr'>τὴν</span> <span class='ocrx_word' id='word_1_204' title='bbox 1299 2517 1464 2571; x_wconf 82' lang='grc' dir='ltr'>αὐτοῦ</span> <span class='ocrx_word' id='word_1_205' title='bbox 1517 2520 1708 2588; x_wconf 85' lang='grc' dir='ltr'>σοφίαν</span> <span class='ocrx_word' id='word_1_206' title='bbox 1731 2537 1745 2551; x_wconf 92' lang='grc'>·</span> <span class='ocrx_word' id='word_1_207' title='bbox 1795 2520 1883 2575; x_wconf 81' lang='grc' dir='ltr'>διὰ</span> 
     </span>
    </p>
   </div>
   <div class='ocr_carea' id='block_1_26' title="bbox 188 2598 1884 2679">
    <p class='ocr_par' dir='ltr' id='par_1_26' title="bbox 188 2598 1884 2679">
     <span class='ocr_line' id='line_1_26' title="bbox 188 2598 1884 2679; baseline 0.004 -27"><span class='ocrx_word' id='word_1_208' title='bbox 188 2598 360 2653; x_wconf 85' lang='grc' dir='ltr'>τοῦτο</span> <span class='ocrx_word' id='word_1_209' title='bbox 397 2601 457 2654; x_wconf 85' lang='grc' dir='ltr'>οὐ</span> <span class='ocrx_word' id='word_1_210' title='bbox 489 2603 651 2672; x_wconf 88' lang='grc' dir='ltr'>μόνον</span> <span class='ocrx_word' id='word_1_211' title='bbox 683 2601 997 2673; x_wconf 85' lang='grc' dir='ltr'>θαυμαστόν</span> <span class='ocrx_word' id='word_1_212' title='bbox 1024 2604 1118 2658; x_wconf 74' lang='grc' dir='ltr'>καὶ</span> <span class='ocrx_word' id='word_1_213' title='bbox 1150 2604 1324 2673; x_wconf 88' lang='grc' dir='ltr'>μέγαν</span> <span class='ocrx_word' id='word_1_214' title='bbox 1351 2605 1442 2658; x_wconf 80' lang='grc' dir='ltr'>τὸν</span> <span class='ocrx_word' id='word_1_215' title='bbox 1474 2607 1675 2677; x_wconf 83' lang='grc' dir='ltr'>κόσμον</span> <span class='ocrx_word' id='word_1_216' title='bbox 1707 2606 1884 2679; x_wconf 88' lang='grc' dir='ltr'>ἐποίη-</span> 
     </span>
    </p>
   </div>
   <div class='ocr_carea' id='block_1_27' title="bbox 191 2686 1880 2763">
    <p class='ocr_par' dir='ltr' id='par_1_27' title="bbox 191 2686 1880 2763">
     <span class='ocr_line' id='line_1_27' title="bbox 191 2686 1880 2763; baseline 0.006 -26"><span class='ocrx_word' id='word_1_217' title='bbox 191 2702 316 2748; x_wconf 86' lang='grc' dir='ltr'>σεν,</span> <span class='ocrx_word' id='word_1_218' title='bbox 341 2686 479 2739; x_wconf 88' lang='grc' dir='ltr'>ἀλλά</span> <span class='ocrx_word' id='word_1_219' title='bbox 504 2688 599 2740; x_wconf 75' lang='grc' dir='ltr'>καὶ</span> <span class='ocrx_word' id='word_1_220' title='bbox 626 2686 867 2760; x_wconf 80' lang='grc' dir='ltr'>φθαρτὸν</span> <span class='ocrx_word' id='word_1_221' title='bbox 900 2690 994 2744; x_wconf 78' lang='grc' dir='ltr'>καὶ</span> <span class='ocrx_word' id='word_1_222' title='bbox 1021 2690 1306 2763; x_wconf 88' lang='grc' dir='ltr'>ἐπίκηρον,</span> <span class='ocrx_word' id='word_1_223' title='bbox 1356 2694 1451 2745; x_wconf 75' lang='grc' dir='ltr'>καὶ</span> <span class='ocrx_word' id='word_1_224' title='bbox 1475 2693 1573 2763; x_wconf 83' lang='grc' dir='ltr'>τῆς</span> <span class='ocrx_word' id='word_1_225' title='bbox 1598 2693 1880 2759; x_wconf 80' lang='grc' dir='ltr'>ἀσθενείας</span> 
     </span>
    </p>
   </div>
   <div class='ocr_carea' id='block_1_28' title="bbox 189 2772 1881 2850">
    <p class='ocr_par' dir='ltr' id='par_1_28' title="bbox 189 2772 1881 2850">
     <span class='ocr_line' id='line_1_28' title="bbox 189 2772 1881 2850; baseline 0.005 -24"><span class='ocrx_word' id='word_1_226' title='bbox 189 2772 367 2826; x_wconf 76' lang='grc' dir='ltr'>αὑτοῦ</span> <span class='ocrx_word' id='word_1_227' title='bbox 418 2773 588 2826; x_wconf 85' lang='grc' dir='ltr'>πολλά</span> <span class='ocrx_word' id='word_1_228' title='bbox 619 2774 887 2845; x_wconf 87' lang='grc' dir='ltr'>δείγματα</span> <span class='ocrx_word' id='word_1_229' title='bbox 939 2776 1286 2845; x_wconf 78' lang='grc' dir='ltr'>ἐγκατέθετο,</span> <span class='ocrx_word' id='word_1_230' title='bbox 1340 2779 1435 2831; x_wconf 74' lang='grc' dir='ltr'>καὶ</span> <span class='ocrx_word' id='word_1_231' title='bbox 1485 2779 1621 2850; x_wconf 83' lang='grc' dir='ltr'>ὅπερ</span> <span class='ocrx_word' id='word_1_232' title='bbox 1651 2779 1743 2832; x_wconf 81' lang='grc' dir='ltr'>ἐπὶ</span> <span class='ocrx_word' id='word_1_233' title='bbox 1771 2779 1881 2834; x_wconf 85' lang='grc' dir='ltr'>τῶν</span> 
     </span>
    </p>
   </div>
   <div class='ocr_carea' id='block_1_29' title="bbox 188 2858 1875 2936">
    <p class='ocr_par' dir='ltr' id='par_1_29' title="bbox 188 2858 1875 2936">
     <span class='ocr_line' id='line_1_29' title="bbox 188 2858 1875 2936; baseline 0.005 -24"><span class='ocrx_word' id='word_1_234' title='bbox 188 2858 515 2913; x_wconf 77' lang='grc' dir='ltr'>ἀποστόλων</span> <span class='ocrx_word' id='word_1_235' title='bbox 556 2861 802 2931; x_wconf 88' lang='grc' dir='ltr'>ἐποίησε,</span> <span class='ocrx_word' id='word_1_236' title='bbox 832 2862 992 2916; x_wconf 85' lang='grc' dir='ltr'>τοῦτο</span> <span class='ocrx_word' id='word_1_237' title='bbox 1031 2863 1124 2917; x_wconf 80' lang='grc' dir='ltr'>καὶ</span> <span class='ocrx_word' id='word_1_238' title='bbox 1157 2865 1250 2917; x_wconf 81' lang='grc' dir='ltr'>ἐπὶ</span> <span class='ocrx_word' id='word_1_239' title='bbox 1276 2862 1372 2916; x_wconf 90' lang='grc' dir='ltr'>τοῦ</span> <span class='ocrx_word' id='word_1_240' title='bbox 1411 2864 1617 2936; x_wconf 82' lang='grc' dir='ltr'>κόσμου</span> <span class='ocrx_word' id='word_1_241' title='bbox 1659 2866 1875 2930; x_wconf 80' lang='grc' dir='ltr'>παντός.</span> 
     </span>
    </p>
   </div>
   <div class='ocr_carea' id='block_1_30' title="bbox 189 2945 1881 3026">
    <p class='ocr_par' dir='ltr' id='par_1_30' title="bbox 189 2945 1881 3026">
     <span class='ocr_line' id='line_1_30' title="bbox 189 2945 1881 3026; baseline 0.006 -29"><span class='ocrx_word' id='word_1_242' title='bbox 189 2945 262 2997; x_wconf 83' lang='grc' dir='ltr'>Τί</span> <span class='ocrx_word' id='word_1_243' title='bbox 288 2946 349 3000; x_wconf 81' lang='grc' dir='ltr'>δὲ</span> <span class='ocrx_word' id='word_1_244' title='bbox 377 2948 470 2999; x_wconf 82' lang='grc' dir='ltr'>ἐπὶ</span> <span class='ocrx_word' id='word_1_245' title='bbox 508 2947 616 3001; x_wconf 86' lang='grc' dir='ltr'>τῶν</span> <span class='ocrx_word' id='word_1_246' title='bbox 644 2949 956 3003; x_wconf 82' lang='grc' dir='ltr'>ἀποστόλων</span> <span class='ocrx_word' id='word_1_247' title='bbox 985 2951 1270 3021; x_wconf 87' lang='grc' dir='ltr'>ἐποίησεν;</span> <span class='ocrx_word' id='word_1_248' title='bbox 1330 2953 1547 3025; x_wconf 84' lang='grc' dir='ltr'>Ἐπειδὴ</span> <span class='ocrx_word' id='word_1_249' title='bbox 1579 2953 1747 3007; x_wconf 85' lang='grc' dir='ltr'>πολλά</span> <span class='ocrx_word' id='word_1_250' title='bbox 1784 2972 1881 3026; x_wconf 94' lang='grc' dir='ltr'>ση-</span> 
     </span>
    </p>
   </div>
   <div class='ocr_carea' id='block_1_31' title="bbox 194 3035 1875 3112">
    <p class='ocr_par' dir='ltr' id='par_1_31' title="bbox 194 3035 1875 3112">
     <span class='ocr_line' id='line_1_31' title="bbox 194 3035 1875 3112; baseline 0.005 -26"><span class='ocrx_word' id='word_1_251' title='bbox 194 3035 331 3103; x_wconf 84' lang='grc' dir='ltr'>μεῖα</span> <span class='ocrx_word' id='word_1_252' title='bbox 356 3036 452 3088; x_wconf 71' lang='grc' dir='ltr'>καὶ</span> <span class='ocrx_word' id='word_1_253' title='bbox 481 3035 734 3105; x_wconf 85' lang='grc' dir='ltr'>θαύματα</span> <span class='ocrx_word' id='word_1_254' title='bbox 769 3038 1031 3091; x_wconf 67' lang='grc' dir='ltr'>ἐποίουνιι</span> <span class='ocrx_word' id='word_1_255' title='bbox 1079 3039 1175 3092; x_wconf 72' lang='grc' dir='ltr'>καὶ</span> <span class='ocrx_word' id='word_1_256' title='bbox 1212 3039 1423 3109; x_wconf 89' lang='grc' dir='ltr'>μεγάλα</span> <span class='ocrx_word' id='word_1_257' title='bbox 1453 3041 1545 3093; x_wconf 72' lang='grc' dir='ltr'>καὶ</span> <span class='ocrx_word' id='word_1_258' title='bbox 1578 3041 1875 3112; x_wconf 79' lang='grc' dir='ltr'>παράδοξα,</span> 
     </span>
    </p>
   </div>
   <div class='ocr_carea' id='block_1_32' title="bbox 190 3122 1880 3199">
    <p class='ocr_par' dir='ltr' id='par_1_32' title="bbox 190 3122 1880 3199">
     <span class='ocr_line' id='line_1_32' title="bbox 190 3122 1880 3199; baseline 0.006 -27"><span class='ocrx_word' id='word_1_259' title='bbox 190 3122 381 3174; x_wconf 78' lang='grc' dir='ltr'>εῖασεν</span> <span class='ocrx_word' id='word_1_260' title='bbox 408 3122 604 3186; x_wconf 82' lang='grc' dir='ltr'>αὐτοὺς</span> <span class='ocrx_word' id='word_1_261' title='bbox 625 3122 864 3194; x_wconf 85' lang='grc' dir='ltr'>συνεχῶς</span> <span class='ocrx_word' id='word_1_262' title='bbox 891 3124 1269 3195; x_wconf 78' lang='grc' dir='ltr'>μαστίζεσθαι,</span> <span class='ocrx_word' id='word_1_263' title='bbox 1295 3126 1635 3192; x_wconf 87' lang='grc' dir='ltr'>ἐλαύνεσθαι,</span> <span class='ocrx_word' id='word_1_264' title='bbox 1669 3128 1880 3199; x_wconf 82' lang='grc' dir='ltr'>δεσμω-</span> 
     </span>
    </p>
   </div>
   <div class='ocr_carea' id='block_1_33' title="bbox 186 3207 1879 3284">
    <p class='ocr_par' dir='ltr' id='par_1_33' title="bbox 186 3207 1879 3284">
     <span class='ocr_line' id='line_1_33' title="bbox 186 3207 1879 3284; baseline 0.005 -25"><span class='ocrx_word' id='word_1_265' title='bbox 186 3207 386 3279; x_wconf 82' lang='grc' dir='ltr'>τήριον</span> <span class='ocrx_word' id='word_1_266' title='bbox 434 3210 621 3273; x_wconf 83' lang='grc' dir='ltr'>οίκεῖν,</span> <span class='ocrx_word' id='word_1_267' title='bbox 660 3209 964 3274; x_wconf 80' lang='grc' dir='ltr'>ἀσθενείαις</span> <span class='ocrx_word' id='word_1_268' title='bbox 1003 3212 1353 3283; x_wconf 77' lang='grc' dir='ltr'>περιπίπτειν</span> <span class='ocrx_word' id='word_1_269' title='bbox 1410 3217 1765 3284; x_wconf 87' lang='grc' dir='ltr'>σωματικαῖς,</span> <span class='ocrx_word' id='word_1_270' title='bbox 1820 3217 1879 3269; x_wconf 87' lang='grc' dir='ltr'>ἐν</span> 
     </span>
    </p>
   </div>
   <div class='ocr_carea' id='block_1_34' title="bbox 186 3294 1876 3373">
    <p class='ocr_par' dir='ltr' id='par_1_34' title="bbox 186 3294 1876 3373">
     <span class='ocr_line' id='line_1_34' title="bbox 186 3294 1876 3373; baseline 0.005 -26"><span class='ocrx_word' id='word_1_271' title='bbox 186 3294 502 3366; x_wconf 71' lang='grc' dir='ltr'>διηνεκέσιν</span> <span class='ocrx_word' id='word_1_272' title='bbox 534 3294 671 3350; x_wconf 85' lang='grc' dir='ltr'>εἶναι</span> <span class='ocrx_word' id='word_1_273' title='bbox 705 3296 968 3367; x_wconf 63' lang='grc' dir='ltr'>θλίψεσιν,</span> <span class='ocrx_word' id='word_1_274' title='bbox 1007 3300 1092 3352; x_wconf 85' lang='grc' dir='ltr'>ἴνα</span> <span class='ocrx_word' id='word_1_275' title='bbox 1126 3299 1199 3371; x_wconf 77' lang='grc' dir='ltr'>μὴ</span> <span class='ocrx_word' id='word_1_276' title='bbox 1224 3300 1332 3354; x_wconf 86' lang='grc' dir='ltr'>τῶν</span> <span class='ocrx_word' id='word_1_277' title='bbox 1363 3302 1604 3373; x_wconf 88' lang='grc' dir='ltr'>σημείων</span> <span class='ocrx_word' id='word_1_278' title='bbox 1629 3302 1688 3355; x_wconf 88' lang='lat'>16</span> <span class='ocrx_word' id='word_1_279' title='bbox 1714 3302 1876 3373; x_wconf 83' lang='grc' dir='ltr'>μέγε-</span> 
     </span>
    </p>
   </div>
   <div class='ocr_carea' id='block_1_35' title="bbox 189 3380 1878 3460">
    <p class='ocr_par' dir='ltr' id='par_1_35' title="bbox 189 3380 1878 3460">
     <span class='ocr_line' id='line_1_35' title="bbox 189 3380 1878 3460; baseline 0.005 -27"><span class='ocrx_word' id='word_1_280' title='bbox 189 3380 286 3446; x_wconf 88' lang='grc' dir='ltr'>θος</span> <span class='ocrx_word' id='word_1_281' title='bbox 314 3381 471 3446; x_wconf 77' lang='grc' dir='ltr'>θεοὺς</span> <span class='ocrx_word' id='word_1_282' title='bbox 501 3384 697 3447; x_wconf 73' lang='grc' dir='ltr'>αὐτοὺς</span> <span class='ocrx_word' id='word_1_283' title='bbox 724 3385 876 3456; x_wconf 75' lang='grc' dir='ltr'>παρὰ</span> <span class='ocrx_word' id='word_1_284' title='bbox 903 3388 1012 3449; x_wconf 87' lang='grc' dir='ltr'>τοῖς</span> <span class='ocrx_word' id='word_1_285' title='bbox 1039 3385 1347 3456; x_wconf 83' lang='grc' dir='ltr'>ἀνθρώποις</span> <span class='ocrx_word' id='word_1_286' title='bbox 1376 3388 1693 3457; x_wconf 74' lang='grc' dir='ltr'>νομίζεσθαι</span> <span class='ocrx_word' id='word_1_287' title='bbox 1722 3393 1878 3460; x_wconf 84' lang='grc' dir='ltr'>ποιή-</span> 
     </span>
    </p>
   </div>
   <div class='ocr_carea' id='block_1_36' title="bbox 188 3469 1875 3546">
    <p class='ocr_par' dir='ltr' id='par_1_36' title="bbox 188 3469 1875 3546">
     <span class='ocr_line' id='line_1_36' title="bbox 188 3469 1875 3546; baseline 0.006 -26"><span class='ocrx_word' id='word_1_288' title='bbox 188 3485 299 3541; x_wconf 75' lang='grc' dir='ltr'>σῃ·</span> <span class='ocrx_word' id='word_1_289' title='bbox 355 3469 444 3522; x_wconf 77' lang='grc' dir='ltr'>διὰ</span> <span class='ocrx_word' id='word_1_290' title='bbox 477 3470 656 3535; x_wconf 87' lang='grc' dir='ltr'>τοῦτο,</span> <span class='ocrx_word' id='word_1_291' title='bbox 697 3472 966 3542; x_wconf 74' lang='grc' dir='ltr'>τοσαύτην</span> <span class='ocrx_word' id='word_1_292' title='bbox 1007 3473 1131 3537; x_wconf 69' lang='grc' dir='ltr'>δοὺς</span> <span class='ocrx_word' id='word_1_293' title='bbox 1172 3473 1355 3546; x_wconf 83' lang='grc' dir='ltr'>χάριν,</span> <span class='ocrx_word' id='word_1_294' title='bbox 1385 3475 1447 3527; x_wconf 84' lang='grc' dir='ltr'>τὸ</span> <span class='ocrx_word' id='word_1_295' title='bbox 1474 3475 1634 3546; x_wconf 86' lang='grc' dir='ltr'>σῶμα</span> <span class='ocrx_word' id='word_1_296' title='bbox 1665 3476 1875 3546; x_wconf 81' lang='grc' dir='ltr'>ἀφῆκεν</span> 
     </span>
    </p>
   </div>
   <div class='ocr_carea' id='block_1_37' title="bbox 186 3551 1876 3632">
    <p class='ocr_par' dir='ltr' id='par_1_37' title="bbox 186 3551 1876 3632">
     <span class='ocr_line' id='line_1_37' title="bbox 186 3551 1876 3632; baseline 0.006 -24"><span class='ocrx_word' id='word_1_297' title='bbox 186 3551 338 3608; x_wconf 77' lang='grc' dir='ltr'>εἶναι</span> <span class='ocrx_word' id='word_1_298' title='bbox 366 3556 577 3625; x_wconf 80' lang='grc' dir='ltr'>θνητὸν,</span> <span class='ocrx_word' id='word_1_299' title='bbox 608 3557 820 3622; x_wconf 85' lang='grc' dir='ltr'>πολλοῖς</span> <span class='ocrx_word' id='word_1_300' title='bbox 842 3558 897 3611; x_wconf 89' lang='grc' dir='ltr'>δέ</span> <span class='ocrx_word' id='word_1_301' title='bbox 922 3560 1016 3615; x_wconf 70' lang='grc' dir='ltr'>καὶ</span> <span class='ocrx_word' id='word_1_302' title='bbox 1046 3561 1315 3625; x_wconf 83' lang='grc' dir='ltr'>ἐπίνοσον,</span> <span class='ocrx_word' id='word_1_303' title='bbox 1352 3564 1447 3615; x_wconf 72' lang='grc' dir='ltr'>καὶ</span> <span class='ocrx_word' id='word_1_304' title='bbox 1480 3565 1540 3615; x_wconf 79' lang='grc' dir='ltr'>οὐ</span> <span class='ocrx_word' id='word_1_305' title='bbox 1581 3565 1876 3632; x_wconf 69' lang='grc' dir='ltr'>μετέϐαλεν</span> 
     </span>
    </p>
   </div>
   <div class='ocr_carea' id='block_1_38' title="bbox 184 3643 1876 3721">
    <p class='ocr_par' dir='ltr' id='par_1_38' title="bbox 184 3643 1876 3721">
     <span class='ocr_line' id='line_1_38' title="bbox 184 3643 1876 3721; baseline 0.005 -24"><span class='ocrx_word' id='word_1_306' title='bbox 184 3643 374 3697; x_wconf 77' lang='grc' dir='ltr'>αὐτῶν</span> <span class='ocrx_word' id='word_1_307' title='bbox 404 3644 503 3715; x_wconf 81' lang='grc' dir='ltr'>τὴν</span> <span class='ocrx_word' id='word_1_308' title='bbox 539 3645 844 3707; x_wconf 83' lang='grc' dir='ltr'>ἀσθένειαν,</span> <span class='ocrx_word' id='word_1_309' title='bbox 888 3647 974 3700; x_wconf 78' lang='grc' dir='ltr'>ἵνα</span> <span class='ocrx_word' id='word_1_310' title='bbox 1008 3649 1345 3720; x_wconf 82' lang='grc' dir='ltr'>ἐγγυήσηται</span> <span class='ocrx_word' id='word_1_311' title='bbox 1382 3649 1480 3721; x_wconf 79' lang='grc' dir='ltr'>τὴν</span> <span class='ocrx_word' id='word_1_312' title='bbox 1530 3651 1709 3720; x_wconf 82' lang='grc' dir='ltr'>φύσιν.</span> <span class='ocrx_word' id='word_1_313' title='bbox 1766 3655 1876 3706; x_wconf 70' lang='grc' dir='ltr'>Καὶ</span> 
     </span>
    </p>
   </div>
   <div class='ocr_carea' id='block_1_39' title="bbox 182 3724 1876 3802">
    <p class='ocr_par' dir='ltr' id='par_1_39' title="bbox 182 3724 1876 3802">
     <span class='ocr_line' id='line_1_39' title="bbox 182 3724 1876 3802; baseline 0.007 -19"><span class='ocrx_word' id='word_1_314' title='bbox 182 3732 292 3784; x_wconf 78' lang='grc' dir='ltr'>οὐκ</span> <span class='ocrx_word' id='word_1_315' title='bbox 315 3732 449 3802; x_wconf 78' lang='grc' dir='ltr'>ἐμὸς</span> <span class='ocrx_word' id='word_1_316' title='bbox 495 3724 651 3796; x_wconf 74' lang='grc' dir='ltr'>οὗτος</span> <span class='ocrx_word' id='word_1_317' title='bbox 694 3734 722 3785; x_wconf 91' lang='lat'>6</span> <span class='ocrx_word' id='word_1_318' title='bbox 766 3733 942 3802; x_wconf 87' lang='grc' dir='ltr'>λόγος,</span> <span class='ocrx_word' id='word_1_319' title='bbox 986 3735 1101 3788; x_wconf 87' lang='grc' dir='ltr'>ἀλλ’</span> <span class='ocrx_word' id='word_1_320' title='bbox 1142 3737 1304 3790; x_wconf 79' lang='grc' dir='ltr'>αὐτοῦ</span> <span class='ocrx_word' id='word_1_321' title='bbox 1348 3738 1440 3790; x_wconf 88' lang='grc' dir='ltr'>τοῦ</span> <span class='ocrx_word' id='word_1_322' title='bbox 1490 3739 1700 3792; x_wconf 83' lang='grc' dir='ltr'>Παύλου</span> <span class='ocrx_word' id='word_1_323' title='bbox 1733 3740 1876 3795; x_wconf 76' lang='grc' dir='ltr'>οὕτω</span> 
     </span>
    </p>
   </div>
   <div class='ocr_carea' id='block_1_40' title="bbox 181 3819 1874 3895">
    <p class='ocr_par' dir='ltr' id='par_1_40' title="bbox 181 3819 1874 3895">
     <span class='ocr_line' id='line_1_40' title="bbox 181 3819 1874 3895; baseline 0.006 -25"><span class='ocrx_word' id='word_1_324' title='bbox 181 3819 470 3886; x_wconf 80' lang='grc' dir='ltr'>λέγοντος·</span> <span class='ocrx_word' id='word_1_325' title='bbox 532 3820 668 3873; x_wconf 83' lang='grc' dir='ltr'>Ἐὰν</span> <span class='ocrx_word' id='word_1_326' title='bbox 699 3820 810 3889; x_wconf 77' lang='grc' dir='ltr'>γὰρ</span> <span class='ocrx_word' id='word_1_327' title='bbox 862 3822 961 3875; x_wconf 79' lang='grc' dir='ltr'>καὶ</span> <span class='ocrx_word' id='word_1_328' title='bbox 993 3822 1233 3889; x_wconf 79' lang='grc' dir='ltr'>θελήσω</span> <span class='ocrx_word' id='word_1_329' title='bbox 1280 3826 1726 3895; x_wconf 81' lang='grc' dir='ltr'>καυχήσασθαι,</span> <span class='ocrx_word' id='word_1_330' title='bbox 1764 3830 1874 3881; x_wconf 79' lang='grc' dir='ltr'>οὐκ</span> 
     </span>
    </p>
   </div>
   <div class='ocr_carea' id='block_1_41' title="bbox 180 3904 1874 3984">
    <p class='ocr_par' dir='ltr' id='par_1_41' title="bbox 180 3904 1874 3984">
     <span class='ocr_line' id='line_1_41' title="bbox 180 3904 1874 3984; baseline 0.004 -23"><span class='ocrx_word' id='word_1_331' title='bbox 180 3906 407 3974; x_wconf 71' lang='grc' dir='ltr'>ἔσομαι</span> <span class='ocrx_word' id='word_1_332' title='bbox 433 3904 668 3975; x_wconf 69' lang='grc' dir='ltr'>ἄφρων·</span> <span class='ocrx_word' id='word_1_333' title='bbox 708 3907 981 3975; x_wconf 71' lang='grc' dir='ltr'>φείδομαι</span> <span class='ocrx_word' id='word_1_334' title='bbox 1012 3908 1099 3973; x_wconf 88' lang='grc' dir='ltr'>δέ,</span> <span class='ocrx_word' id='word_1_335' title='bbox 1130 3910 1215 3978; x_wconf 79' lang='grc' dir='ltr'>μή</span> <span class='ocrx_word' id='word_1_336' title='bbox 1248 3929 1337 3977; x_wconf 86' lang='grc' dir='ltr'>τις</span> <span class='ocrx_word' id='word_1_337' title='bbox 1365 3916 1452 3978; x_wconf 87' lang='grc' dir='ltr'>είς</span> <span class='ocrx_word' id='word_1_338' title='bbox 1488 3914 1592 3983; x_wconf 81' lang='grc' dir='ltr'>ἐμὲ</span> <span class='ocrx_word' id='word_1_339' title='bbox 1624 3916 1874 3984; x_wconf 79' lang='grc' dir='ltr'>λογίση-</span> 
     </span>
    </p>
   </div>
   <div class='ocr_carea' id='block_1_42' title="bbox 180 3992 1871 4069">
    <p class='ocr_par' dir='ltr' id='par_1_42' title="bbox 180 3992 1871 4069">
     <span class='ocr_line' id='line_1_42' title="bbox 180 3992 1871 4069; baseline 0.005 -22"><span class='ocrx_word' id='word_1_340' title='bbox 180 4010 286 4047; x_wconf 80' lang='grc' dir='ltr'>ται</span> <span class='ocrx_word' id='word_1_341' title='bbox 318 3992 474 4062; x_wconf 79' lang='grc' dir='ltr'>ὑπὲρ</span> <span class='ocrx_word' id='word_1_342' title='bbox 501 3992 533 4045; x_wconf 84' lang='grc' dir='ltr'><strong><em>ὃ</em></strong></span> <span class='ocrx_word' id='word_1_343' title='bbox 564 3992 805 4057; x_wconf 79' lang='grc' dir='ltr'>βλέπει,</span> <span class='ocrx_word' id='word_1_344' title='bbox 843 3994 881 4063; x_wconf 78' lang='grc' dir='ltr'><em>ἢ</em></span> <span class='ocrx_word' id='word_1_345' title='bbox 918 3995 1122 4050; x_wconf 79' lang='grc' dir='ltr'>ἀκούει</span> <span class='ocrx_word' id='word_1_346' title='bbox 1158 4014 1211 4049; x_wconf 89' lang='grc' dir='ltr'>τι</span> <span class='ocrx_word' id='word_1_347' title='bbox 1240 3998 1309 4062; x_wconf 80' lang='grc' dir='ltr'>ἐξ</span> <span class='ocrx_word' id='word_1_348' title='bbox 1338 4000 1515 4069; x_wconf 83' lang='grc' dir='ltr'>ἐμοῦ·</span> <span class='ocrx_word' id='word_1_349' title='bbox 1552 4003 1645 4055; x_wconf 79' lang='grc' dir='ltr'>καὶ</span> <span class='ocrx_word' id='word_1_350' title='bbox 1677 4003 1838 4056; x_wconf 88' lang='grc' dir='ltr'>πάλιν</span> <span class='ocrx_word' id='word_1_351' title='bbox 1859 4021 1871 4034; x_wconf 93' lang='grc'>·</span> 
     </span>
    </p>
   </div>
   <div class='ocr_carea' id='block_1_43' title="bbox 187 4080 1876 4159">
    <p class='ocr_par' dir='ltr' id='par_1_43' title="bbox 187 4080 1876 4159">
     <span class='ocr_line' id='line_1_43' title="bbox 187 4080 1876 4159; baseline 0.007 -25"><span class='ocrx_word' id='word_1_352' title='bbox 187 4084 454 4151; x_wconf 83' lang='grc' dir='ltr'>’Ἐχομεν</span> <span class='ocrx_word' id='word_1_353' title='bbox 486 4080 555 4134; x_wconf 86' lang='grc' dir='ltr'>δὲ</span> <span class='ocrx_word' id='word_1_354' title='bbox 608 4082 714 4135; x_wconf 77' lang='grc' dir='ltr'>τόν</span> <span class='ocrx_word' id='word_1_355' title='bbox 760 4083 1074 4152; x_wconf 82' lang='grc' dir='ltr'>θησαυρὸν</span> <span class='ocrx_word' id='word_1_356' title='bbox 1117 4086 1335 4140; x_wconf 87' lang='grc' dir='ltr'>τοῦτον</span> <span class='ocrx_word' id='word_1_357' title='bbox 1372 4089 1441 4141; x_wconf 80' lang='grc' dir='ltr'>ἐν</span> <span class='ocrx_word' id='word_1_358' title='bbox 1490 4089 1876 4159; x_wconf 71' lang='grc' dir='ltr'>ὀστρακίνοις</span> 
     </span>
    </p>
   </div>
   <div class='ocr_carea' id='block_1_44' title="bbox 180 4171 1875 4246">
    <p class='ocr_par' dir='ltr' id='par_1_44' title="bbox 180 4171 1875 4246">
     <span class='ocr_line' id='line_1_44' title="bbox 180 4171 1875 4246; baseline 0.005 -20"><span class='ocrx_word' id='word_1_359' title='bbox 180 4173 462 4226; x_wconf 72' lang='grc' dir='ltr'>σκεύεσι.</span> <span class='ocrx_word' id='word_1_360' title='bbox 526 4171 592 4223; x_wconf 87' lang='grc' dir='ltr'>Τί</span> <span class='ocrx_word' id='word_1_361' title='bbox 635 4171 693 4225; x_wconf 88' lang='grc' dir='ltr'>δέ</span> <span class='ocrx_word' id='word_1_362' title='bbox 731 4175 909 4237; x_wconf 86' lang='grc' dir='ltr'>ἐστιν,</span> <span class='ocrx_word' id='word_1_363' title='bbox 955 4175 1058 4227; x_wconf 80' lang='grc' dir='ltr'>Ἐν</span> <span class='ocrx_word' id='word_1_364' title='bbox 1097 4176 1479 4244; x_wconf 80' lang='grc' dir='ltr'>ὀστρακίνοις</span> <span class='ocrx_word' id='word_1_365' title='bbox 1540 4181 1875 4246; x_wconf 79' lang='grc' dir='ltr'>σκεύεσιν;</span> 
     </span>
    </p>
   </div>
   <div class='ocr_carea' id='block_1_45' title="bbox 194 4257 1871 4341">
    <p class='ocr_par' dir='ltr' id='par_1_45' title="bbox 194 4257 1871 4341">
     <span class='ocr_line' id='line_1_45' title="bbox 194 4257 1871 4341; baseline 0.009 -31"><span class='ocrx_word' id='word_1_366' title='bbox 194 4260 291 4312; x_wconf 85' lang='grc' dir='ltr'>Ἐν</span> <span class='ocrx_word' id='word_1_367' title='bbox 332 4259 410 4330; x_wconf 82' lang='grc' dir='ltr'>τῷ</span> <span class='ocrx_word' id='word_1_368' title='bbox 459 4257 672 4330; x_wconf 84' lang='grc' dir='ltr'>σώματι</span> <span class='ocrx_word' id='word_1_369' title='bbox 722 4260 916 4331; x_wconf 84' lang='grc' dir='ltr'>τούτῳ,</span> <span class='ocrx_word' id='word_1_370' title='bbox 962 4263 1116 4335; x_wconf 75' lang='grc' dir='ltr'>φησὶ,</span> <span class='ocrx_word' id='word_1_371' title='bbox 1151 4265 1229 4336; x_wconf 83' lang='grc' dir='ltr'>τῷ</span> <span class='ocrx_word' id='word_1_372' title='bbox 1275 4267 1454 4338; x_wconf 81' lang='grc' dir='ltr'>θνητῷ</span> <span class='ocrx_word' id='word_1_373' title='bbox 1479 4269 1572 4321; x_wconf 55' lang='grc' dir='ltr'>καὶ⁸</span> <span class='ocrx_word' id='word_1_374' title='bbox 1600 4270 1871 4341; x_wconf 82' lang='grc' dir='ltr'>ἐπικήρῳ.</span> 
     </span>
    </p>
   </div>
   <div class='ocr_carea' id='block_1_46' title="bbox 180 4344 1875 4429">
    <p class='ocr_par' dir='ltr' id='par_1_46' title="bbox 180 4344 1875 4429">
     <span class='ocr_line' id='line_1_46' title="bbox 180 4344 1875 4429; baseline 0.006 -29"><span class='ocrx_word' id='word_1_375' title='bbox 180 4346 460 4429; x_wconf 80' lang='grc' dir='ltr'>Καθάπερ</span> <span class='ocrx_word' id='word_1_376' title='bbox 512 4347 632 4429; x_wconf 57' lang='grc' dir='ltr'>γὰρ</span> <span class='ocrx_word' id='word_1_377' title='bbox 692 4348 750 4400; x_wconf 81' lang='lat'>16</span> <span class='ocrx_word' id='word_1_378' title='bbox 815 4347 1083 4419; x_wconf 79' lang='grc' dir='ltr'>ὄστρακον</span> <span class='ocrx_word' id='word_1_379' title='bbox 1111 4361 1133 4389; x_wconf 75' lang='grc' dir='ltr'><strong>ο</strong></span> <span class='ocrx_word' id='word_1_380' title='bbox 1201 4354 1265 4405; x_wconf 91' lang='grc' dir='ltr'>ἐκ</span> <span class='ocrx_word' id='word_1_381' title='bbox 1331 4344 1502 4424; x_wconf 73' lang='grc' dir='ltr'>πηλοῦ</span> <span class='ocrx_word' id='word_1_382' title='bbox 1556 4357 1651 4409; x_wconf 77' lang='grc' dir='ltr'>καὶ</span> <span class='ocrx_word' id='word_1_383' title='bbox 1703 4359 1875 4429; x_wconf 74' lang='grc' dir='ltr'>πυρὸς</span> 
     </span>
    </p>
   </div>
   <div class='ocr_carea' id='block_1_47' title="bbox 180 4427 1873 4502">
    <p class='ocr_par' dir='ltr' id='par_1_47' title="bbox 180 4427 1873 4502">
     <span class='ocr_line' id='line_1_47' title="bbox 180 4427 1873 4502; baseline 0.008 -23"><span class='ocrx_word' id='word_1_384' title='bbox 180 4428 421 4497; x_wconf 78' lang='grc' dir='ltr'>γίνεται,</span> <span class='ocrx_word' id='word_1_385' title='bbox 477 4427 622 4481; x_wconf 75' lang='grc' dir='ltr'>οὕτω</span> <span class='ocrx_word' id='word_1_386' title='bbox 677 4428 740 4501; x_wconf 84' lang='grc' dir='ltr'>δὴ</span> <span class='ocrx_word' id='word_1_387' title='bbox 801 4429 895 4482; x_wconf 76' lang='grc' dir='ltr'>καὶ</span> <span class='ocrx_word' id='word_1_388' title='bbox 947 4430 1008 4482; x_wconf 85' lang='lat'>16</span> <span class='ocrx_word' id='word_1_389' title='bbox 1060 4430 1222 4502; x_wconf 85' lang='grc' dir='ltr'>σῶμα</span> <span class='ocrx_word' id='word_1_390' title='bbox 1273 4432 1382 4484; x_wconf 88' lang='grc' dir='ltr'>τῶν</span> <span class='ocrx_word' id='word_1_391' title='bbox 1431 4434 1599 4501; x_wconf 84' lang='grc' dir='ltr'>ἁγίων</span> <span class='ocrx_word' id='word_1_392' title='bbox 1651 4427 1873 4492; x_wconf 83' lang='grc' dir='ltr'>ἐκείνων</span> 
     </span>
    </p>
   </div>
   <div class='ocr_carea' id='block_1_48' title="bbox 176 4511 1871 4594">
    <p class='ocr_par' dir='ltr' id='par_1_48' title="bbox 176 4511 1871 4594">
     <span class='ocr_line' id='line_1_48' title="bbox 176 4511 1871 4594; baseline 0.005 -31"><span class='ocrx_word' id='word_1_393' title='bbox 176 4511 417 4581; x_wconf 76' lang='grc' dir='ltr'>πήλινον</span> <span class='ocrx_word' id='word_1_394' title='bbox 466 4511 549 4575; x_wconf 85' lang='grc' dir='ltr'>ὃν,</span> <span class='ocrx_word' id='word_1_395' title='bbox 594 4511 689 4594; x_wconf 72' lang='grc' dir='ltr'>καὶ</span> <span class='ocrx_word' id='word_1_396' title='bbox 732 4511 833 4594; x_wconf 8' lang='grc' dir='ltr'>τοῦ,</span> <span class='ocrx_word' id='word_1_397' title='bbox 860 4515 1230 4583; x_wconf 88' lang='grc' dir='ltr'>πνευματικοῦ</span> <span class='ocrx_word' id='word_1_398' title='bbox 1262 4516 1433 4587; x_wconf 79' lang='grc' dir='ltr'>πυρὸς</span> <span class='ocrx_word' id='word_1_399' title='bbox 1458 4517 1746 4589; x_wconf 81' lang='grc' dir='ltr'>δεξάμενον</span> <span class='ocrx_word' id='word_1_400' title='bbox 1772 4521 1871 4594; x_wconf 84' lang='grc' dir='ltr'>τὴν</span> 
     </span>
    </p>
   </div>
   <div class='ocr_carea' id='block_1_49' title="bbox 178 4593 1872 4666">
    <p class='ocr_par' dir='ltr' id='par_1_49' title="bbox 178 4593 1872 4666">
     <span class='ocr_line' id='line_1_49' title="bbox 178 4593 1872 4666; baseline 0.007 -20"><span class='ocrx_word' id='word_1_401' title='bbox 178 4594 494 4665; x_wconf 77' lang='grc' dir='ltr'>ἐνέργειαν,</span> <span class='ocrx_word' id='word_1_402' title='bbox 542 4593 762 4661; x_wconf 90' lang='grc' dir='ltr'>γέγονεν</span> <span class='ocrx_word' id='word_1_403' title='bbox 811 4593 1097 4666; x_wconf 73' lang='grc' dir='ltr'>ὄστρακον,</span> <span class='ocrx_word' id='word_1_404' title='bbox 1154 4598 1264 4651; x_wconf 79' lang='grc' dir='ltr'>Καὶ</span> <span class='ocrx_word' id='word_1_405' title='bbox 1305 4599 1453 4662; x_wconf 87' lang='grc' dir='ltr'>τίνος</span> <span class='ocrx_word' id='word_1_406' title='bbox 1504 4601 1691 4656; x_wconf 80' lang='grc' dir='ltr'>ἐνεκεν</span> <span class='ocrx_word' id='word_1_407' title='bbox 1716 4593 1872 4658; x_wconf 84' lang='grc' dir='ltr'>τοῦτο</span> 
     </span>
    </p>
   </div>
   <div class='ocr_carea' id='block_1_50' title="bbox 176 4675 1872 4753">
    <p class='ocr_par' dir='ltr' id='par_1_50' title="bbox 176 4675 1872 4753">
     <span class='ocr_line' id='line_1_50' title="bbox 176 4675 1872 4753; baseline 0.008 -27"><span class='ocrx_word' id='word_1_408' title='bbox 176 4675 505 4746; x_wconf 84' lang='grc' dir='ltr'>γεγένηται,</span> <span class='ocrx_word' id='word_1_409' title='bbox 551 4675 646 4728; x_wconf 73' lang='grc' dir='ltr'>καὶ</span> <span class='ocrx_word' id='word_1_410' title='bbox 691 4675 964 4747; x_wconf 85' lang='grc' dir='ltr'>θησαυρὸν</span> <span class='ocrx_word' id='word_1_411' title='bbox 1006 4679 1259 4733; x_wconf 87' lang='grc' dir='ltr'>τοσοῦτον</span> <span class='ocrx_word' id='word_1_412' title='bbox 1287 4682 1380 4734; x_wconf 81' lang='grc' dir='ltr'>καὶ</span> <span class='ocrx_word' id='word_1_413' title='bbox 1406 4684 1758 4753; x_wconf 82' lang='grc' dir='ltr'>χαρισμάτων</span> <span class='ocrx_word' id='word_1_414' title='bbox 1780 4687 1872 4740; x_wconf 85' lang='grc' dir='ltr'>δα-</span> 
     </span>
    </p>
   </div>
   <div class='ocr_carea' id='block_1_51' title="bbox 175 4755 1867 4837">
    <p class='ocr_par' dir='ltr' id='par_1_51' title="bbox 175 4755 1867 4837">
     <span class='ocr_line' id='line_1_51' title="bbox 175 4755 1867 4837; baseline 0.007 -28"><span class='ocrx_word' id='word_1_415' title='bbox 175 4757 403 4828; x_wconf 73' lang='grc' dir='ltr'>ψίλειαν</span> <span class='ocrx_word' id='word_1_416' title='bbox 437 4755 615 4827; x_wconf 81' lang='grc' dir='ltr'>θνητῷ</span> <span class='ocrx_word' id='word_1_417' title='bbox 656 4758 749 4809; x_wconf 71' lang='grc' dir='ltr'>καὶ</span> <span class='ocrx_word' id='word_1_418' title='bbox 778 4758 1003 4829; x_wconf 81' lang='grc' dir='ltr'>φθαρτῷ</span> <span class='ocrx_word' id='word_1_419' title='bbox 1053 4759 1264 4830; x_wconf 82' lang='grc' dir='ltr'>σώματι</span> <span class='ocrx_word' id='word_1_420' title='bbox 1308 4763 1642 4831; x_wconf 84' lang='grc' dir='ltr'>ἐναπέθετο;</span> <span class='ocrx_word' id='word_1_421' title='bbox 1673 4767 1797 4821; x_wconf 87' lang='grc' dir='ltr'>Ἵνα</span> <span class='ocrx_word' id='word_1_422' title='bbox 1829 4771 1867 4837; x_wconf 74' lang='grc' dir='ltr'>ἡ</span> 
     </span>
    </p>
   </div>
   <div class='ocr_carea' id='block_1_52' title="bbox 174 4837 1862 4919">
    <p class='ocr_par' dir='ltr' id='par_1_52' title="bbox 174 4837 1862 4919">
     <span class='ocr_line' id='line_1_52' title="bbox 174 4837 1862 4919; baseline 0.008 -27"><span class='ocrx_word' id='word_1_423' title='bbox 174 4838 497 4908; x_wconf 77' lang='grc' dir='ltr'>ὑπερϐολὴ</span> <span class='ocrx_word' id='word_1_424' title='bbox 522 4838 632 4905; x_wconf 84' lang='grc' dir='ltr'>τῆς</span> <span class='ocrx_word' id='word_1_425' title='bbox 644 4837 953 4908; x_wconf 81' lang='grc' dir='ltr'>δυνάμεως</span> <span class='ocrx_word' id='word_1_426' title='bbox 972 4837 1013 4912; x_wconf 77' lang='grc' dir='ltr'><em>ᾖ</em></span> <span class='ocrx_word' id='word_1_427' title='bbox 1035 4843 1142 4897; x_wconf 88' lang='grc' dir='ltr'>τοῦ</span> <span class='ocrx_word' id='word_1_428' title='bbox 1161 4845 1330 4909; x_wconf 83' lang='grc' dir='ltr'>Θεοῦ,</span> <span class='ocrx_word' id='word_1_429' title='bbox 1354 4847 1452 4900; x_wconf 79' lang='grc' dir='ltr'>καὶ</span> <span class='ocrx_word' id='word_1_430' title='bbox 1474 4847 1560 4917; x_wconf 83' lang='grc' dir='ltr'>μὴ</span> <span class='ocrx_word' id='word_1_431' title='bbox 1590 4848 1660 4914; x_wconf 81' lang='grc' dir='ltr'>ἐξ</span> <span class='ocrx_word' id='word_1_432' title='bbox 1677 4851 1862 4919; x_wconf 75' lang='grc' dir='ltr'>ἡμῶν.</span> 
     </span>
    </p>
   </div>
   <div class='ocr_carea' id='block_1_53' title="bbox 178 4920 1866 4999">
    <p class='ocr_par' dir='ltr' id='par_1_53' title="bbox 178 4920 1866 4999">
     <span class='ocr_line' id='line_1_53' title="bbox 178 4920 1866 4999; baseline 0.007 -26"><span class='ocrx_word' id='word_1_433' title='bbox 178 4924 362 4999; x_wconf 84' lang='grc' dir='ltr'>Ὅταν</span> <span class='ocrx_word' id='word_1_434' title='bbox 383 4921 494 4991; x_wconf 81' lang='grc' dir='ltr'>γὰρ</span> <span class='ocrx_word' id='word_1_435' title='bbox 513 4920 627 4993; x_wconf 75' lang='grc' dir='ltr'>ἴδῃς</span> <span class='ocrx_word' id='word_1_436' title='bbox 643 4921 772 4985; x_wconf 79' lang='grc' dir='ltr'>τοὺς</span> <span class='ocrx_word' id='word_1_437' title='bbox 787 4923 1117 4988; x_wconf 85' lang='grc' dir='ltr'>ἀποστόλους</span> <span class='ocrx_word' id='word_1_438' title='bbox 1144 4931 1369 4995; x_wconf 83' lang='grc' dir='ltr'>νεκροὺς</span> <span class='ocrx_word' id='word_1_439' title='bbox 1396 4930 1492 4999; x_wconf 85' lang='grc' dir='ltr'>μὲν</span> <span class='ocrx_word' id='word_1_440' title='bbox 1514 4931 1866 4998; x_wconf 87' lang='grc' dir='ltr'>ἀνιστῶντας,</span> 
     </span>
    </p>
   </div>
   <div class='ocr_carea' id='block_1_54' title="bbox 172 4998 1867 5088">
    <p class='ocr_par' dir='ltr' id='par_1_54' title="bbox 172 4998 1867 5088">
     <span class='ocr_line' id='line_1_54' title="bbox 172 4998 1867 5088; baseline 0.007 -30"><span class='ocrx_word' id='word_1_441' title='bbox 172 4998 388 5066; x_wconf 76' lang='grc' dir='ltr'>αὐτοὺς</span> <span class='ocrx_word' id='word_1_442' title='bbox 412 5003 471 5056; x_wconf 83' lang='grc' dir='ltr'>δέ</span> <span class='ocrx_word' id='word_1_443' title='bbox 495 5003 853 5069; x_wconf 79' lang='grc' dir='ltr'>ἀσθενοῦντας</span> <span class='ocrx_word' id='word_1_444' title='bbox 900 5009 994 5059; x_wconf 78' lang='grc' dir='ltr'>καὶ</span> <span class='ocrx_word' id='word_1_445' title='bbox 1027 5008 1101 5079; x_wconf 82' lang='grc' dir='ltr'>μὴ</span> <span class='ocrx_word' id='word_1_446' title='bbox 1131 4998 1463 5081; x_wconf 86' lang='grc' dir='ltr'>δυναμένους</span> <span class='ocrx_word' id='word_1_447' title='bbox 1488 5015 1867 5088; x_wconf 84' lang='grc' dir='ltr'>ἀπαλλαγῆναι</span> 
     </span>
    </p>
   </div>
   <div class='ocr_carea' id='block_1_55' title="bbox 173 5088 1868 5167">
    <p class='ocr_par' dir='ltr' id='par_1_55' title="bbox 173 5088 1868 5167">
     <span class='ocr_line' id='line_1_55' title="bbox 173 5088 1868 5167; baseline 0.008 -27"><span class='ocrx_word' id='word_1_448' title='bbox 173 5092 284 5161; x_wconf 82' lang='grc' dir='ltr'>τῆς</span> <span class='ocrx_word' id='word_1_449' title='bbox 312 5088 650 5161; x_wconf 77' lang='grc' dir='ltr'>ἀρρωστίας,</span> <span class='ocrx_word' id='word_1_450' title='bbox 684 5090 801 5160; x_wconf 83' lang='grc' dir='ltr'>εῐσῃ</span> <span class='ocrx_word' id='word_1_451' title='bbox 830 5090 1019 5159; x_wconf 80' lang='grc' dir='ltr'>σαφῶς</span> <span class='ocrx_word' id='word_1_452' title='bbox 1044 5093 1124 5146; x_wconf 84' lang='grc' dir='ltr'>ὅτι</span> <span class='ocrx_word' id='word_1_453' title='bbox 1157 5095 1191 5164; x_wconf 82' lang='grc' dir='ltr'>ἡ</span> <span class='ocrx_word' id='word_1_454' title='bbox 1219 5094 1312 5146; x_wconf 87' lang='grc' dir='ltr'>τοῦ</span> <span class='ocrx_word' id='word_1_455' title='bbox 1347 5096 1542 5167; x_wconf 83' lang='grc' dir='ltr'>νεκροῦ</span> <span class='ocrx_word' id='word_1_456' title='bbox 1570 5098 1868 5162; x_wconf 83' lang='grc' dir='ltr'>ἀνάστασις</span> 
     </span>
    </p>
   </div>
   <div class='ocr_carea' id='block_1_56' title="bbox 173 5172 1867 5256">
    <p class='ocr_par' dir='ltr' id='par_1_56' title="bbox 173 5172 1867 5256">
     <span class='ocr_line' id='line_1_56' title="bbox 173 5172 1867 5256; baseline 0.008 -30"><span class='ocrx_word' id='word_1_457' title='bbox 173 5175 238 5227; x_wconf 81' lang='grc' dir='ltr'>ού</span> <span class='ocrx_word' id='word_1_458' title='bbox 263 5172 681 5256; x_wconf 43' lang='grc' dir='ltr'>τῆς-δυνάμεως</span> <span class='ocrx_word' id='word_1_459' title='bbox 710 5173 803 5225; x_wconf 88' lang='grc' dir='ltr'>τοῦ</span> <span class='ocrx_word' id='word_1_460' title='bbox 835 5174 1261 5256; x_wconf 81' lang='grc' dir='ltr'>ἀναστήσαντος,</span> <span class='ocrx_word' id='word_1_461' title='bbox 1296 5180 1432 5234; x_wconf 87' lang='grc' dir='ltr'>ἀλλὰ</span> <span class='ocrx_word' id='word_1_462' title='bbox 1460 5182 1560 5253; x_wconf 83' lang='grc' dir='ltr'>τῆς</span> <span class='ocrx_word' id='word_1_463' title='bbox 1585 5185 1867 5256; x_wconf 87' lang='grc' dir='ltr'>ἐνεργείας</span> 
     </span>
    </p>
   </div>
   <div class='ocr_carea' id='block_1_57' title="bbox 172 5252 1865 5333">
    <p class='ocr_par' dir='ltr' id='par_1_57' title="bbox 172 5252 1865 5333">
     <span class='ocr_line' id='line_1_57' title="bbox 172 5252 1865 5333; baseline 0.009 -28"><span class='ocrx_word' id='word_1_464' title='bbox 172 5257 280 5324; x_wconf 74' lang='grc' dir='ltr'>τῆς</span> <span class='ocrx_word' id='word_1_465' title='bbox 309 5254 407 5307; x_wconf 87' lang='grc' dir='ltr'>τοῦ</span> <span class='ocrx_word' id='word_1_466' title='bbox 440 5252 758 5324; x_wconf 83' lang='grc' dir='ltr'>Πνεύματος</span> <span class='ocrx_word' id='word_1_467' title='bbox 791 5255 1027 5323; x_wconf 84' lang='grc' dir='ltr'>γέγονεν.</span> <span class='ocrx_word' id='word_1_468' title='bbox 1083 5260 1204 5312; x_wconf 87' lang='grc' dir='ltr'>Ὅτι</span> <span class='ocrx_word' id='word_1_469' title='bbox 1237 5261 1344 5331; x_wconf 90' lang='grc' dir='ltr'>γάρ</span> <span class='ocrx_word' id='word_1_470' title='bbox 1371 5252 1688 5333; x_wconf 77' lang='grc' dir='ltr'>ἡρρώστουν</span> <span class='ocrx_word' id='word_1_471' title='bbox 1727 5252 1865 5321; x_wconf 84' lang='grc' dir='ltr'>συν-</span> 
     </span>
    </p>
   </div>
   <div class='ocr_carea' id='block_1_58' title="bbox 175 5336 1866 5416">
    <p class='ocr_par' dir='ltr' id='par_1_58' title="bbox 175 5336 1866 5416">
     <span class='ocr_line' id='line_1_58' title="bbox 175 5336 1866 5416; baseline -0.007 -2"><span class='ocrx_word' id='word_1_472' title='bbox 175 5338 348 5409; x_wconf 68' lang='grc' dir='ltr'>εκῶςν</span> <span class='ocrx_word' id='word_1_473' title='bbox 376 5336 611 5391; x_wconf 64' lang='grc' dir='ltr'>ἄκουσον</span> <span class='ocrx_word' id='word_1_474' title='bbox 636 5336 687 5388; x_wconf 74' lang='grc' dir='ltr'>τί</span> <span class='ocrx_word' id='word_1_475' title='bbox 713 5352 874 5407; x_wconf 82' lang='grc' dir='ltr'>φησιν</span> <span class='ocrx_word' id='word_1_476' title='bbox 914 5341 943 5391; x_wconf 74' lang='grc' dir='ltr'>ὁ</span> <span class='ocrx_word' id='word_1_477' title='bbox 980 5340 1184 5405; x_wconf 73' lang='grc' dir='ltr'>Παῦλος</span> <span class='ocrx_word' id='word_1_478' title='bbox 1233 5344 1361 5414; x_wconf 83' lang='grc' dir='ltr'>περὶ</span> <span class='ocrx_word' id='word_1_479' title='bbox 1399 5345 1684 5416; x_wconf 83' lang='grc' dir='ltr'>Τιμοθέου·</span> <span class='ocrx_word' id='word_1_480' title='bbox 1714 5350 1866 5416; x_wconf 81' lang='grc' dir='ltr'>Οἷνφ</span> 
     </span>
    </p>
   </div>
   <div class='ocr_carea' id='block_1_59' title="bbox 175 5418 1865 5498">
    <p class='ocr_par' dir='ltr' id='par_1_59' title="bbox 175 5418 1865 5498">
     <span class='ocr_line' id='line_1_59' title="bbox 175 5418 1865 5498; baseline 0.008 -25"><span class='ocrx_word' id='word_1_481' title='bbox 175 5423 367 5488; x_wconf 70' lang='grc' dir='ltr'>ὀλίγῳ</span> <span class='ocrx_word' id='word_1_482' title='bbox 413 5418 540 5488; x_wconf 78' lang='grc' dir='ltr'>χρῶ</span> <span class='ocrx_word' id='word_1_483' title='bbox 577 5419 675 5474; x_wconf 85' lang='grc' dir='ltr'>διὰ</span> <span class='ocrx_word' id='word_1_484' title='bbox 709 5421 816 5474; x_wconf 81' lang='grc' dir='ltr'>τόν</span> <span class='ocrx_word' id='word_1_485' title='bbox 859 5423 1168 5492; x_wconf 76' lang='grc' dir='ltr'>στόμαχον</span> <span class='ocrx_word' id='word_1_486' title='bbox 1205 5441 1322 5480; x_wconf 91' lang='grc' dir='ltr'>σου</span> <span class='ocrx_word' id='word_1_487' title='bbox 1362 5428 1460 5482; x_wconf 82' lang='grc' dir='ltr'>καὶ</span> <span class='ocrx_word' id='word_1_488' title='bbox 1496 5428 1602 5495; x_wconf 85' lang='grc' dir='ltr'>τὰς</span> <span class='ocrx_word' id='word_1_489' title='bbox 1629 5431 1865 5498; x_wconf 83' lang='grc' dir='ltr'>πυκνάς</span> 
     </span>
    </p>
   </div>
   <div class='ocr_carea' id='block_1_60' title="bbox 176 5503 1864 5582">
    <p class='ocr_par' dir='ltr' id='par_1_60' title="bbox 176 5503 1864 5582">
     <span class='ocr_line' id='line_1_60' title="bbox 176 5503 1864 5582; baseline 0.007 -25"><span class='ocrx_word' id='word_1_490' title='bbox 176 5518 294 5557; x_wconf 88' lang='grc' dir='ltr'>σου</span> <span class='ocrx_word' id='word_1_491' title='bbox 324 5503 682 5569; x_wconf 84' lang='grc' dir='ltr'>ἀσθενείας·</span> <span class='ocrx_word' id='word_1_492' title='bbox 728 5506 821 5558; x_wconf 79' lang='grc' dir='ltr'>καὶ</span> <span class='ocrx_word' id='word_1_493' title='bbox 866 5507 1027 5561; x_wconf 88' lang='grc' dir='ltr'>πάλιν</span> <span class='ocrx_word' id='word_1_494' title='bbox 1068 5510 1193 5579; x_wconf 75' lang='grc' dir='ltr'>περὶ</span> <span class='ocrx_word' id='word_1_495' title='bbox 1234 5510 1441 5580; x_wconf 87' lang='grc' dir='ltr'>ἐτέρου·</span> <span class='ocrx_word' id='word_1_496' title='bbox 1476 5514 1770 5582; x_wconf 66' lang='grc' dir='ltr'>Τρόφιμον</span> <span class='ocrx_word' id='word_1_497' title='bbox 1795 5515 1864 5568; x_wconf 89' lang='grc' dir='ltr'>δέ</span> 
     </span>
    </p>
   </div>
   <div class='ocr_carea' id='block_1_61' title="bbox 177 5583 1862 5663">
    <p class='ocr_par' dir='ltr' id='par_1_61' title="bbox 177 5583 1862 5663">
     <span class='ocr_line' id='line_1_61' title="bbox 177 5583 1862 5663; baseline 0.006 -25"><span class='ocrx_word' id='word_1_498' title='bbox 177 5583 487 5638; x_wconf 74' lang='grc' dir='ltr'>ἀπέλιπον</span> <span class='ocrx_word' id='word_1_499' title='bbox 515 5585 586 5637; x_wconf 82' lang='grc' dir='ltr'>ὲν</span> <span class='ocrx_word' id='word_1_500' title='bbox 620 5585 863 5654; x_wconf 74' lang='grc' dir='ltr'>Μιλήτῳ</span> <span class='ocrx_word' id='word_1_501' title='bbox 907 5590 1311 5645; x_wconf 77' lang='grc' dir='ltr'>ἀσθενοῦντα·</span> <span class='ocrx_word' id='word_1_502' title='bbox 1364 5594 1456 5645; x_wconf 71' lang='grc' dir='ltr'>καὶ</span> <span class='ocrx_word' id='word_1_503' title='bbox 1482 5593 1862 5663; x_wconf 84' lang='grc' dir='ltr'>Φιλιππησίοις</span> 
     </span>
    </p>
   </div>
   <div class='ocr_carea' id='block_1_62' title="bbox 178 5664 1858 5744">
    <p class='ocr_par' dir='ltr' id='par_1_62' title="bbox 178 5664 1858 5744">
     <span class='ocr_line' id='line_1_62' title="bbox 178 5664 1858 5744; baseline 0.001 -27"><span class='ocrx_word' id='word_1_504' title='bbox 178 5664 511 5718; x_wconf 77' lang='grc' dir='ltr'>ἐπιστέλλων</span> <span class='ocrx_word' id='word_1_505' title='bbox 540 5664 743 5734; x_wconf 81' lang='grc' dir='ltr'>ἐλεγεν,</span> <span class='ocrx_word' id='word_1_506' title='bbox 771 5668 854 5719; x_wconf 82' lang='grc' dir='ltr'>ὅτι</span> <span class='ocrx_word' id='word_1_507' title='bbox 892 5670 1315 5739; x_wconf 63' lang='grc' dir='ltr'>Ἐπαφρόδιτος</span> <span class='ocrx_word' id='word_1_508' title='bbox 1335 5672 1362 5712; x_wconf 77' lang='grc' dir='ltr'>ά</span> <span class='ocrx_word' id='word_1_509' title='bbox 1407 5674 1713 5744; x_wconf 78' lang='grc' dir='ltr'>ἠσθένησε</span> <span class='ocrx_word' id='word_1_510' title='bbox 1743 5693 1858 5731; x_wconf 79' lang='grc' dir='ltr'>πα.</span> 
     </span>
    </p>
   </div>
   <div class='ocr_carea' id='block_1_63' title="bbox 244 5767 1243 5837">
    <p class='ocr_par' dir='ltr' id='par_1_63' title="bbox 244 5767 1243 5837">
     <span class='ocr_line' id='line_1_63' title="bbox 244 5767 1243 5837; baseline 0.005 -19"><span class='ocrx_word' id='word_1_511' title='bbox 244 5771 273 5837; x_wconf 68' lang='lat'>_‘</span> <span class='ocrx_word' id='word_1_512' title='bbox 294 5767 458 5837; x_wconf 79' lang='lat' dir='ltr'>_Sav_i_l.</span> <span class='ocrx_word' id='word_1_513' title='bbox 486 5772 758 5837; x_wconf 77' lang='lat' dir='ltr'>et_qu_idam</span> <span class='ocrx_word' id='word_1_514' title='bbox 781 5774 863 5837; x_wconf 58' lang='lat' dir='ltr'><strong>gilii</strong></span> <span class='ocrx_word' id='word_1_515' title='bbox 894 5772 1243 5837; x_wconf 69' lang='grc' dir='ltr'>έθεοποιοῦμεν.</span> 
     </span>
    </p>
   </div>
   <div class='ocr_carea' id='block_1_64' title="bbox 235 5828 995 5896">
    <p class='ocr_par' dir='ltr' id='par_1_64' title="bbox 235 5828 995 5896">
     <span class='ocr_line' id='line_1_64' title="bbox 235 5828 995 5896; baseline 0.004 -17"><span class='ocrx_word' id='word_1_516' title='bbox 235 5828 271 5873; x_wconf 59' lang='grc' dir='ltr'>λ</span> <span class='ocrx_word' id='word_1_517' title='bbox 291 5831 450 5896; x_wconf 64' lang='grc' dir='ltr'>ξεινῇί.</span> <span class='ocrx_word' id='word_1_518' title='bbox 472 5834 555 5896; x_wconf 64' lang='grc' dir='ltr'>καὶ</span> <span class='ocrx_word' id='word_1_519' title='bbox 579 5828 753 5896; x_wconf 76' lang='grc' dir='ltr'>τέρατα</span> <span class='ocrx_word' id='word_1_520' title='bbox 774 5835 995 5896; x_wconf 46' lang='grc' dir='ltr'>ἐποίουν..</span> 
     </span>
    </p>
   </div>
   <div class='ocr_carea' id='block_1_65' title="bbox 242 5892 779 5958">
    <p class='ocr_par' dir='ltr' id='par_1_65' title="bbox 242 5892 779 5958">
     <span class='ocr_line' id='line_1_65' title="bbox 242 5892 779 5958; baseline 0.004 -18"><span class='ocrx_word' id='word_1_521' title='bbox 242 5897 270 5958; x_wconf 65' lang='grc' dir='ltr'>οξ</span> <span class='ocrx_word' id='word_1_522' title='bbox 290 5892 444 5958; x_wconf 60' lang='grc' dir='ltr'>ξᾳνῇ.</span> <span class='ocrx_word' id='word_1_523' title='bbox 481 5892 779 5958; x_wconf 63' lang='grc' dir='ltr'>ὀστράκινα).</span> 
     </span>
    </p>
   </div>
   <div class='ocr_carea' id='block_1_66' title="bbox 174 5953 1844 6059">
    <p class='ocr_par' dir='ltr' id='par_1_66' title="bbox 174 5953 1844 6059">
     <span class='ocr_line' id='line_1_66' title="bbox 174 5953 1844 6059; baseline 0.003 -54"><span class='ocrx_word' id='word_1_524' title='bbox 174 5953 626 6059; x_wconf 41' lang='grc' dir='ltr'>ᾒίἶιεέξὲεέἷέξξι</span> <span class='ocrx_word' id='word_1_525' title='bbox 649 5956 815 6009; x_wconf 68' lang='lat' dir='ltr'>Morel.</span> <span class='ocrx_word' id='word_1_526' title='bbox 844 5957 1071 6020; x_wconf 81' lang='lat' dir='ltr'>Quinque</span> <span class='ocrx_word' id='word_1_527' title='bbox 1093 5974 1207 6013; x_wconf 82' lang='lat' dir='ltr'>mss.</span> <span class='ocrx_word' id='word_1_528' title='bbox 1250 5964 1486 6027; x_wconf 68' lang='grc' dir='ltr'>Επαφρᾶς.</span> <span class='ocrx_word' id='word_1_529' title='bbox 1511 5958 1639 6016; x_wconf 31' lang='lat' dir='ltr'>Infra‘</span> <span class='ocrx_word' id='word_1_530' title='bbox 1652 5966 1844 6027; x_wconf 79' lang='lat' dir='ltr'><strong>quidam</strong></span> 
     </span>
    </p>
   </div>
   <div class='ocr_carea' id='block_1_67' title="bbox 200 6030 613 6084">
    <p class='ocr_par' dir='ltr' id='par_1_67' title="bbox 200 6030 613 6084">
     <span class='ocr_line' id='line_1_67' title="bbox 200 6030 613 6084; baseline 0.015 -23"><span class='ocrx_word' id='word_1_531' title='bbox 200 6030 287 6063; x_wconf 58' lang='grc' dir='ltr'>νει-ι</span> <span class='ocrx_word' id='word_1_532' title='bbox 322 6030 613 6084; x_wconf 69' lang='grc' dir='ltr'>ιπεχιιρουν.</span> 
     </span>
    </p>
   </div>
   <div class='ocr_carea' id='block_1_68' title="bbox 1251 394 2661 455">
    <p class='ocr_par' dir='ltr' id='par_1_68' title="bbox 1251 394 2661 455">
     <span class='ocr_line' id='line_1_68' title="bbox 1251 394 2661 455; baseline 0.001 -2"><span class='ocrx_word' id='word_1_533' title='bbox 1251 397 1341 453; x_wconf 69' lang='lat' dir='ltr'><strong>AD</strong></span> <span class='ocrx_word' id='word_1_534' title='bbox 1380 397 1714 455; x_wconf 72' lang='lat' dir='ltr'>POPULUM</span> <span class='ocrx_word' id='word_1_535' title='bbox 1776 394 2272 454; x_wconf 63' lang='lat' dir='ltr'>ANTIOCHENUM</span> <span class='ocrx_word' id='word_1_536' title='bbox 2316 400 2552 455; x_wconf 69' lang='lat' dir='ltr'>llOMIL.</span> <span class='ocrx_word' id='word_1_537' title='bbox 2598 400 2661 455; x_wconf 73' lang='grc' dir='ltr'>Χ.</span> 
     </span>
    </p>
   </div>
   <div class='ocr_carea' id='block_1_69' title="bbox 3578 398 3677 457">
    <p class='ocr_par' dir='ltr' id='par_1_69' title="bbox 3578 398 3677 457">
     <span class='ocr_line' id='line_1_69' title="bbox 3578 398 3677 457; baseline 0.04 -4"><span class='ocrx_word' id='word_1_538' title='bbox 3578 398 3677 457; x_wconf 78' lang='grc'><strong>116</strong></span> 
     </span>
    </p>
   </div>
   <div class='ocr_carea' id='block_1_70' title="bbox 1991 512 3677 586">
    <p class='ocr_par' dir='ltr' id='par_1_70' title="bbox 1991 512 3677 586">
     <span class='ocr_line' id='line_1_70' title="bbox 1991 512 3677 586; baseline -0.001 -19"><span class='ocrx_word' id='word_1_539' title='bbox 1991 514 2342 583; x_wconf 68' lang='grc' dir='ltr'>ραπλιξσιον</span> <span class='ocrx_word' id='word_1_540' title='bbox 2361 516 2614 582; x_wconf 75' lang='grc' dir='ltr'>θανάτῳ.</span> <span class='ocrx_word' id='word_1_541' title='bbox 2646 516 2707 568; x_wconf 85' lang='grc' dir='ltr'>Εἰ</span> <span class='ocrx_word' id='word_1_542' title='bbox 2731 516 2841 586; x_wconf 79' lang='grc' dir='ltr'>γὰρ</span> <span class='ocrx_word' id='word_1_543' title='bbox 2870 512 3188 569; x_wconf 72' lang='grc' dir='ltr'>καὶτούτων</span> <span class='ocrx_word' id='word_1_544' title='bbox 3212 513 3380 567; x_wconf 72' lang='grc' dir='ltr'>ὄντων</span> <span class='ocrx_word' id='word_1_545' title='bbox 3407 514 3560 578; x_wconf 68' lang='grc' dir='ltr'>θεοὺς</span> <span class='ocrx_word' id='word_1_546' title='bbox 3589 514 3677 568; x_wconf 77' lang='grc' dir='ltr'>αὐ·</span> 
     </span>
    </p>
   </div>
   <div class='ocr_carea' id='block_1_71' title="bbox 2000 596 3676 673">
    <p class='ocr_par' dir='ltr' id='par_1_71' title="bbox 2000 596 3676 673">
     <span class='ocr_line' id='line_1_71' title="bbox 2000 596 3676 673; baseline 0 -21"><span class='ocrx_word' id='word_1_547' title='bbox 2000 603 2126 661; x_wconf 82' lang='grc' dir='ltr'>τοὺς</span> <span class='ocrx_word' id='word_1_548' title='bbox 2151 596 2291 654; x_wconf 73' lang='grc' dir='ltr'>εἶναι</span> <span class='ocrx_word' id='word_1_549' title='bbox 2330 602 2611 672; x_wconf 83' lang='grc' dir='ltr'>ἐνόμισαν,</span> <span class='ocrx_word' id='word_1_550' title='bbox 2671 602 2765 655; x_wconf 79' lang='grc' dir='ltr'>καὶ</span> <span class='ocrx_word' id='word_1_551' title='bbox 2794 600 2943 655; x_wconf 80' lang='grc' dir='ltr'>θύειν</span> <span class='ocrx_word' id='word_1_552' title='bbox 2993 599 3375 673; x_wconf 83' lang='grc' dir='ltr'>ἐπεχείρησαν,</span> <span class='ocrx_word' id='word_1_553' title='bbox 3405 599 3676 668; x_wconf 80' lang='grc' dir='ltr'>λέγοντες,</span> 
     </span>
    </p>
   </div>
   <div class='ocr_carea' id='block_1_72' title="bbox 2009 686 3674 757">
    <p class='ocr_par' dir='ltr' id='par_1_72' title="bbox 2009 686 3674 757">
     <span class='ocr_line' id='line_1_72' title="bbox 2009 686 3674 757; baseline 0.001 -18"><span class='ocrx_word' id='word_1_554' title='bbox 2009 690 2074 739; x_wconf 78' lang='grc' dir='ltr'>Οἱ</span> <span class='ocrx_word' id='word_1_555' title='bbox 2088 689 2209 740; x_wconf 82' lang='grc' dir='ltr'>θεοὶ</span> <span class='ocrx_word' id='word_1_556' title='bbox 2231 689 2615 757; x_wconf 79' lang='grc' dir='ltr'>ὁμοιωθέντες</span> <span class='ocrx_word' id='word_1_557' title='bbox 2630 687 2960 756; x_wconf 80' lang='grc' dir='ltr'>ἀνθρώποις</span> <span class='ocrx_word' id='word_1_558' title='bbox 2971 688 3313 755; x_wconf 78' lang='grc' dir='ltr'>κατέϐησαν</span> <span class='ocrx_word' id='word_1_559' title='bbox 3327 687 3476 757; x_wconf 85' lang='grc' dir='ltr'>πρὸς</span> <span class='ocrx_word' id='word_1_560' title='bbox 3498 686 3674 756; x_wconf 73' lang='grc' dir='ltr'>ἡμᾶς,</span> 
     </span>
    </p>
   </div>
   <div class='ocr_carea' id='block_1_73' title="bbox 2006 772 3675 846">
    <p class='ocr_par' dir='ltr' id='par_1_73' title="bbox 2006 772 3675 846">
     <span class='ocr_line' id='line_1_73' title="bbox 2006 772 3675 846; baseline -0.001 -19"><span class='ocrx_word' id='word_1_561' title='bbox 2006 772 2156 846; x_wconf 74' lang='lat' dir='ltr'>[Hi]</span> <span class='ocrx_word' id='word_1_562' title='bbox 2192 776 2239 827; x_wconf 86' lang='grc' dir='ltr'>εί</span> <span class='ocrx_word' id='word_1_563' title='bbox 2274 774 2349 845; x_wconf 79' lang='grc' dir='ltr'>μὴ</span> <span class='ocrx_word' id='word_1_564' title='bbox 2395 774 2569 829; x_wconf 88' lang='grc' dir='ltr'>ταῦτα</span> <span class='ocrx_word' id='word_1_565' title='bbox 2617 776 2852 844; x_wconf 87' lang='grc' dir='ltr'>ἐγένετο,</span> <span class='ocrx_word' id='word_1_566' title='bbox 2884 774 2986 827; x_wconf 88' lang='grc' dir='ltr'>ποῦ</span> <span class='ocrx_word' id='word_1_567' title='bbox 3014 775 3114 827; x_wconf 85' lang='grc' dir='ltr'>οὐκ</span> <span class='ocrx_word' id='word_1_568' title='bbox 3155 775 3220 827; x_wconf 81' lang='grc' dir='ltr'>ἂν</span> <span class='ocrx_word' id='word_1_569' title='bbox 3258 774 3520 846; x_wconf 78' lang='grc' dir='ltr'>ἐξέϐησαν</span> <span class='ocrx_word' id='word_1_570' title='bbox 3552 774 3675 827; x_wconf 84' lang='grc' dir='ltr'>ἀσε·</span> 
     </span>
    </p>
   </div>
   <div class='ocr_carea' id='block_1_74' title="bbox 2004 858 3680 933">
    <p class='ocr_par' dir='ltr' id='par_1_74' title="bbox 2004 858 3680 933">
     <span class='ocr_line' id='line_1_74' title="bbox 2004 858 3680 933; baseline -0.002 -21"><span class='ocrx_word' id='word_1_571' title='bbox 2004 860 2176 923; x_wconf 78' lang='grc' dir='ltr'>ϐείας,</span> <span class='ocrx_word' id='word_1_572' title='bbox 2204 861 2270 913; x_wconf 90' lang='grc' dir='ltr'>τά</span> <span class='ocrx_word' id='word_1_573' title='bbox 2312 860 2565 931; x_wconf 88' lang='grc' dir='ltr'>θαύματα</span> <span class='ocrx_word' id='word_1_574' title='bbox 2600 862 2721 914; x_wconf 86' lang='grc' dir='ltr'>τότε</span> <span class='ocrx_word' id='word_1_575' title='bbox 2754 862 3026 933; x_wconf 86' lang='grc' dir='ltr'>όρῶντες;</span> <span class='ocrx_word' id='word_1_576' title='bbox 3066 861 3278 931; x_wconf 82' lang='grc' dir='ltr'>’Ὠσπερ</span> <span class='ocrx_word' id='word_1_577' title='bbox 3322 859 3416 916; x_wconf 82' lang='grc' dir='ltr'>οὖν</span> <span class='ocrx_word' id='word_1_578' title='bbox 3441 858 3680 912; x_wconf 80' lang='grc' dir='ltr'>ἐνταῦθα</span> 
     </span>
    </p>
   </div>
   <div class='ocr_carea' id='block_1_75' title="bbox 2000 946 3676 1019">
    <p class='ocr_par' dir='ltr' id='par_1_75' title="bbox 2000 946 3676 1019">
     <span class='ocr_line' id='line_1_75' title="bbox 2000 946 3676 1019; baseline -0.004 -19"><span class='ocrx_word' id='word_1_579' title='bbox 2000 946 2090 1000; x_wconf 87' lang='grc' dir='ltr'>διά</span> <span class='ocrx_word' id='word_1_580' title='bbox 2125 947 2186 999; x_wconf 82' lang='grc' dir='ltr'>τὸ</span> <span class='ocrx_word' id='word_1_581' title='bbox 2235 946 2462 1017; x_wconf 86' lang='grc' dir='ltr'>μέγεθος</span> <span class='ocrx_word' id='word_1_582' title='bbox 2499 948 2608 1001; x_wconf 87' lang='grc' dir='ltr'>τῶν</span> <span class='ocrx_word' id='word_1_583' title='bbox 2642 948 2884 1018; x_wconf 76' lang='grc' dir='ltr'>σημείων</span> <span class='ocrx_word' id='word_1_584' title='bbox 2924 948 3019 1001; x_wconf 76' lang='grc' dir='ltr'>καὶ</span> <span class='ocrx_word' id='word_1_585' title='bbox 3049 948 3147 1019; x_wconf 78' lang='grc' dir='ltr'>τὴν</span> <span class='ocrx_word' id='word_1_586' title='bbox 3186 947 3345 1015; x_wconf 83' lang='grc' dir='ltr'>φύσιν</span> <span class='ocrx_word' id='word_1_587' title='bbox 3382 946 3593 1017; x_wconf 81' lang='grc' dir='ltr'>ἀφῆκεν</span> <span class='ocrx_word' id='word_1_588' title='bbox 3618 947 3676 996; x_wconf 80' lang='grc' dir='ltr'>ἐν</span> 
     </span>
    </p>
   </div>
   <div class='ocr_carea' id='block_1_76' title="bbox 2000 1032 3672 1107">
    <p class='ocr_par' dir='ltr' id='par_1_76' title="bbox 2000 1032 3672 1107">
     <span class='ocr_line' id='line_1_76' title="bbox 2000 1032 3672 1107; baseline -0.001 -20"><span class='ocrx_word' id='word_1_589' title='bbox 2000 1034 2255 1107; x_wconf 74' lang='grc' dir='ltr'>ἀσθενείᾳ</span> <span class='ocrx_word' id='word_1_590' title='bbox 2285 1038 2487 1106; x_wconf 87' lang='grc' dir='ltr'>μένειν,</span> <span class='ocrx_word' id='word_1_591' title='bbox 2533 1037 2627 1089; x_wconf 67' lang='grc' dir='ltr'>καὶ</span> <span class='ocrx_word' id='word_1_592' title='bbox 2654 1038 2779 1099; x_wconf 76' lang='grc' dir='ltr'>τοὺς</span> <span class='ocrx_word' id='word_1_593' title='bbox 2806 1035 3139 1106; x_wconf 79' lang='grc' dir='ltr'>ἐπαλλήλους</span> <span class='ocrx_word' id='word_1_594' title='bbox 3182 1032 3526 1105; x_wconf 78' lang='grc' dir='ltr'>συνεχώρησε</span> <span class='ocrx_word' id='word_1_595' title='bbox 3556 1050 3672 1086; x_wconf 87' lang='grc' dir='ltr'>πει-</span> 
     </span>
    </p>
   </div>
   <div class='ocr_carea' id='block_1_77' title="bbox 2003 1118 3680 1194">
    <p class='ocr_par' dir='ltr' id='par_1_77' title="bbox 2003 1118 3680 1194">
     <span class='ocr_line' id='line_1_77' title="bbox 2003 1118 3680 1194; baseline -0.001 -20"><span class='ocrx_word' id='word_1_596' title='bbox 2003 1124 2260 1193; x_wconf 82' lang='grc' dir='ltr'>ρασμοὺς,</span> <span class='ocrx_word' id='word_1_597' title='bbox 2294 1123 2379 1176; x_wconf 82' lang='grc' dir='ltr'>ἵνα</span> <span class='ocrx_word' id='word_1_598' title='bbox 2430 1122 2504 1194; x_wconf 78' lang='grc' dir='ltr'>μῂ</span> <span class='ocrx_word' id='word_1_599' title='bbox 2537 1122 2865 1192; x_wconf 82' lang='grc' dir='ltr'>νομισθῶσιν</span> <span class='ocrx_word' id='word_1_600' title='bbox 2906 1120 3044 1176; x_wconf 80' lang='grc' dir='ltr'>εἶναι</span> <span class='ocrx_word' id='word_1_601' title='bbox 3090 1122 3223 1184; x_wconf 69' lang='grc' dir='ltr'>θεοὶ,</span> <span class='ocrx_word' id='word_1_602' title='bbox 3265 1120 3408 1174; x_wconf 76' lang='grc' dir='ltr'>οὓτω</span> <span class='ocrx_word' id='word_1_603' title='bbox 3454 1121 3549 1174; x_wconf 70' lang='grc' dir='ltr'>καὶ</span> <span class='ocrx_word' id='word_1_604' title='bbox 3584 1118 3680 1173; x_wconf 76' lang='grc' dir='ltr'>ἐπὶ</span> 
     </span>
    </p>
   </div>
   <div class='ocr_carea' id='block_1_78' title="bbox 1996 1207 3675 1281">
    <p class='ocr_par' dir='ltr' id='par_1_78' title="bbox 1996 1207 3675 1281">
     <span class='ocr_line' id='line_1_78' title="bbox 1996 1207 3675 1281; baseline -0.001 -20"><span class='ocrx_word' id='word_1_605' title='bbox 1996 1211 2095 1278; x_wconf 81' lang='grc' dir='ltr'>τῆς</span> <span class='ocrx_word' id='word_1_606' title='bbox 2117 1211 2344 1273; x_wconf 86' lang='grc' dir='ltr'>κτίσεως</span> <span class='ocrx_word' id='word_1_607' title='bbox 2373 1210 2754 1281; x_wconf 84' lang='grc' dir='ltr'>παραπλήσιόν</span> <span class='ocrx_word' id='word_1_608' title='bbox 2796 1227 2848 1262; x_wconf 90' lang='grc' dir='ltr'>τι</span> <span class='ocrx_word' id='word_1_609' title='bbox 2881 1209 3090 1271; x_wconf 81' lang='grc' dir='ltr'>τούτοις</span> <span class='ocrx_word' id='word_1_610' title='bbox 3118 1208 3359 1278; x_wconf 88' lang='grc' dir='ltr'>ἐποίησε.</span> <span class='ocrx_word' id='word_1_611' title='bbox 3421 1209 3531 1261; x_wconf 73' lang='grc' dir='ltr'>Καὶ</span> <span class='ocrx_word' id='word_1_612' title='bbox 3566 1207 3675 1276; x_wconf 82' lang='grc' dir='ltr'>γὰρ</span> 
     </span>
    </p>
   </div>
   <div class='ocr_carea' id='block_1_79' title="bbox 1997 1295 3669 1369">
    <p class='ocr_par' dir='ltr' id='par_1_79' title="bbox 1997 1295 3669 1369">
     <span class='ocr_line' id='line_1_79' title="bbox 1997 1295 3669 1369; baseline -0.002 -19"><span class='ocrx_word' id='word_1_613' title='bbox 1997 1297 2168 1367; x_wconf 83' lang='grc' dir='ltr'>καλὴν</span> <span class='ocrx_word' id='word_1_614' title='bbox 2206 1299 2375 1369; x_wconf 80' lang='grc' dir='ltr'>αὐτὴν</span> <span class='ocrx_word' id='word_1_615' title='bbox 2428 1301 2521 1352; x_wconf 76' lang='grc' dir='ltr'>καὶ</span> <span class='ocrx_word' id='word_1_616' title='bbox 2567 1298 2840 1368; x_wconf 85' lang='grc' dir='ltr'>μεγάλην,</span> <span class='ocrx_word' id='word_1_617' title='bbox 2899 1298 2994 1350; x_wconf 76' lang='grc' dir='ltr'>καὶ</span> <span class='ocrx_word' id='word_1_618' title='bbox 3045 1296 3289 1368; x_wconf 82' lang='grc' dir='ltr'>φθαρτὴν</span> <span class='ocrx_word' id='word_1_619' title='bbox 3332 1295 3493 1349; x_wconf 82' lang='grc' dir='ltr'>πάλιν</span> <span class='ocrx_word' id='word_1_620' title='bbox 3541 1312 3669 1349; x_wconf 81' lang='grc' dir='ltr'>κατ·</span> 
     </span>
    </p>
   </div>
   <div class='ocr_carea' id='block_1_80' title="bbox 1997 1382 3668 1456">
    <p class='ocr_par' dir='ltr' id='par_1_80' title="bbox 1997 1382 3668 1456">
     <span class='ocr_line' id='line_1_80' title="bbox 1997 1382 3668 1456; baseline -0.001 -20"><span class='ocrx_word' id='word_1_621' title='bbox 1997 1385 2281 1440; x_wconf 86' lang='grc' dir='ltr'>εσκεύασε.</span> <span class='ocrx_word' id='word_1_622' title='bbox 2304 1387 2413 1439; x_wconf 78' lang='grc' dir='ltr'>Καὶ</span> <span class='ocrx_word' id='word_1_623' title='bbox 2439 1386 2725 1456; x_wconf 82' lang='grc' dir='ltr'>ἀμφότερα</span> <span class='ocrx_word' id='word_1_624' title='bbox 2749 1384 2923 1438; x_wconf 83' lang='grc' dir='ltr'>ταῦτα</span> <span class='ocrx_word' id='word_1_625' title='bbox 2949 1386 3002 1437; x_wconf 87' lang='grc' dir='ltr'>αί</span> <span class='ocrx_word' id='word_1_626' title='bbox 3026 1384 3238 1456; x_wconf 72' lang='grc' dir='ltr'>Γραφαὶ</span> <span class='ocrx_word' id='word_1_627' title='bbox 3268 1382 3668 1453; x_wconf 70' lang='grc' dir='ltr'>φιλοσοφοῦσιν</span> 
     </span>
    </p>
   </div>
   <div class='ocr_carea' id='block_1_81' title="bbox 1982 1470 3677 1544">
    <p class='ocr_par' dir='ltr' id='par_1_81' title="bbox 1982 1470 3677 1544">
     <span class='ocr_line' id='line_1_81' title="bbox 1982 1470 3677 1544; baseline -0.004 -15"><span class='ocrx_word' id='word_1_628' title='bbox 1982 1471 2023 1529; x_wconf 58' lang='grc' dir='ltr'>κὸ</span> <span class='ocrx_word' id='word_1_629' title='bbox 2052 1473 2147 1540; x_wconf 83' lang='grc' dir='ltr'>μὲν</span> <span class='ocrx_word' id='word_1_630' title='bbox 2164 1471 2270 1542; x_wconf 79' lang='grc' dir='ltr'>γὰρ</span> <span class='ocrx_word' id='word_1_631' title='bbox 2300 1472 2360 1524; x_wconf 84' lang='grc' dir='ltr'>τὸ</span> <span class='ocrx_word' id='word_1_632' title='bbox 2386 1472 2576 1535; x_wconf 87' lang='grc' dir='ltr'>κάλλος</span> <span class='ocrx_word' id='word_1_633' title='bbox 2605 1471 2711 1525; x_wconf 90' lang='grc' dir='ltr'>τῶν</span> <span class='ocrx_word' id='word_1_634' title='bbox 2733 1471 2976 1544; x_wconf 74' lang='grc' dir='ltr'>οὐρανῶν</span> <span class='ocrx_word' id='word_1_635' title='bbox 3001 1470 3375 1541; x_wconf 83' lang='grc' dir='ltr'>διηγούμενος,</span> <span class='ocrx_word' id='word_1_636' title='bbox 3401 1470 3543 1523; x_wconf 79' lang='grc' dir='ltr'>οὕτω</span> <span class='ocrx_word' id='word_1_637' title='bbox 3570 1486 3677 1539; x_wconf 89' lang='grc' dir='ltr'>φη-</span> 
     </span>
    </p>
   </div>
   <div class='ocr_carea' id='block_1_82' title="bbox 1997 1556 3646 1628">
    <p class='ocr_par' dir='ltr' id='par_1_82' title="bbox 1997 1556 3646 1628">
     <span class='ocr_line' id='line_1_82' title="bbox 1997 1556 3646 1628; baseline 0.002 -22"><span class='ocrx_word' id='word_1_638' title='bbox 1997 1556 2080 1609; x_wconf 91' lang='grc' dir='ltr'>σίν</span> <span class='ocrx_word' id='word_1_639' title='bbox 2100 1574 2111 1587; x_wconf 94' lang='grc'>·</span> <span class='ocrx_word' id='word_1_640' title='bbox 2174 1562 2236 1611; x_wconf 86' lang='grc' dir='ltr'>οι</span> <span class='ocrx_word' id='word_1_641' title='bbox 2274 1559 2516 1625; x_wconf 82' lang='grc' dir='ltr'>οὐρανοὶ</span> <span class='ocrx_word' id='word_1_642' title='bbox 2545 1559 2885 1628; x_wconf 81' lang='grc' dir='ltr'>διηγοῦνται</span> <span class='ocrx_word' id='word_1_643' title='bbox 2915 1558 3102 1623; x_wconf 78' lang='grc' dir='ltr'>δόξαν</span> <span class='ocrx_word' id='word_1_644' title='bbox 3127 1559 3273 1612; x_wconf 87' lang='grc' dir='ltr'>Θεοῦ</span> <span class='ocrx_word' id='word_1_645' title='bbox 3298 1574 3311 1586; x_wconf 92' lang='grc'>·</span> <span class='ocrx_word' id='word_1_646' title='bbox 3353 1559 3448 1611; x_wconf 70' lang='grc' dir='ltr'>καὶ</span> <span class='ocrx_word' id='word_1_647' title='bbox 3482 1557 3646 1611; x_wconf 84' lang='grc' dir='ltr'>πάλιν</span> 
     </span>
    </p>
   </div>
   <div class='ocr_carea' id='block_1_83' title="bbox 2005 1644 3666 1716">
    <p class='ocr_par' dir='ltr' id='par_1_83' title="bbox 2005 1644 3666 1716">
     <span class='ocr_line' id='line_1_83' title="bbox 2005 1644 3666 1716; baseline 0.001 -20"><span class='ocrx_word' id='word_1_648' title='bbox 2005 1645 2060 1696; x_wconf 89' lang='lat'>&#39;0</span> <span class='ocrx_word' id='word_1_649' title='bbox 2090 1644 2328 1710; x_wconf 73' lang='grc' dir='ltr'>στήσας</span> <span class='ocrx_word' id='word_1_650' title='bbox 2349 1646 2455 1699; x_wconf 80' lang='grc' dir='ltr'>τόν</span> <span class='ocrx_word' id='word_1_651' title='bbox 2484 1646 2745 1713; x_wconf 80' lang='grc' dir='ltr'>οὐρανόν</span> <span class='ocrx_word' id='word_1_652' title='bbox 2771 1647 2912 1700; x_wconf 79' lang='grc' dir='ltr'>ὡσεὶ</span> <span class='ocrx_word' id='word_1_653' title='bbox 2936 1647 3226 1716; x_wconf 77' lang='grc' dir='ltr'>καμάραν,</span> <span class='ocrx_word' id='word_1_654' title='bbox 3254 1644 3353 1698; x_wconf 76' lang='grc' dir='ltr'>καὶ</span> <span class='ocrx_word' id='word_1_655' title='bbox 3372 1645 3666 1710; x_wconf 80' lang='grc' dir='ltr'>διατείνας</span> 
     </span>
    </p>
   </div>
   <div class='ocr_carea' id='block_1_84' title="bbox 1993 1730 3670 1801">
    <p class='ocr_par' dir='ltr' id='par_1_84' title="bbox 1993 1730 3670 1801">
     <span class='ocr_line' id='line_1_84' title="bbox 1993 1730 3670 1801; baseline -0.001 -17"><span class='ocrx_word' id='word_1_656' title='bbox 1993 1730 2179 1785; x_wconf 76' lang='grc' dir='ltr'>αὐτὸν</span> <span class='ocrx_word' id='word_1_657' title='bbox 2209 1732 2289 1796; x_wconf 84' lang='grc' dir='ltr'>ὡς</span> <span class='ocrx_word' id='word_1_658' title='bbox 2318 1732 2560 1799; x_wconf 78' lang='grc' dir='ltr'>σκηνὴν</span> <span class='ocrx_word' id='word_1_659' title='bbox 2595 1733 2693 1785; x_wconf 75' lang='grc' dir='ltr'>ἐπὶ</span> <span class='ocrx_word' id='word_1_660' title='bbox 2728 1732 2837 1800; x_wconf 81' lang='grc' dir='ltr'>τῆς</span> <span class='ocrx_word' id='word_1_661' title='bbox 2869 1732 2984 1801; x_wconf 76' lang='grc' dir='ltr'>γῆς</span> <span class='ocrx_word' id='word_1_662' title='bbox 3008 1750 3021 1763; x_wconf 89' lang='grc'>·</span> <span class='ocrx_word' id='word_1_663' title='bbox 3062 1734 3155 1786; x_wconf 82' lang='grc' dir='ltr'>καὶ</span> <span class='ocrx_word' id='word_1_664' title='bbox 3190 1732 3384 1786; x_wconf 88' lang='grc' dir='ltr'>πάλιν·</span> <span class='ocrx_word' id='word_1_665' title='bbox 3439 1732 3492 1783; x_wconf 89' lang='grc' dir='ltr'><em>Ὀ</em></span> <span class='ocrx_word' id='word_1_666' title='bbox 3527 1747 3670 1797; x_wconf 61' lang='grc' dir='ltr'>κατ-τ</span> 
     </span>
    </p>
   </div>
   <div class='ocr_carea' id='block_1_85' title="bbox 1991 1818 3669 1894">
    <p class='ocr_par' dir='ltr' id='par_1_85' title="bbox 1991 1818 3669 1894">
     <span class='ocr_line' id='line_1_85' title="bbox 1991 1818 3669 1894; baseline 0.001 -23"><span class='ocrx_word' id='word_1_667' title='bbox 1991 1818 2147 1887; x_wconf 81' lang='grc' dir='ltr'>έχων</span> <span class='ocrx_word' id='word_1_668' title='bbox 2187 1820 2295 1872; x_wconf 82' lang='grc' dir='ltr'>τὸν</span> <span class='ocrx_word' id='word_1_669' title='bbox 2327 1818 2512 1890; x_wconf 71' lang='grc' dir='ltr'>γῦρον</span> <span class='ocrx_word' id='word_1_670' title='bbox 2543 1819 2650 1873; x_wconf 87' lang='grc' dir='ltr'>τοῦ</span> <span class='ocrx_word' id='word_1_671' title='bbox 2679 1819 2960 1888; x_wconf 77' lang='grc' dir='ltr'>οὐρανοῦ.</span> <span class='ocrx_word' id='word_1_672' title='bbox 3000 1820 3227 1894; x_wconf 81' lang='grc' dir='ltr'>’Έτερος</span> <span class='ocrx_word' id='word_1_673' title='bbox 3259 1820 3317 1872; x_wconf 86' lang='grc' dir='ltr'>δέ</span> <span class='ocrx_word' id='word_1_674' title='bbox 3347 1819 3560 1882; x_wconf 78' lang='grc' dir='ltr'>δεικνὺς</span> <span class='ocrx_word' id='word_1_675' title='bbox 3588 1819 3669 1872; x_wconf 81' lang='grc' dir='ltr'>ὅτι</span> 
     </span>
    </p>
   </div>
   <div class='ocr_carea' id='block_1_86' title="bbox 1993 1907 3666 1980">
    <p class='ocr_par' dir='ltr' id='par_1_86' title="bbox 1993 1907 3666 1980">
     <span class='ocr_line' id='line_1_86' title="bbox 1993 1907 3666 1980; baseline 0 -21"><span class='ocrx_word' id='word_1_676' title='bbox 1993 1909 2041 1960; x_wconf 91' lang='grc' dir='ltr'>εί</span> <span class='ocrx_word' id='word_1_677' title='bbox 2069 1908 2161 1962; x_wconf 76' lang='grc' dir='ltr'>καὶ</span> <span class='ocrx_word' id='word_1_678' title='bbox 2188 1907 2352 1971; x_wconf 81' lang='grc' dir='ltr'>καλὸς</span> <span class='ocrx_word' id='word_1_679' title='bbox 2381 1911 2475 1962; x_wconf 73' lang='grc' dir='ltr'>καὶ</span> <span class='ocrx_word' id='word_1_680' title='bbox 2509 1911 2700 1980; x_wconf 84' lang='grc' dir='ltr'>μέγας,</span> <span class='ocrx_word' id='word_1_681' title='bbox 2729 1910 2865 1963; x_wconf 85' lang='grc' dir='ltr'>ἀλλά</span> <span class='ocrx_word' id='word_1_682' title='bbox 2889 1908 3127 1978; x_wconf 79' lang='grc' dir='ltr'>φθαρτὸς</span> <span class='ocrx_word' id='word_1_683' title='bbox 3148 1911 3315 1971; x_wconf 87' lang='grc' dir='ltr'>ἐστιν,</span> <span class='ocrx_word' id='word_1_684' title='bbox 3339 1908 3481 1961; x_wconf 74' lang='grc' dir='ltr'>οὓτω</span> <span class='ocrx_word' id='word_1_685' title='bbox 3513 1907 3666 1977; x_wconf 84' lang='grc' dir='ltr'>φησί·</span> 
     </span>
    </p>
   </div>
   <div class='ocr_carea' id='block_1_87' title="bbox 1991 1996 3667 2068">
    <p class='ocr_par' dir='ltr' id='par_1_87' title="bbox 1991 1996 3667 2068">
     <span class='ocr_line' id='line_1_87' title="bbox 1991 1996 3667 2068; baseline 0 -19"><span class='ocrx_word' id='word_1_686' title='bbox 1991 1999 2128 2049; x_wconf 85' lang='grc' dir='ltr'>Κατ’</span> <span class='ocrx_word' id='word_1_687' title='bbox 2158 1996 2345 2064; x_wconf 82' lang='grc' dir='ltr'>ἀρχὰς</span> <span class='ocrx_word' id='word_1_688' title='bbox 2395 1997 2498 2062; x_wconf 88' lang='grc' dir='ltr'>σὺ,</span> <span class='ocrx_word' id='word_1_689' title='bbox 2533 1998 2730 2067; x_wconf 79' lang='grc' dir='ltr'>Κύριε,</span> <span class='ocrx_word' id='word_1_690' title='bbox 2771 1997 2885 2066; x_wconf 77' lang='grc' dir='ltr'>τὴν</span> <span class='ocrx_word' id='word_1_691' title='bbox 2926 1997 3045 2068; x_wconf 78' lang='grc' dir='ltr'>γῆν</span> <span class='ocrx_word' id='word_1_692' title='bbox 3098 1996 3516 2066; x_wconf 72' lang='grc' dir='ltr'>ἐθεμελίωσας,</span> <span class='ocrx_word' id='word_1_693' title='bbox 3568 1996 3667 2049; x_wconf 76' lang='grc' dir='ltr'>καί</span> 
     </span>
    </p>
   </div>
   <div class='ocr_carea' id='block_1_88' title="bbox 1995 2081 3665 2154">
    <p class='ocr_par' dir='ltr' id='par_1_88' title="bbox 1995 2081 3665 2154">
     <span class='ocr_line' id='line_1_88' title="bbox 1995 2081 3665 2154; baseline -0.001 -18"><span class='ocrx_word' id='word_1_694' title='bbox 1995 2081 2139 2151; x_wconf 70' lang='grc' dir='ltr'>ἔργα</span> <span class='ocrx_word' id='word_1_695' title='bbox 2168 2082 2285 2136; x_wconf 85' lang='grc' dir='ltr'>τῶν</span> <span class='ocrx_word' id='word_1_696' title='bbox 2307 2084 2523 2154; x_wconf 83' lang='grc' dir='ltr'>χειρῶν</span> <span class='ocrx_word' id='word_1_697' title='bbox 2548 2102 2665 2139; x_wconf 90' lang='grc' dir='ltr'>σου</span> <span class='ocrx_word' id='word_1_698' title='bbox 2700 2086 2860 2140; x_wconf 75' lang='grc' dir='ltr'>εἰσὶν</span> <span class='ocrx_word' id='word_1_699' title='bbox 2898 2089 2951 2139; x_wconf 82' lang='grc' dir='ltr'>οί</span> <span class='ocrx_word' id='word_1_700' title='bbox 2999 2085 3248 2154; x_wconf 80' lang='grc' dir='ltr'>οὐρανοί</span> <span class='ocrx_word' id='word_1_701' title='bbox 3282 2101 3296 2114; x_wconf 95' lang='grc'>·</span> <span class='ocrx_word' id='word_1_702' title='bbox 3338 2084 3508 2137; x_wconf 80' lang='grc' dir='ltr'>αὐτοὶ</span> <span class='ocrx_word' id='word_1_703' title='bbox 3553 2083 3665 2136; x_wconf 67' lang='grc' dir='ltr'>ἀπο</span> 
     </span>
    </p>
   </div>
   <div class='ocr_carea' id='block_1_89' title="bbox 1991 2169 3667 2242">
    <p class='ocr_par' dir='ltr' id='par_1_89' title="bbox 1991 2169 3667 2242">
     <span class='ocr_line' id='line_1_89' title="bbox 1991 2169 3667 2242; baseline -0.001 -19"><span class='ocrx_word' id='word_1_704' title='bbox 1991 2170 2292 2235; x_wconf 85' lang='grc' dir='ltr'>ολοῦνται,</span> <span class='ocrx_word' id='word_1_705' title='bbox 2338 2172 2419 2225; x_wconf 90' lang='grc' dir='ltr'>σὺ</span> <span class='ocrx_word' id='word_1_706' title='bbox 2469 2172 2537 2224; x_wconf 86' lang='grc' dir='ltr'>δὲ</span> <span class='ocrx_word' id='word_1_707' title='bbox 2564 2173 2883 2242; x_wconf 72' lang='grc' dir='ltr'>διαμένεις·</span> <span class='ocrx_word' id='word_1_708' title='bbox 2911 2173 3010 2227; x_wconf 76' lang='grc' dir='ltr'>καὶ</span> <span class='ocrx_word' id='word_1_709' title='bbox 3055 2172 3278 2238; x_wconf 83' lang='grc' dir='ltr'>πάντες</span> <span class='ocrx_word' id='word_1_710' title='bbox 3305 2173 3387 2238; x_wconf 87' lang='grc' dir='ltr'>ὠς</span> <span class='ocrx_word' id='word_1_711' title='bbox 3431 2169 3667 2240; x_wconf 71' lang='grc' dir='ltr'>ἱμάτιον</span> 
     </span>
    </p>
   </div>
   <div class='ocr_carea' id='block_1_90' title="bbox 1990 2259 3667 2328">
    <p class='ocr_par' dir='ltr' id='par_1_90' title="bbox 1990 2259 3667 2328">
     <span class='ocr_line' id='line_1_90' title="bbox 1990 2259 3667 2328; baseline -0.001 -17"><span class='ocrx_word' id='word_1_712' title='bbox 1990 2259 2534 2325; x_wconf 68' lang='grc' dir='ltr'>παλαιωθήσονται,</span> <span class='ocrx_word' id='word_1_713' title='bbox 2571 2263 2667 2314; x_wconf 76' lang='grc' dir='ltr'>καὶ</span> <span class='ocrx_word' id='word_1_714' title='bbox 2713 2262 2854 2314; x_wconf 80' lang='grc' dir='ltr'>ὡσεὶ</span> <span class='ocrx_word' id='word_1_715' title='bbox 2895 2262 3274 2328; x_wconf 76' lang='grc' dir='ltr'>περιϐόλαιον</span> <span class='ocrx_word' id='word_1_716' title='bbox 3304 2259 3531 2325; x_wconf 76' lang='grc' dir='ltr'>ἑλίξεις</span> <span class='ocrx_word' id='word_1_717' title='bbox 3558 2260 3667 2311; x_wconf 86' lang='grc' dir='ltr'>αὐ-</span> 
     </span>
    </p>
   </div>
   <div class='ocr_carea' id='block_1_91' title="bbox 1991 2345 3666 2418">
    <p class='ocr_par' dir='ltr' id='par_1_91' title="bbox 1991 2345 3666 2418">
     <span class='ocr_line' id='line_1_91' title="bbox 1991 2345 3666 2418; baseline 0 -20"><span class='ocrx_word' id='word_1_718' title='bbox 1991 2345 2150 2411; x_wconf 88' lang='grc' dir='ltr'>τοὺς,</span> <span class='ocrx_word' id='word_1_719' title='bbox 2193 2348 2292 2400; x_wconf 81' lang='grc' dir='ltr'>καὶ</span> <span class='ocrx_word' id='word_1_720' title='bbox 2340 2347 2814 2417; x_wconf 74' lang='grc' dir='ltr'>ἀλλαγήσονται.</span> <span class='ocrx_word' id='word_1_721' title='bbox 2860 2349 2971 2401; x_wconf 76' lang='grc' dir='ltr'>Καὶ</span> <span class='ocrx_word' id='word_1_722' title='bbox 3015 2347 3177 2400; x_wconf 84' lang='grc' dir='ltr'>πάλιν</span> <span class='ocrx_word' id='word_1_723' title='bbox 3217 2347 3346 2418; x_wconf 77' lang='grc' dir='ltr'>περὶ</span> <span class='ocrx_word' id='word_1_724' title='bbox 3391 2345 3482 2398; x_wconf 86' lang='grc' dir='ltr'>τοῦ</span> <span class='ocrx_word' id='word_1_725' title='bbox 3513 2345 3666 2416; x_wconf 85' lang='grc' dir='ltr'>ἡλίου</span> 
     </span>
    </p>
   </div>
   <div class='ocr_carea' id='block_1_92' title="bbox 1990 2434 3665 2506">
    <p class='ocr_par' dir='ltr' id='par_1_92' title="bbox 1990 2434 3665 2506">
     <span class='ocr_line' id='line_1_92' title="bbox 1990 2434 3665 2506; baseline 0.001 -20"><span class='ocrx_word' id='word_1_726' title='bbox 1990 2434 2154 2504; x_wconf 70' lang='grc' dir='ltr'>φησὶν</span> <span class='ocrx_word' id='word_1_727' title='bbox 2201 2437 2228 2488; x_wconf 93' lang='lat'>6</span> <span class='ocrx_word' id='word_1_728' title='bbox 2279 2434 2462 2501; x_wconf 78' lang='grc' dir='ltr'>Δαυῖδ,</span> <span class='ocrx_word' id='word_1_729' title='bbox 2493 2437 2573 2489; x_wconf 78' lang='grc' dir='ltr'>ὅτι</span> <span class='ocrx_word' id='word_1_730' title='bbox 2616 2437 2708 2502; x_wconf 88' lang='grc' dir='ltr'>Ὡς</span> <span class='ocrx_word' id='word_1_731' title='bbox 2767 2437 3026 2506; x_wconf 61' lang='grc' dir='ltr'>νυμφίος</span> <span class='ocrx_word' id='word_1_732' title='bbox 3072 2437 3548 2505; x_wconf 77' lang='grc' dir='ltr'>ἐκπορευόμενος</span> <span class='ocrx_word' id='word_1_733' title='bbox 3595 2435 3665 2487; x_wconf 82' lang='grc' dir='ltr'>ἐκ</span> 
     </span>
    </p>
   </div>
   <div class='ocr_carea' id='block_1_93' title="bbox 1989 2522 3661 2594">
    <p class='ocr_par' dir='ltr' id='par_1_93' title="bbox 1989 2522 3661 2594">
     <span class='ocr_line' id='line_1_93' title="bbox 1989 2522 3661 2594; baseline 0.003 -21"><span class='ocrx_word' id='word_1_734' title='bbox 1989 2522 2226 2576; x_wconf 80' lang='grc' dir='ltr'>παστοῦ</span> <span class='ocrx_word' id='word_1_735' title='bbox 2244 2523 2432 2576; x_wconf 84' lang='grc' dir='ltr'>αὐτοῦ</span> <span class='ocrx_word' id='word_1_736' title='bbox 2454 2538 2465 2551; x_wconf 88' lang='grc'>·</span> <span class='ocrx_word' id='word_1_737' title='bbox 2491 2524 2921 2594; x_wconf 67' lang='grc' dir='ltr'>ἀγαλλιάσεται</span> <span class='ocrx_word' id='word_1_738' title='bbox 2945 2526 3024 2590; x_wconf 77' lang='grc' dir='ltr'>ὡς</span> <span class='ocrx_word' id='word_1_739' title='bbox 3041 2527 3209 2594; x_wconf 75' lang='grc' dir='ltr'>γίγας</span> <span class='ocrx_word' id='word_1_740' title='bbox 3231 2523 3476 2594; x_wconf 81' lang='grc' dir='ltr'>δραμεῖν</span> <span class='ocrx_word' id='word_1_741' title='bbox 3497 2522 3661 2578; x_wconf 79' lang='grc' dir='ltr'>ὀδόν.</span> 
     </span>
    </p>
   </div>
   <div class='ocr_carea' id='block_1_94' title="bbox 1988 2604 3663 2683">
    <p class='ocr_par' dir='ltr' id='par_1_94' title="bbox 1988 2604 3663 2683">
     <span class='ocr_line' id='line_1_94' title="bbox 1988 2604 3663 2683; baseline 0.001 -23"><span class='ocrx_word' id='word_1_742' title='bbox 1988 2604 2141 2671; x_wconf 83' lang='grc' dir='ltr'>Εἶδες</span> <span class='ocrx_word' id='word_1_743' title='bbox 2191 2609 2252 2661; x_wconf 88' lang='grc' dir='ltr'>τὸ</span> <span class='ocrx_word' id='word_1_744' title='bbox 2291 2609 2485 2673; x_wconf 84' lang='grc' dir='ltr'>κάλλος</span> <span class='ocrx_word' id='word_1_745' title='bbox 2525 2610 2618 2662; x_wconf 92' lang='grc' dir='ltr'>τοῦ</span> <span class='ocrx_word' id='word_1_746' title='bbox 2661 2611 2861 2683; x_wconf 82' lang='grc' dir='ltr'>ἄστρου</span> <span class='ocrx_word' id='word_1_747' title='bbox 2911 2613 3005 2665; x_wconf 74' lang='grc' dir='ltr'>καὶ</span> <span class='ocrx_word' id='word_1_748' title='bbox 3048 2611 3108 2665; x_wconf 87' lang='lat'>16</span> <span class='ocrx_word' id='word_1_749' title='bbox 3160 2611 3390 2683; x_wconf 86' lang='grc' dir='ltr'>μέγεθος</span> <span class='ocrx_word' id='word_1_750' title='bbox 3424 2610 3540 2673; x_wconf 86' lang='grc' dir='ltr'>πῶς</span> <span class='ocrx_word' id='word_1_751' title='bbox 3580 2626 3663 2662; x_wconf 87' lang='grc' dir='ltr'>σοι</span> 
     </span>
    </p>
   </div>
   <div class='ocr_carea' id='block_1_95' title="bbox 1989 2696 3663 2773">
    <p class='ocr_par' dir='ltr' id='par_1_95' title="bbox 1989 2696 3663 2773">
     <span class='ocr_line' id='line_1_95' title="bbox 1989 2696 3663 2773; baseline 0 -22"><span class='ocrx_word' id='word_1_752' title='bbox 1989 2696 2331 2768; x_wconf 86' lang='grc' dir='ltr'>παρέστησε;</span> <span class='ocrx_word' id='word_1_753' title='bbox 2382 2698 2647 2770; x_wconf 86' lang='grc' dir='ltr'>Καθάπερ</span> <span class='ocrx_word' id='word_1_754' title='bbox 2680 2699 2789 2772; x_wconf 82' lang='grc' dir='ltr'>γὰρ</span> <span class='ocrx_word' id='word_1_755' title='bbox 2818 2702 2881 2753; x_wconf 88' lang='grc' dir='ltr'>ἐκ</span> <span class='ocrx_word' id='word_1_756' title='bbox 2907 2701 3175 2773; x_wconf 83' lang='grc' dir='ltr'>παστάδος</span> <span class='ocrx_word' id='word_1_757' title='bbox 3200 2713 3223 2739; x_wconf 81' lang='grc' dir='ltr'><strong>θ</strong></span> <span class='ocrx_word' id='word_1_758' title='bbox 3251 2701 3396 2764; x_wconf 77' lang='grc' dir='ltr'>τινὸς</span> <span class='ocrx_word' id='word_1_759' title='bbox 3432 2698 3663 2771; x_wconf 83' lang='grc' dir='ltr'>νυμφίος</span> 
     </span>
    </p>
   </div>
   <div class='ocr_carea' id='block_1_96' title="bbox 1988 2789 3658 2865">
    <p class='ocr_par' dir='ltr' id='par_1_96' title="bbox 1988 2789 3658 2865">
     <span class='ocr_line' id='line_1_96' title="bbox 1988 2789 3658 2865; baseline 0.001 -22"><span class='ocrx_word' id='word_1_760' title='bbox 1988 2789 2196 2858; x_wconf 79' lang='grc' dir='ltr'>φανεὶς,</span> <span class='ocrx_word' id='word_1_761' title='bbox 2223 2790 2393 2854; x_wconf 73' lang='grc' dir='ltr'>οὕτως</span> <span class='ocrx_word' id='word_1_762' title='bbox 2433 2793 2461 2843; x_wconf 89' lang='lat'>6</span> <span class='ocrx_word' id='word_1_763' title='bbox 2488 2791 2639 2861; x_wconf 78' lang='grc' dir='ltr'>ἥλιος</span> <span class='ocrx_word' id='word_1_764' title='bbox 2666 2792 2773 2845; x_wconf 81' lang='grc' dir='ltr'>ὑπὸ</span> <span class='ocrx_word' id='word_1_765' title='bbox 2806 2792 2902 2864; x_wconf 84' lang='grc' dir='ltr'>τὴν</span> <span class='ocrx_word' id='word_1_766' title='bbox 2932 2793 3008 2846; x_wconf 81' lang='grc' dir='ltr'>’έω</span> <span class='ocrx_word' id='word_1_767' title='bbox 3054 2793 3153 2858; x_wconf 85' lang='grc' dir='ltr'>τὰς</span> <span class='ocrx_word' id='word_1_768' title='bbox 3194 2796 3418 2857; x_wconf 83' lang='grc' dir='ltr'>ἀκτῖνας</span> <span class='ocrx_word' id='word_1_769' title='bbox 3445 2794 3658 2865; x_wconf 81' lang='grc' dir='ltr'>ἀφίησι,</span> 
     </span>
    </p>
   </div>
   <div class='ocr_carea' id='block_1_97' title="bbox 1988 2876 3660 2950">
    <p class='ocr_par' dir='ltr' id='par_1_97' title="bbox 1988 2876 3660 2950">
     <span class='ocr_line' id='line_1_97' title="bbox 1988 2876 3660 2950; baseline 0.001 -21"><span class='ocrx_word' id='word_1_770' title='bbox 1988 2877 2080 2929; x_wconf 74' lang='grc' dir='ltr'>καὶ</span> <span class='ocrx_word' id='word_1_771' title='bbox 2102 2876 2289 2948; x_wconf 80' lang='grc' dir='ltr'>ὥσπερ</span> <span class='ocrx_word' id='word_1_772' title='bbox 2333 2878 2438 2930; x_wconf 72' lang='grc' dir='ltr'>τινὶ</span> <span class='ocrx_word' id='word_1_773' title='bbox 2482 2879 2744 2950; x_wconf 79' lang='grc' dir='ltr'>κροκωτῷ</span> <span class='ocrx_word' id='word_1_774' title='bbox 2793 2880 3256 2950; x_wconf 83' lang='grc' dir='ltr'>παραπετάσματι</span> <span class='ocrx_word' id='word_1_775' title='bbox 3288 2879 3380 2933; x_wconf 80' lang='lat' dir='ltr'><em>16v</em></span> <span class='ocrx_word' id='word_1_776' title='bbox 3430 2878 3660 2950; x_wconf 73' lang='grc' dir='ltr'>ούρανδν</span> 
     </span>
    </p>
   </div>
   <div class='ocr_carea' id='block_1_98' title="bbox 1987 2962 3662 3037">
    <p class='ocr_par' dir='ltr' id='par_1_98' title="bbox 1987 2962 3662 3037">
     <span class='ocr_line' id='line_1_98' title="bbox 1987 2962 3662 3037; baseline 0.002 -21"><span class='ocrx_word' id='word_1_777' title='bbox 1987 2962 2362 3028; x_wconf 74' lang='grc' dir='ltr'>καλλωπίζων,</span> <span class='ocrx_word' id='word_1_778' title='bbox 2408 2967 2499 3018; x_wconf 76' lang='grc' dir='ltr'>καὶ</span> <span class='ocrx_word' id='word_1_779' title='bbox 2541 2966 2821 3036; x_wconf 81' lang='grc' dir='ltr'>ροδοειδεῖς</span> <span class='ocrx_word' id='word_1_780' title='bbox 2874 2967 3044 3020; x_wconf 87' lang='grc' dir='ltr'>ποιῶν</span> <span class='ocrx_word' id='word_1_781' title='bbox 3111 2967 3210 3031; x_wconf 80' lang='grc' dir='ltr'>τὰς</span> <span class='ocrx_word' id='word_1_782' title='bbox 3267 2967 3517 3037; x_wconf 86' lang='grc' dir='ltr'>νεφέλας,</span> <span class='ocrx_word' id='word_1_783' title='bbox 3565 2966 3662 3020; x_wconf 76' lang='grc' dir='ltr'>καὶ</span> 
     </span>
    </p>
   </div>
   <div class='ocr_carea' id='block_1_99' title="bbox 1985 3052 3658 3127">
    <p class='ocr_par' dir='ltr' id='par_1_99' title="bbox 1985 3052 3658 3127">
     <span class='ocr_line' id='line_1_99' title="bbox 1985 3052 3658 3127; baseline 0.002 -23"><span class='ocrx_word' id='word_1_784' title='bbox 1985 3052 2393 3121; x_wconf 86' lang='grc' dir='ltr'>ἀνεμποδίστως</span> <span class='ocrx_word' id='word_1_785' title='bbox 2418 3052 2627 3123; x_wconf 84' lang='grc' dir='ltr'>τρέχων</span> <span class='ocrx_word' id='word_1_786' title='bbox 2657 3055 2836 3108; x_wconf 84' lang='grc' dir='ltr'>πᾶσαν</span> <span class='ocrx_word' id='word_1_787' title='bbox 2871 3056 2968 3126; x_wconf 83' lang='grc' dir='ltr'>τὴν</span> <span class='ocrx_word' id='word_1_788' title='bbox 3012 3055 3244 3127; x_wconf 74' lang='grc' dir='ltr'>ἡμέραν,</span> <span class='ocrx_word' id='word_1_789' title='bbox 3278 3055 3450 3108; x_wconf 74' lang='grc' dir='ltr'>οὐδενὶ</span> <span class='ocrx_word' id='word_1_790' title='bbox 3473 3055 3658 3108; x_wconf 83' lang='grc' dir='ltr'>διακό-</span> 
     </span>
    </p>
   </div>
   <div class='ocr_carea' id='block_1_100' title="bbox 1986 3138 3661 3213">
    <p class='ocr_par' dir='ltr' id='par_1_100' title="bbox 1986 3138 3661 3213">
     <span class='ocr_line' id='line_1_100' title="bbox 1986 3138 3661 3213; baseline 0.002 -21"><span class='ocrx_word' id='word_1_791' title='bbox 1986 3157 2176 3192; x_wconf 85' lang='grc' dir='ltr'>πτεται</span> <span class='ocrx_word' id='word_1_792' title='bbox 2208 3139 2345 3210; x_wconf 81' lang='grc' dir='ltr'>πρὸς</span> <span class='ocrx_word' id='word_1_793' title='bbox 2364 3139 2455 3193; x_wconf 73' lang='grc' dir='ltr'>τὸν</span> <span class='ocrx_word' id='word_1_794' title='bbox 2482 3140 2679 3211; x_wconf 83' lang='grc' dir='ltr'>δρόμον</span> <span class='ocrx_word' id='word_1_795' title='bbox 2706 3142 3006 3213; x_wconf 85' lang='grc' dir='ltr'>κωλύματι.</span> <span class='ocrx_word' id='word_1_796' title='bbox 3065 3138 3219 3206; x_wconf 81' lang='grc' dir='ltr'>Εἶδες</span> <span class='ocrx_word' id='word_1_797' title='bbox 3238 3143 3417 3196; x_wconf 80' lang='grc' dir='ltr'>τοίνυν</span> <span class='ocrx_word' id='word_1_798' title='bbox 3447 3143 3506 3195; x_wconf 89' lang='lat'>16</span> <span class='ocrx_word' id='word_1_799' title='bbox 3530 3142 3661 3197; x_wconf 86' lang='grc' dir='ltr'>κάλ-</span> 
     </span>
    </p>
   </div>
   <div class='ocr_carea' id='block_1_101' title="bbox 1985 3226 3661 3301">
    <p class='ocr_par' dir='ltr' id='par_1_101' title="bbox 1985 3226 3661 3301">
     <span class='ocr_line' id='line_1_101' title="bbox 1985 3226 3661 3301; baseline 0.002 -23"><span class='ocrx_word' id='word_1_800' title='bbox 1985 3226 2074 3289; x_wconf 85' lang='grc' dir='ltr'>λος</span> <span class='ocrx_word' id='word_1_801' title='bbox 2106 3227 2268 3280; x_wconf 82' lang='grc' dir='ltr'>αὐτοῦ</span> <span class='ocrx_word' id='word_1_802' title='bbox 2290 3270 2304 3292; x_wconf 93' lang='grc'>,</span> <span class='ocrx_word' id='word_1_803' title='bbox 2332 3226 2468 3291; x_wconf 85' lang='grc' dir='ltr'>εἶδες</span> <span class='ocrx_word' id='word_1_804' title='bbox 2495 3228 2660 3281; x_wconf 74' lang='grc' dir='ltr'>αὐτοῦ</span> <span class='ocrx_word' id='word_1_805' title='bbox 2688 3230 2749 3282; x_wconf 86' lang='grc' dir='ltr'>τὸ</span> <span class='ocrx_word' id='word_1_806' title='bbox 2777 3230 3044 3301; x_wconf 79' lang='grc' dir='ltr'>μέγεθος;</span> <span class='ocrx_word' id='word_1_807' title='bbox 3073 3230 3235 3300; x_wconf 82' lang='grc' dir='ltr'>βλέπε</span> <span class='ocrx_word' id='word_1_808' title='bbox 3262 3232 3355 3284; x_wconf 71' lang='grc' dir='ltr'>καὶ</span> <span class='ocrx_word' id='word_1_809' title='bbox 3374 3230 3475 3300; x_wconf 81' lang='grc' dir='ltr'>τῆς</span> <span class='ocrx_word' id='word_1_810' title='bbox 3499 3230 3661 3283; x_wconf 87' lang='grc' dir='ltr'>ἀσθε-</span> 
     </span>
    </p>
   </div>
   <div class='ocr_carea' id='block_1_102' title="bbox 1985 3314 3660 3391">
    <p class='ocr_par' dir='ltr' id='par_1_102' title="bbox 1985 3314 3660 3391">
     <span class='ocr_line' id='line_1_102' title="bbox 1985 3314 3660 3391; baseline 0.001 -23"><span class='ocrx_word' id='word_1_811' title='bbox 1985 3314 2133 3378; x_wconf 87' lang='grc' dir='ltr'>νείας</span> <span class='ocrx_word' id='word_1_812' title='bbox 2161 3316 2325 3369; x_wconf 85' lang='grc' dir='ltr'>αὐτοῦ</span> <span class='ocrx_word' id='word_1_813' title='bbox 2354 3316 2415 3369; x_wconf 83' lang='lat'>16</span> <span class='ocrx_word' id='word_1_814' title='bbox 2439 3318 2659 3388; x_wconf 85' lang='grc' dir='ltr'>δεῖγμα.</span> <span class='ocrx_word' id='word_1_815' title='bbox 2703 3320 2813 3371; x_wconf 74' lang='grc' dir='ltr'>Καὶ</span> <span class='ocrx_word' id='word_1_816' title='bbox 2838 3319 2946 3390; x_wconf 84' lang='grc' dir='ltr'>γάρ</span> <span class='ocrx_word' id='word_1_817' title='bbox 2973 3321 3065 3372; x_wconf 78' lang='grc' dir='ltr'>καὶ</span> <span class='ocrx_word' id='word_1_818' title='bbox 3102 3318 3258 3371; x_wconf 90' lang='grc' dir='ltr'>τοῦτο</span> <span class='ocrx_word' id='word_1_819' title='bbox 3291 3318 3466 3391; x_wconf 84' lang='grc' dir='ltr'>δηλῶν</span> <span class='ocrx_word' id='word_1_820' title='bbox 3498 3318 3660 3387; x_wconf 84' lang='grc' dir='ltr'>σοφός</span> 
     </span>
    </p>
   </div>
   <div class='ocr_carea' id='block_1_103' title="bbox 1984 3402 3658 3474">
    <p class='ocr_par' dir='ltr' id='par_1_103' title="bbox 1984 3402 3658 3474">
     <span class='ocr_line' id='line_1_103' title="bbox 1984 3402 3658 3474; baseline 0.002 -20"><span class='ocrx_word' id='word_1_821' title='bbox 1984 3419 2065 3464; x_wconf 87' lang='grc' dir='ltr'>τις</span> <span class='ocrx_word' id='word_1_822' title='bbox 2098 3402 2277 3470; x_wconf 75' lang='grc' dir='ltr'>ἔλεγε·</span> <span class='ocrx_word' id='word_1_823' title='bbox 2319 3404 2380 3457; x_wconf 86' lang='grc' dir='ltr'>Τί</span> <span class='ocrx_word' id='word_1_824' title='bbox 2415 3404 2839 3473; x_wconf 73' lang='grc' dir='ltr'>φωτεινότερον</span> <span class='ocrx_word' id='word_1_825' title='bbox 2873 3406 3051 3473; x_wconf 72' lang='grc' dir='ltr'>ἡλίου</span> <span class='ocrx_word' id='word_1_826' title='bbox 3072 3417 3098 3466; x_wconf 81' lang='grc'><strong><em>;</em></strong></span> <span class='ocrx_word' id='word_1_827' title='bbox 3128 3407 3291 3474; x_wconf 80' lang='grc' dir='ltr'>φησὶ,</span> <span class='ocrx_word' id='word_1_828' title='bbox 3332 3406 3430 3460; x_wconf 79' lang='grc' dir='ltr'>καὶ</span> <span class='ocrx_word' id='word_1_829' title='bbox 3483 3406 3658 3458; x_wconf 87' lang='grc' dir='ltr'>τοῦτο</span> 
     </span>
    </p>
   </div>
   <div class='ocr_carea' id='block_1_104' title="bbox 1984 3490 3660 3564">
    <p class='ocr_par' dir='ltr' id='par_1_104' title="bbox 1984 3490 3660 3564">
     <span class='ocr_line' id='line_1_104' title="bbox 1984 3490 3660 3564; baseline 0.004 -23"><span class='ocrx_word' id='word_1_830' title='bbox 1984 3490 2263 3544; x_wconf 79' lang='grc' dir='ltr'>ἐκλείπει.</span> <span class='ocrx_word' id='word_1_831' title='bbox 2295 3493 2406 3545; x_wconf 78' lang='grc' dir='ltr'>Οὐκ</span> <span class='ocrx_word' id='word_1_832' title='bbox 2435 3494 2542 3546; x_wconf 83' lang='grc' dir='ltr'>ἀπὸ</span> <span class='ocrx_word' id='word_1_833' title='bbox 2565 3493 2753 3546; x_wconf 87' lang='grc' dir='ltr'>τούτου</span> <span class='ocrx_word' id='word_1_834' title='bbox 2777 3494 2833 3547; x_wconf 84' lang='grc' dir='ltr'>δὲ</span> <span class='ocrx_word' id='word_1_835' title='bbox 2864 3494 3020 3564; x_wconf 90' lang='grc' dir='ltr'>μόνον</span> <span class='ocrx_word' id='word_1_836' title='bbox 3045 3491 3210 3546; x_wconf 78' lang='grc' dir='ltr'>αὐτοῦ</span> <span class='ocrx_word' id='word_1_837' title='bbox 3245 3493 3341 3563; x_wconf 83' lang='grc' dir='ltr'>τὴν</span> <span class='ocrx_word' id='word_1_838' title='bbox 3375 3492 3660 3548; x_wconf 85' lang='grc' dir='ltr'>ἀσθένειαν</span> 
     </span>
    </p>
   </div>
   <div class='ocr_carea' id='block_1_105' title="bbox 1985 3576 3654 3652">
    <p class='ocr_par' dir='ltr' id='par_1_105' title="bbox 1985 3576 3654 3652">
     <span class='ocr_line' id='line_1_105' title="bbox 1985 3576 3654 3652; baseline 0.005 -23"><span class='ocrx_word' id='word_1_839' title='bbox 1985 3576 2133 3630; x_wconf 79' lang='grc' dir='ltr'>ἔστιν</span> <span class='ocrx_word' id='word_1_840' title='bbox 2169 3580 2316 3644; x_wconf 84' lang='grc' dir='ltr'>ἰδεῖν,</span> <span class='ocrx_word' id='word_1_841' title='bbox 2341 3580 2475 3634; x_wconf 82' lang='grc' dir='ltr'>ἀλλὰ</span> <span class='ocrx_word' id='word_1_842' title='bbox 2508 3582 2598 3634; x_wconf 75' lang='grc' dir='ltr'>καὶ</span> <span class='ocrx_word' id='word_1_843' title='bbox 2621 3585 2678 3635; x_wconf 90' lang='grc' dir='ltr'>ἐν</span> <span class='ocrx_word' id='word_1_844' title='bbox 2706 3585 2825 3645; x_wconf 86' lang='grc' dir='ltr'>ταῖς</span> <span class='ocrx_word' id='word_1_845' title='bbox 2852 3582 2959 3635; x_wconf 86' lang='grc' dir='ltr'>τῶν</span> <span class='ocrx_word' id='word_1_846' title='bbox 2996 3582 3234 3652; x_wconf 82' lang='grc' dir='ltr'>νεφελῶν</span> <span class='ocrx_word' id='word_1_847' title='bbox 3253 3582 3272 3620; x_wconf 71' lang='grc' dir='ltr'>ί</span> <span class='ocrx_word' id='word_1_848' title='bbox 3311 3581 3654 3652; x_wconf 79' lang='grc' dir='ltr'>συνδρομαῖς.</span> 
     </span>
    </p>
   </div>
   <div class='ocr_carea' id='block_1_106' title="bbox 1984 3665 3656 3739">
    <p class='ocr_par' dir='ltr' id='par_1_106' title="bbox 1984 3665 3656 3739">
     <span class='ocr_line' id='line_1_106' title="bbox 1984 3665 3656 3739; baseline 0.002 -23"><span class='ocrx_word' id='word_1_849' title='bbox 1984 3665 2196 3733; x_wconf 82' lang='grc' dir='ltr'>Νέφθυς</span> <span class='ocrx_word' id='word_1_850' title='bbox 2219 3667 2349 3735; x_wconf 88' lang='grc' dir='ltr'>γοῦν</span> <span class='ocrx_word' id='word_1_851' title='bbox 2381 3668 2782 3739; x_wconf 83' lang='grc' dir='ltr'>ὑποδραμόντος</span> <span class='ocrx_word' id='word_1_852' title='bbox 2806 3669 3064 3733; x_wconf 84' lang='grc' dir='ltr'>πολλάκις</span> <span class='ocrx_word' id='word_1_853' title='bbox 3096 3670 3194 3733; x_wconf 79' lang='grc' dir='ltr'>τὰς</span> <span class='ocrx_word' id='word_1_854' title='bbox 3232 3671 3453 3732; x_wconf 87' lang='grc' dir='ltr'>ἀκτῖνας</span> <span class='ocrx_word' id='word_1_855' title='bbox 3477 3668 3656 3737; x_wconf 79' lang='grc' dir='ltr'>ἀφεὶς,</span> 
     </span>
    </p>
   </div>
   <div class='ocr_carea' id='block_1_107' title="bbox 1984 3753 3659 3829">
    <p class='ocr_par' dir='ltr' id='par_1_107' title="bbox 1984 3753 3659 3829">
     <span class='ocr_line' id='line_1_107' title="bbox 1984 3753 3659 3829; baseline 0.001 -24"><span class='ocrx_word' id='word_1_856' title='bbox 1984 3753 2080 3805; x_wconf 76' lang='grc' dir='ltr'>καὶ</span> <span class='ocrx_word' id='word_1_857' title='bbox 2107 3754 2485 3826; x_wconf 80' lang='grc' dir='ltr'>φιλονεικήσας</span> <span class='ocrx_word' id='word_1_858' title='bbox 2520 3755 2808 3829; x_wconf 74' lang='grc' dir='ltr'>διαρρῆξαι</span> <span class='ocrx_word' id='word_1_859' title='bbox 2835 3757 2897 3810; x_wconf 91' lang='lat'>1:6</span> <span class='ocrx_word' id='word_1_860' title='bbox 2927 3757 3085 3827; x_wconf 85' lang='grc' dir='ltr'>νέφος</span> <span class='ocrx_word' id='word_1_861' title='bbox 3113 3758 3212 3811; x_wconf 83' lang='grc' dir='ltr'>ούκ</span> <span class='ocrx_word' id='word_1_862' title='bbox 3247 3757 3454 3827; x_wconf 78' lang='grc' dir='ltr'>ἴσχυσε,</span> <span class='ocrx_word' id='word_1_863' title='bbox 3484 3772 3659 3825; x_wconf 70' lang='grc' dir='ltr'>παχυς</span> 
     </span>
    </p>
   </div>
   <div class='ocr_carea' id='block_1_108' title="bbox 1983 3840 3658 3916">
    <p class='ocr_par' dir='ltr' id='par_1_108' title="bbox 1983 3840 3658 3916">
     <span class='ocr_line' id='line_1_108' title="bbox 1983 3840 3658 3916; baseline -0.001 -21"><span class='ocrx_word' id='word_1_864' title='bbox 1983 3840 2147 3910; x_wconf 66' lang='grc' dir='ltr'>τέρας</span> <span class='ocrx_word' id='word_1_865' title='bbox 2196 3842 2295 3910; x_wconf 80' lang='grc' dir='ltr'>τῆς</span> <span class='ocrx_word' id='word_1_866' title='bbox 2339 3842 2568 3915; x_wconf 82' lang='grc' dir='ltr'>νεφέλης</span> <span class='ocrx_word' id='word_1_867' title='bbox 2613 3841 2779 3913; x_wconf 73' lang='grc' dir='ltr'>οὔσης</span> <span class='ocrx_word' id='word_1_868' title='bbox 2826 3845 2919 3896; x_wconf 75' lang='grc' dir='ltr'>καὶ</span> <span class='ocrx_word' id='word_1_869' title='bbox 2947 3846 3046 3898; x_wconf 80' lang='grc' dir='ltr'>οὐκ</span> <span class='ocrx_word' id='word_1_870' title='bbox 3090 3844 3464 3916; x_wconf 85' lang='grc' dir='ltr'>ἀνασχομένης</span> <span class='ocrx_word' id='word_1_871' title='bbox 3510 3841 3658 3913; x_wconf 78' lang='grc' dir='ltr'>αὐτῷ</span> 
     </span>
    </p>
   </div>
   <div class='ocr_carea' id='block_1_109' title="bbox 1983 3926 3657 4003">
    <p class='ocr_par' dir='ltr' id='par_1_109' title="bbox 1983 3926 3657 4003">
     <span class='ocr_line' id='line_1_109' title="bbox 1983 3926 3657 4003; baseline 0.004 -24"><span class='ocrx_word' id='word_1_872' title='bbox 1983 3926 2240 3998; x_wconf 88' lang='grc' dir='ltr'>διασχεῖν.</span> <span class='ocrx_word' id='word_1_873' title='bbox 2291 3929 2449 3982; x_wconf 82' lang='grc' dir='ltr'>Ἀλλά</span> <span class='ocrx_word' id='word_1_874' title='bbox 2497 3931 2564 3983; x_wconf 73' lang='grc' dir='ltr'>τὰ</span> <span class='ocrx_word' id='word_1_875' title='bbox 2602 3932 2893 4002; x_wconf 80' lang='grc' dir='ltr'>σπέρματα</span> <span class='ocrx_word' id='word_1_876' title='bbox 2931 3933 3139 4003; x_wconf 84' lang='grc' dir='ltr'>τρέφει,</span> <span class='ocrx_word' id='word_1_877' title='bbox 3180 3935 3347 4001; x_wconf 86' lang='grc' dir='ltr'>φησί·</span> <span class='ocrx_word' id='word_1_878' title='bbox 3405 3931 3497 3984; x_wconf 74' lang='grc' dir='ltr'>καὶ</span> <span class='ocrx_word' id='word_1_879' title='bbox 3549 3931 3657 4001; x_wconf 78' lang='grc' dir='ltr'>μὴν</span> 
     </span>
    </p>
   </div>
   <div class='ocr_carea' id='block_1_110' title="bbox 1984 4016 3658 4090">
    <p class='ocr_par' dir='ltr' id='par_1_110' title="bbox 1984 4016 3658 4090">
     <span class='ocr_line' id='line_1_110' title="bbox 1984 4016 3658 4090; baseline 0.001 -24"><span class='ocrx_word' id='word_1_880' title='bbox 1984 4016 2081 4067; x_wconf 82' lang='grc' dir='ltr'>ούκ</span> <span class='ocrx_word' id='word_1_881' title='bbox 2110 4016 2272 4079; x_wconf 76' lang='grc' dir='ltr'>αὐτὸς</span> <span class='ocrx_word' id='word_1_882' title='bbox 2301 4017 2490 4087; x_wconf 86' lang='grc' dir='ltr'>τρέφει</span> <span class='ocrx_word' id='word_1_883' title='bbox 2530 4017 2707 4087; x_wconf 83' lang='grc' dir='ltr'>μόνος,</span> <span class='ocrx_word' id='word_1_884' title='bbox 2746 4018 2880 4072; x_wconf 86' lang='grc' dir='ltr'>ἀλλά</span> <span class='ocrx_word' id='word_1_885' title='bbox 2912 4020 3006 4071; x_wconf 73' lang='grc' dir='ltr'>καὶ</span> <span class='ocrx_word' id='word_1_886' title='bbox 3048 4021 3151 4090; x_wconf 84' lang='grc' dir='ltr'>γῆς</span> <span class='ocrx_word' id='word_1_887' title='bbox 3191 4019 3380 4081; x_wconf 86' lang='grc' dir='ltr'>δεῖται,</span> <span class='ocrx_word' id='word_1_888' title='bbox 3411 4019 3507 4071; x_wconf 75' lang='grc' dir='ltr'>καὶ</span> <span class='ocrx_word' id='word_1_889' title='bbox 3534 4017 3658 4087; x_wconf 80' lang='grc' dir='ltr'>δρό-</span> 
     </span>
    </p>
   </div>
   <div class='ocr_carea' id='block_1_111' title="bbox 1985 4103 3656 4176">
    <p class='ocr_par' dir='ltr' id='par_1_111' title="bbox 1985 4103 3656 4176">
     <span class='ocr_line' id='line_1_111' title="bbox 1985 4103 3656 4176; baseline 0.002 -22"><span class='ocrx_word' id='word_1_890' title='bbox 1985 4119 2099 4167; x_wconf 90' lang='grc' dir='ltr'>σου,</span> <span class='ocrx_word' id='word_1_891' title='bbox 2135 4103 2227 4156; x_wconf 70' lang='grc' dir='ltr'>καὶ</span> <span class='ocrx_word' id='word_1_892' title='bbox 2268 4103 2459 4168; x_wconf 84' lang='grc' dir='ltr'>ὑετῶν,</span> <span class='ocrx_word' id='word_1_893' title='bbox 2504 4106 2597 4157; x_wconf 70' lang='grc' dir='ltr'>καὶ</span> <span class='ocrx_word' id='word_1_894' title='bbox 2634 4106 2873 4175; x_wconf 87' lang='grc' dir='ltr'>ἀνέμων,</span> <span class='ocrx_word' id='word_1_895' title='bbox 2907 4106 2999 4159; x_wconf 73' lang='grc' dir='ltr'>καὶ</span> <span class='ocrx_word' id='word_1_896' title='bbox 3033 4107 3131 4176; x_wconf 84' lang='grc' dir='ltr'>τῆς</span> <span class='ocrx_word' id='word_1_897' title='bbox 3157 4106 3265 4159; x_wconf 89' lang='grc' dir='ltr'>τῶν</span> <span class='ocrx_word' id='word_1_898' title='bbox 3290 4104 3449 4176; x_wconf 85' lang='grc' dir='ltr'>ὡρῶν</span> <span class='ocrx_word' id='word_1_899' title='bbox 3472 4105 3656 4175; x_wconf 81' lang='grc' dir='ltr'>εὐμοι-</span> 
     </span>
    </p>
   </div>
   <div class='ocr_carea' id='block_1_112' title="bbox 1988 4190 3653 4266">
    <p class='ocr_par' dir='ltr' id='par_1_112' title="bbox 1988 4190 3653 4266">
     <span class='ocr_line' id='line_1_112' title="bbox 1988 4190 3653 4266; baseline 0.003 -25"><span class='ocrx_word' id='word_1_900' title='bbox 1988 4190 2104 4260; x_wconf 83' lang='grc' dir='ltr'>ρίας</span> <span class='ocrx_word' id='word_1_901' title='bbox 2129 4208 2140 4220; x_wconf 96' lang='grc'>·</span> <span class='ocrx_word' id='word_1_902' title='bbox 2174 4191 2276 4244; x_wconf 73' lang='grc' dir='ltr'>κᾶν</span> <span class='ocrx_word' id='word_1_903' title='bbox 2308 4192 2382 4263; x_wconf 84' lang='grc' dir='ltr'>μὴ</span> <span class='ocrx_word' id='word_1_904' title='bbox 2434 4193 2608 4245; x_wconf 87' lang='grc' dir='ltr'>ταῦτα</span> <span class='ocrx_word' id='word_1_905' title='bbox 2644 4194 2857 4246; x_wconf 71' lang='grc' dir='ltr'>ἅπαντα</span> <span class='ocrx_word' id='word_1_906' title='bbox 2895 4193 3196 4266; x_wconf 83' lang='grc' dir='ltr'>συνδράμῃ,</span> <span class='ocrx_word' id='word_1_907' title='bbox 3246 4193 3529 4265; x_wconf 83' lang='grc' dir='ltr'>περιττὴή</span> <span class='ocrx_word' id='word_1_908' title='bbox 3558 4190 3653 4246; x_wconf 86' lang='grc' dir='ltr'>τοῦ</span> 
     </span>
    </p>
   </div>
   <div class='ocr_carea' id='block_1_113' title="bbox 1982 4279 2585 4351">
    <p class='ocr_par' dir='ltr' id='par_1_113' title="bbox 1982 4279 2585 4351">
     <span class='ocr_line' id='line_1_113' title="bbox 1982 4279 2585 4351; baseline 0.005 -21"><span class='ocrx_word' id='word_1_909' title='bbox 1982 4279 2135 4349; x_wconf 78' lang='grc' dir='ltr'>ἡλίου</span> <span class='ocrx_word' id='word_1_910' title='bbox 2169 4280 2379 4348; x_wconf 87' lang='grc' dir='ltr'>γίνεται</span> <span class='ocrx_word' id='word_1_911' title='bbox 2408 4281 2585 4351; x_wconf 85' lang='grc' dir='ltr'>χρεία.</span> 
     </span>
    </p>
   </div>
   <div class='ocr_carea' id='block_1_114' title="bbox 2058 4364 3654 4440">
    <p class='ocr_par' dir='ltr' id='par_1_114' title="bbox 2058 4364 3654 4440">
     <span class='ocr_line' id='line_1_114' title="bbox 2058 4364 3654 4440; baseline 0.003 -23"><span class='ocrx_word' id='word_1_912' title='bbox 2058 4364 2228 4418; x_wconf 85' lang='grc' dir='ltr'>Τοῦτο</span> <span class='ocrx_word' id='word_1_913' title='bbox 2271 4366 2327 4418; x_wconf 88' lang='grc' dir='ltr'>δὲ</span> <span class='ocrx_word' id='word_1_914' title='bbox 2364 4369 2463 4420; x_wconf 84' lang='grc' dir='ltr'>οὐκ</span> <span class='ocrx_word' id='word_1_915' title='bbox 2507 4367 2571 4423; x_wconf 88' lang='grc' dir='ltr'>ἂν</span> <span class='ocrx_word' id='word_1_916' title='bbox 2619 4368 2704 4439; x_wconf 72' lang='grc' dir='ltr'>εἴη</span> <span class='ocrx_word' id='word_1_917' title='bbox 2750 4368 2907 4431; x_wconf 88' lang='grc' dir='ltr'>Θεοῦ,</span> <span class='ocrx_word' id='word_1_918' title='bbox 2936 4369 2998 4422; x_wconf 89' lang='lat'>16</span> <span class='ocrx_word' id='word_1_919' title='bbox 3039 4369 3244 4424; x_wconf 80' lang='grc' dir='ltr'>δεῖσθαι</span> <span class='ocrx_word' id='word_1_920' title='bbox 3286 4368 3486 4439; x_wconf 86' lang='grc' dir='ltr'>ἐτέρων</span> <span class='ocrx_word' id='word_1_921' title='bbox 3518 4367 3654 4440; x_wconf 82' lang='grc' dir='ltr'>πρὸς</span> 
     </span>
    </p>
   </div>
   <div class='ocr_carea' id='block_1_115' title="bbox 1982 4452 3654 4529">
    <p class='ocr_par' dir='ltr' id='par_1_115' title="bbox 1982 4452 3654 4529">
     <span class='ocr_line' id='line_1_115' title="bbox 1982 4452 3654 4529; baseline 0.002 -23"><span class='ocrx_word' id='word_1_922' title='bbox 1982 4452 2125 4523; x_wconf 79' lang='grc' dir='ltr'>ἅπερ</span> <span class='ocrx_word' id='word_1_923' title='bbox 2155 4452 2221 4506; x_wconf 84' lang='grc' dir='ltr'>ἂν</span> <span class='ocrx_word' id='word_1_924' title='bbox 2253 4452 2506 4524; x_wconf 84' lang='grc' dir='ltr'>βούληται</span> <span class='ocrx_word' id='word_1_925' title='bbox 2545 4458 2754 4509; x_wconf 84' lang='grc' dir='ltr'>ποιεῖν·</span> <span class='ocrx_word' id='word_1_926' title='bbox 2795 4455 2929 4509; x_wconf 85' lang='grc' dir='ltr'>Θεοῦ</span> <span class='ocrx_word' id='word_1_927' title='bbox 2977 4458 3088 4529; x_wconf 83' lang='grc' dir='ltr'>γὰρ</span> <span class='ocrx_word' id='word_1_928' title='bbox 3130 4455 3264 4511; x_wconf 76' lang='grc' dir='ltr'>τδιον</span> <span class='ocrx_word' id='word_1_929' title='bbox 3317 4457 3548 4528; x_wconf 86' lang='grc' dir='ltr'>μάλιστα</span> <span class='ocrx_word' id='word_1_930' title='bbox 3593 4457 3654 4509; x_wconf 88' lang='grc' dir='ltr'>τὸ</span> 
     </span>
    </p>
   </div>
   <div class='ocr_carea' id='block_1_116' title="bbox 1980 4540 3653 4616">
    <p class='ocr_par' dir='ltr' id='par_1_116' title="bbox 1980 4540 3653 4616">
     <span class='ocr_line' id='line_1_116' title="bbox 1980 4540 3653 4616; baseline 0.002 -24"><span class='ocrx_word' id='word_1_931' title='bbox 1980 4540 2245 4603; x_wconf 81' lang='grc' dir='ltr'>ἀνενδεές.</span> <span class='ocrx_word' id='word_1_932' title='bbox 2276 4541 2447 4605; x_wconf 83' lang='grc' dir='ltr'>Αὐτὸς</span> <span class='ocrx_word' id='word_1_933' title='bbox 2475 4541 2605 4611; x_wconf 89' lang='grc' dir='ltr'>γοῦν</span> <span class='ocrx_word' id='word_1_934' title='bbox 2634 4544 2732 4613; x_wconf 75' lang='grc' dir='ltr'>οὐχ</span> <span class='ocrx_word' id='word_1_935' title='bbox 2755 4542 2897 4596; x_wconf 75' lang='grc' dir='ltr'>οὕτω</span> <span class='ocrx_word' id='word_1_936' title='bbox 2938 4543 3007 4597; x_wconf 85' lang='grc' dir='ltr'>τὰ</span> <span class='ocrx_word' id='word_1_937' title='bbox 3056 4544 3342 4616; x_wconf 86' lang='grc' dir='ltr'>σπέρματα</span> <span class='ocrx_word' id='word_1_938' title='bbox 3387 4541 3653 4613; x_wconf 83' lang='grc' dir='ltr'>ἐξήγαγεν</span> 
     </span>
    </p>
   </div>
   <div class='ocr_carea' id='block_1_117' title="bbox 1980 4625 3649 4700">
    <p class='ocr_par' dir='ltr' id='par_1_117' title="bbox 1980 4625 3649 4700">
     <span class='ocr_line' id='line_1_117' title="bbox 1980 4625 3649 4700; baseline 0.002 -22"><span class='ocrx_word' id='word_1_939' title='bbox 1980 4625 2088 4679; x_wconf 84' lang='grc' dir='ltr'>ἀπὸ</span> <span class='ocrx_word' id='word_1_940' title='bbox 2112 4627 2209 4696; x_wconf 85' lang='grc' dir='ltr'>τῆς</span> <span class='ocrx_word' id='word_1_941' title='bbox 2236 4627 2357 4698; x_wconf 82' lang='grc' dir='ltr'>γῆς,</span> <span class='ocrx_word' id='word_1_942' title='bbox 2380 4626 2493 4680; x_wconf 88' lang='grc' dir='ltr'>ἀλλ’</span> <span class='ocrx_word' id='word_1_943' title='bbox 2521 4629 2771 4682; x_wconf 84' lang='grc' dir='ltr'>ἐκέλευσε</span> <span class='ocrx_word' id='word_1_944' title='bbox 2808 4630 2985 4700; x_wconf 86' lang='grc' dir='ltr'>μόνον,</span> <span class='ocrx_word' id='word_1_945' title='bbox 3010 4630 3101 4683; x_wconf 79' lang='grc' dir='ltr'>καὶ</span> <span class='ocrx_word' id='word_1_946' title='bbox 3127 4630 3304 4683; x_wconf 88' lang='grc' dir='ltr'>πάντα</span> <span class='ocrx_word' id='word_1_947' title='bbox 3329 4628 3649 4699; x_wconf 82' lang='grc' dir='ltr'>ἐϐλάστησε.</span> 
     </span>
    </p>
   </div>
   <div class='ocr_carea' id='block_1_118' title="bbox 1983 4714 3650 4788">
    <p class='ocr_par' dir='ltr' id='par_1_118' title="bbox 1983 4714 3650 4788">
     <span class='ocr_line' id='line_1_118' title="bbox 1983 4714 3650 4788; baseline 0.002 -23"><span class='ocrx_word' id='word_1_948' title='bbox 1983 4714 2094 4766; x_wconf 72' lang='grc' dir='ltr'>Καὶ</span> <span class='ocrx_word' id='word_1_949' title='bbox 2127 4714 2309 4780; x_wconf 85' lang='grc' dir='ltr'>πάλιν,</span> <span class='ocrx_word' id='word_1_950' title='bbox 2345 4715 2430 4768; x_wconf 83' lang='grc' dir='ltr'>ἵνα</span> <span class='ocrx_word' id='word_1_951' title='bbox 2465 4716 2640 4787; x_wconf 84' lang='grc' dir='ltr'>μάθῃς</span> <span class='ocrx_word' id='word_1_952' title='bbox 2673 4717 2755 4769; x_wconf 86' lang='grc' dir='ltr'>ὅτι</span> <span class='ocrx_word' id='word_1_953' title='bbox 2789 4717 2886 4787; x_wconf 87' lang='grc' dir='ltr'>οὐχ</span> <span class='ocrx_word' id='word_1_954' title='bbox 2935 4719 2967 4788; x_wconf 85' lang='grc' dir='ltr'>ἡ</span> <span class='ocrx_word' id='word_1_955' title='bbox 3016 4717 3124 4770; x_wconf 87' lang='grc' dir='ltr'>τῶν</span> <span class='ocrx_word' id='word_1_956' title='bbox 3160 4717 3434 4787; x_wconf 79' lang='grc' dir='ltr'>στοιχείων</span> <span class='ocrx_word' id='word_1_957' title='bbox 3468 4717 3650 4787; x_wconf 84' lang='grc' dir='ltr'>φύσις,</span> 
     </span>
    </p>
   </div>
   <div class='ocr_carea' id='block_1_119' title="bbox 1979 4799 3653 4873">
    <p class='ocr_par' dir='ltr' id='par_1_119' title="bbox 1979 4799 3653 4873">
     <span class='ocr_line' id='line_1_119' title="bbox 1979 4799 3653 4873; baseline 0.002 -20"><span class='ocrx_word' id='word_1_958' title='bbox 1979 4799 2114 4854; x_wconf 89' lang='grc' dir='ltr'>ἀλλά</span> <span class='ocrx_word' id='word_1_959' title='bbox 2138 4800 2200 4853; x_wconf 85' lang='grc' dir='ltr'>τὸ</span> <span class='ocrx_word' id='word_1_960' title='bbox 2229 4802 2557 4873; x_wconf 88' lang='grc' dir='ltr'>πρόσταγμα</span> <span class='ocrx_word' id='word_1_961' title='bbox 2586 4802 2751 4856; x_wconf 86' lang='grc' dir='ltr'>αὐτοῦ</span> <span class='ocrx_word' id='word_1_962' title='bbox 2788 4806 2961 4857; x_wconf 85' lang='grc' dir='ltr'>πάντα</span> <span class='ocrx_word' id='word_1_963' title='bbox 2990 4807 3152 4870; x_wconf 88' lang='grc' dir='ltr'>ποιεῖ,</span> <span class='ocrx_word' id='word_1_964' title='bbox 3180 4804 3320 4858; x_wconf 82' lang='grc' dir='ltr'>αὑτά</span> <span class='ocrx_word' id='word_1_965' title='bbox 3343 4821 3401 4856; x_wconf 90' lang='grc' dir='ltr'>τε</span> <span class='ocrx_word' id='word_1_966' title='bbox 3421 4803 3490 4857; x_wconf 90' lang='grc' dir='ltr'>τά</span> <span class='ocrx_word' id='word_1_967' title='bbox 3513 4820 3653 4857; x_wconf 86' lang='grc' dir='ltr'>στοι-</span> 
     </span>
    </p>
   </div>
   <div class='ocr_carea' id='block_1_120' title="bbox 1978 4889 3652 4962">
    <p class='ocr_par' dir='ltr' id='par_1_120' title="bbox 1978 4889 3652 4962">
     <span class='ocr_line' id='line_1_120' title="bbox 1978 4889 3652 4962; baseline 0.002 -23"><span class='ocrx_word' id='word_1_968' title='bbox 1978 4891 2099 4958; x_wconf 90' lang='grc' dir='ltr'>χεῖα</span> <span class='ocrx_word' id='word_1_969' title='bbox 2130 4889 2229 4942; x_wconf 83' lang='grc' dir='ltr'>οὐκ</span> <span class='ocrx_word' id='word_1_970' title='bbox 2254 4890 2383 4943; x_wconf 81' lang='grc' dir='ltr'>ὄντα</span> <span class='ocrx_word' id='word_1_971' title='bbox 2407 4891 2722 4962; x_wconf 77' lang='grc' dir='ltr'>παρήγαγε,</span> <span class='ocrx_word' id='word_1_972' title='bbox 2746 4893 2837 4944; x_wconf 71' lang='grc' dir='ltr'>καὶ</span> <span class='ocrx_word' id='word_1_973' title='bbox 2865 4893 2957 4944; x_wconf 67' lang='grc' dir='ltr'>ἐπὶ</span> <span class='ocrx_word' id='word_1_974' title='bbox 2987 4892 3096 4944; x_wconf 91' lang='grc' dir='ltr'>τῶν</span> <span class='ocrx_word' id='word_1_975' title='bbox 3126 4892 3415 4955; x_wconf 82' lang='grc' dir='ltr'>Ἰουδαίων,</span> <span class='ocrx_word' id='word_1_976' title='bbox 3439 4891 3652 4954; x_wconf 81' lang='grc' dir='ltr'>οὐδενὸς</span> 
     </span>
    </p>
   </div>
   <div class='ocr_carea' id='block_1_121' title="bbox 1977 4976 3653 5051">
    <p class='ocr_par' dir='ltr' id='par_1_121' title="bbox 1977 4976 3653 5051">
     <span class='ocr_line' id='line_1_121' title="bbox 1977 4976 3653 5051; baseline 0.004 -24"><span class='ocrx_word' id='word_1_977' title='bbox 1977 4976 2209 5047; x_wconf 79' lang='grc' dir='ltr'>δεηθεὶς,</span> <span class='ocrx_word' id='word_1_978' title='bbox 2244 4978 2305 5030; x_wconf 86' lang='grc' dir='ltr'>τὸ</span> <span class='ocrx_word' id='word_1_979' title='bbox 2337 4978 2511 5047; x_wconf 89' lang='grc' dir='ltr'>μάννα</span> <span class='ocrx_word' id='word_1_980' title='bbox 2544 4980 2887 5049; x_wconf 86' lang='grc' dir='ltr'>κατήγαγεν·</span> <span class='ocrx_word' id='word_1_981' title='bbox 2925 4980 3130 5049; x_wconf 80' lang='grc' dir='ltr'>Ἄρτον</span> <span class='ocrx_word' id='word_1_982' title='bbox 3169 4980 3301 5051; x_wconf 88' lang='grc' dir='ltr'>γάρ,</span> <span class='ocrx_word' id='word_1_983' title='bbox 3338 4981 3520 5050; x_wconf 75' lang='grc' dir='ltr'>φησὶν,</span> <span class='ocrx_word' id='word_1_984' title='bbox 3546 4980 3653 5033; x_wconf 84' lang='grc' dir='ltr'>οὺ·-</span> 
     </span>
    </p>
   </div>
   <div class='ocr_carea' id='block_1_122' title="bbox 1969 5066 3650 5144">
    <p class='ocr_par' dir='ltr' id='par_1_122' title="bbox 1969 5066 3650 5144">
     <span class='ocr_line' id='line_1_122' title="bbox 1969 5066 3650 5144; baseline 0.002 -25"><span class='ocrx_word' id='word_1_985' title='bbox 1969 5066 2163 5134; x_wconf 83' lang='grc' dir='ltr'>ριινοῦ</span> <span class='ocrx_word' id='word_1_986' title='bbox 2195 5068 2420 5122; x_wconf 76' lang='grc' dir='ltr'>ἔδωκεν</span> <span class='ocrx_word' id='word_1_987' title='bbox 2441 5067 2667 5136; x_wconf 80' lang='grc' dir='ltr'>αὐτοῖς.</span> <span class='ocrx_word' id='word_1_988' title='bbox 2692 5071 2800 5123; x_wconf 79' lang='grc' dir='ltr'>Καὶ</span> <span class='ocrx_word' id='word_1_989' title='bbox 2827 5070 2879 5123; x_wconf 87' lang='grc' dir='ltr'>τί</span> <span class='ocrx_word' id='word_1_990' title='bbox 2899 5070 3060 5141; x_wconf 88' lang='grc' dir='ltr'>λέγω,</span> <span class='ocrx_word' id='word_1_991' title='bbox 3093 5072 3230 5144; x_wconf 81' lang='grc' dir='ltr'>πρὸς</span> <span class='ocrx_word' id='word_1_992' title='bbox 3253 5072 3350 5144; x_wconf 82' lang='grc' dir='ltr'>τὴν</span> <span class='ocrx_word' id='word_1_993' title='bbox 3375 5070 3480 5125; x_wconf 87' lang='grc' dir='ltr'>τῶν</span> <span class='ocrx_word' id='word_1_994' title='bbox 3512 5088 3650 5141; x_wconf 84' lang='grc' dir='ltr'>καρ-</span> 
     </span>
    </p>
   </div>
   <div class='ocr_carea' id='block_1_123' title="bbox 1979 5150 3653 5231">
    <p class='ocr_par' dir='ltr' id='par_1_123' title="bbox 1979 5150 3653 5231">
     <span class='ocr_line' id='line_1_123' title="bbox 1979 5150 3653 5231; baseline 0.004 -26"><span class='ocrx_word' id='word_1_995' title='bbox 1979 5150 2096 5207; x_wconf 84' lang='grc' dir='ltr'>πῶν</span> <span class='ocrx_word' id='word_1_996' title='bbox 2125 5156 2309 5226; x_wconf 84' lang='grc' dir='ltr'>ἀκμὴν</span> <span class='ocrx_word' id='word_1_997' title='bbox 2341 5157 2422 5209; x_wconf 81' lang='grc' dir='ltr'>ὅτι</span> <span class='ocrx_word' id='word_1_998' title='bbox 2452 5156 2656 5226; x_wconf 86' lang='grc' dir='ltr'>ἐτέρων</span> <span class='ocrx_word' id='word_1_999' title='bbox 2685 5158 2854 5211; x_wconf 86' lang='grc' dir='ltr'>δεῖται</span> <span class='ocrx_word' id='word_1_1000' title='bbox 2882 5159 3159 5229; x_wconf 84' lang='grc' dir='ltr'>στοιχείων</span> <span class='ocrx_word' id='word_1_1001' title='bbox 3188 5160 3324 5231; x_wconf 81' lang='grc' dir='ltr'>πρὸς</span> <span class='ocrx_word' id='word_1_1002' title='bbox 3351 5160 3449 5230; x_wconf 81' lang='grc' dir='ltr'>τὴν</span> <span class='ocrx_word' id='word_1_1003' title='bbox 3471 5159 3653 5212; x_wconf 78' lang='grc' dir='ltr'>αὐτῶν</span> 
     </span>
    </p>
   </div>
   <div class='ocr_carea' id='block_1_124' title="bbox 1978 5241 3649 5318">
    <p class='ocr_par' dir='ltr' id='par_1_124' title="bbox 1978 5241 3649 5318">
     <span class='ocr_line' id='line_1_124' title="bbox 1978 5241 3649 5318; baseline 0.004 -25"><span class='ocrx_word' id='word_1_1004' title='bbox 1978 5241 2259 5306; x_wconf 82' lang='grc' dir='ltr'>σύστασιν,</span> <span class='ocrx_word' id='word_1_1005' title='bbox 2288 5244 2423 5296; x_wconf 84' lang='grc' dir='ltr'>ὅπου</span> <span class='ocrx_word' id='word_1_1006' title='bbox 2450 5259 2513 5311; x_wconf 88' lang='grc' dir='ltr'>γε</span> <span class='ocrx_word' id='word_1_1007' title='bbox 2542 5244 2636 5298; x_wconf 75' lang='grc' dir='ltr'>καὶ</span> <span class='ocrx_word' id='word_1_1008' title='bbox 2669 5245 2832 5310; x_wconf 78' lang='grc' dir='ltr'>αὐτὸς</span> <span class='ocrx_word' id='word_1_1009' title='bbox 2855 5246 3064 5300; x_wconf 87' lang='grc' dir='ltr'>πολλῶν</span> <span class='ocrx_word' id='word_1_1010' title='bbox 3089 5247 3278 5318; x_wconf 79' lang='grc' dir='ltr'>χρῄζει</span> <span class='ocrx_word' id='word_1_1011' title='bbox 3298 5246 3432 5318; x_wconf 85' lang='grc' dir='ltr'>πρὸς</span> <span class='ocrx_word' id='word_1_1012' title='bbox 3459 5245 3649 5299; x_wconf 75' lang='grc' dir='ltr'>σύσταο</span> 
     </span>
    </p>
   </div>
   <div class='ocr_carea' id='block_1_125' title="bbox 1976 5331 3650 5406">
    <p class='ocr_par' dir='ltr' id='par_1_125' title="bbox 1976 5331 3650 5406">
     <span class='ocr_line' id='line_1_125' title="bbox 1976 5331 3650 5406; baseline 0.004 -24"><span class='ocrx_word' id='word_1_1013' title='bbox 1976 5347 2081 5391; x_wconf 85' lang='grc' dir='ltr'>σιν,</span> <span class='ocrx_word' id='word_1_1014' title='bbox 2118 5331 2212 5383; x_wconf 59' lang='grc' dir='ltr'>καὶ¹</span> <span class='ocrx_word' id='word_1_1015' title='bbox 2243 5331 2341 5384; x_wconf 79' lang='grc' dir='ltr'>οὐκ</span> <span class='ocrx_word' id='word_1_1016' title='bbox 2376 5331 2441 5384; x_wconf 86' lang='grc' dir='ltr'>ἂν</span> <span class='ocrx_word' id='word_1_1017' title='bbox 2480 5333 2643 5396; x_wconf 79' lang='grc' dir='ltr'>αὐτὸς</span> <span class='ocrx_word' id='word_1_1018' title='bbox 2672 5333 2955 5404; x_wconf 84' lang='grc' dir='ltr'>ἀρκέσειεν</span> <span class='ocrx_word' id='word_1_1019' title='bbox 2989 5335 3236 5406; x_wconf 70' lang='grc' dir='ltr'>ἐαυτῷ3;</span> <span class='ocrx_word' id='word_1_1020' title='bbox 3264 5333 3368 5387; x_wconf 75' lang='grc' dir='ltr'>Καὶ</span> <span class='ocrx_word' id='word_1_1021' title='bbox 3414 5332 3521 5404; x_wconf 86' lang='grc' dir='ltr'>γὰρ</span> <span class='ocrx_word' id='word_1_1022' title='bbox 3563 5334 3650 5389; x_wconf 76' lang='grc' dir='ltr'>ἵνα</span> 
     </span>
    </p>
   </div>
   <div class='ocr_carea' id='block_1_126' title="bbox 1977 5417 3651 5493">
    <p class='ocr_par' dir='ltr' id='par_1_126' title="bbox 1977 5417 3651 5493">
     <span class='ocr_line' id='line_1_126' title="bbox 1977 5417 3651 5493; baseline 0.002 -22"><span class='ocrx_word' id='word_1_1023' title='bbox 1977 5417 2189 5490; x_wconf 79' lang='grc' dir='ltr'>βαδίζῃ,</span> <span class='ocrx_word' id='word_1_1024' title='bbox 2223 5417 2317 5471; x_wconf 85' lang='grc' dir='ltr'>τοῦ</span> <span class='ocrx_word' id='word_1_1025' title='bbox 2342 5419 2578 5489; x_wconf 83' lang='grc' dir='ltr'>ούρανοῦ</span> <span class='ocrx_word' id='word_1_1026' title='bbox 2607 5419 2778 5474; x_wconf 88' lang='grc' dir='ltr'>δεῖται</span> <span class='ocrx_word' id='word_1_1027' title='bbox 2812 5422 3061 5493; x_wconf 87' lang='grc' dir='ltr'>καθάπερ</span> <span class='ocrx_word' id='word_1_1028' title='bbox 3093 5421 3321 5490; x_wconf 79' lang='grc' dir='ltr'>ἐδάφους</span> <span class='ocrx_word' id='word_1_1029' title='bbox 3345 5421 3488 5485; x_wconf 79' lang='grc' dir='ltr'>τινὸς</span> <span class='ocrx_word' id='word_1_1030' title='bbox 3517 5422 3651 5475; x_wconf 83' lang='grc' dir='ltr'>ὑπο-</span> 
     </span>
    </p>
   </div>
   <div class='ocr_carea' id='block_1_127' title="bbox 1972 5505 3649 5579">
    <p class='ocr_par' dir='ltr' id='par_1_127' title="bbox 1972 5505 3649 5579">
     <span class='ocr_line' id='line_1_127' title="bbox 1972 5505 3649 5579; baseline 0.002 -21"><span class='ocrx_word' id='word_1_1031' title='bbox 1972 5505 2248 5575; x_wconf 84' lang='grc' dir='ltr'>κειμένου,</span> <span class='ocrx_word' id='word_1_1032' title='bbox 2275 5506 2369 5559; x_wconf 71' lang='grc' dir='ltr'>καὶ</span> <span class='ocrx_word' id='word_1_1033' title='bbox 2401 5506 2487 5560; x_wconf 77' lang='grc' dir='ltr'>ἵνα</span> <span class='ocrx_word' id='word_1_1034' title='bbox 2518 5508 2794 5577; x_wconf 82' lang='grc' dir='ltr'>φαίνηται,</span> <span class='ocrx_word' id='word_1_1035' title='bbox 2827 5509 2925 5579; x_wconf 83' lang='grc' dir='ltr'>τῆς</span> <span class='ocrx_word' id='word_1_1036' title='bbox 2952 5508 3045 5560; x_wconf 87' lang='grc' dir='ltr'>τοῦ</span> <span class='ocrx_word' id='word_1_1037' title='bbox 3085 5507 3245 5577; x_wconf 87' lang='grc' dir='ltr'>ἀέρος</span> <span class='ocrx_word' id='word_1_1038' title='bbox 3279 5507 3649 5579; x_wconf 87' lang='grc' dir='ltr'>καθαρότητος</span> 
     </span>
    </p>
   </div>
   <div class='ocr_carea' id='block_1_128' title="bbox 1970 5592 3647 5666">
    <p class='ocr_par' dir='ltr' id='par_1_128' title="bbox 1970 5592 3647 5666">
     <span class='ocr_line' id='line_1_128' title="bbox 1970 5592 3647 5666; baseline -0.001 -21"><span class='ocrx_word' id='word_1_1039' title='bbox 1970 5596 2066 5645; x_wconf 77' lang='grc' dir='ltr'>καὶ</span> <span class='ocrx_word' id='word_1_1040' title='bbox 2094 5592 2445 5665; x_wconf 84' lang='grc' dir='ltr'>λεπτότητος,</span> <span class='ocrx_word' id='word_1_1041' title='bbox 2473 5593 2615 5648; x_wconf 82' lang='grc' dir='ltr'>ὥστε</span> <span class='ocrx_word' id='word_1_1042' title='bbox 2637 5595 2702 5649; x_wconf 82' lang='grc' dir='ltr'>ἂν</span> <span class='ocrx_word' id='word_1_1043' title='bbox 2730 5594 2986 5665; x_wconf 81' lang='grc' dir='ltr'>πυκνωθῇ</span> <span class='ocrx_word' id='word_1_1044' title='bbox 3021 5594 3163 5664; x_wconf 88' lang='grc' dir='ltr'>πέρα</span> <span class='ocrx_word' id='word_1_1045' title='bbox 3194 5593 3286 5647; x_wconf 89' lang='grc' dir='ltr'>τοῦ</span> <span class='ocrx_word' id='word_1_1046' title='bbox 3326 5596 3525 5666; x_wconf 89' lang='grc' dir='ltr'>μέτρου</span> <span class='ocrx_word' id='word_1_1047' title='bbox 3557 5601 3647 5650; x_wconf 63' lang='grc' dir='ltr'>καὶ</span> 
     </span>
    </p>
   </div>
   <div class='ocr_carea' id='block_1_129' title="bbox 1970 5676 3650 5754">
    <p class='ocr_par' dir='ltr' id='par_1_129' title="bbox 1970 5676 3650 5754">
     <span class='ocr_line' id='line_1_129' title="bbox 1970 5676 3650 5754; baseline 0.003 -21"><span class='ocrx_word' id='word_1_1048' title='bbox 1970 5676 2150 5746; x_wconf 74' lang='grc' dir='ltr'>οὗτος,</span> <span class='ocrx_word' id='word_1_1049' title='bbox 2191 5683 2292 5734; x_wconf 83' lang='grc' dir='ltr'>οὐκ</span> <span class='ocrx_word' id='word_1_1050' title='bbox 2329 5681 2502 5751; x_wconf 74' lang='grc' dir='ltr'>ἰσχύει</span> <span class='ocrx_word' id='word_1_1051' title='bbox 2544 5681 2712 5745; x_wconf 81' lang='grc' dir='ltr'>δεῖξαι</span> <span class='ocrx_word' id='word_1_1052' title='bbox 2762 5682 2823 5734; x_wconf 85' lang='grc' dir='ltr'>τὸ</span> <span class='ocrx_word' id='word_1_1053' title='bbox 2869 5680 3019 5753; x_wconf 68' lang='lat' dir='ltr'>[HQ]</span> <span class='ocrx_word' id='word_1_1054' title='bbox 3053 5682 3245 5735; x_wconf 86' lang='grc' dir='ltr'>ἐαυτοῦ</span> <span class='ocrx_word' id='word_1_1055' title='bbox 3283 5684 3396 5753; x_wconf 79' lang='grc' dir='ltr'>φῶς</span> <span class='ocrx_word' id='word_1_1056' title='bbox 3424 5687 3650 5754; x_wconf 77' lang='grc' dir='ltr'>ἐκεῖνος,</span> 
     </span>
    </p>
   </div>
   <div class='ocr_carea' id='block_1_130' title="bbox 2033 5783 2729 5846">
    <p class='ocr_par' dir='ltr' id='par_1_130' title="bbox 2033 5783 2729 5846">
     <span class='ocr_line' id='line_1_130' title="bbox 2033 5783 2729 5846; baseline -0.001 -13"><span class='ocrx_word' id='word_1_1057' title='bbox 2033 5785 2056 5846; x_wconf 80' lang='lat'>&#39;_’</span> <span class='ocrx_word' id='word_1_1058' title='bbox 2081 5784 2285 5846; x_wconf 79' lang='lat' dir='ltr'>Aliquot.</span> <span class='ocrx_word' id='word_1_1059' title='bbox 2304 5801 2419 5835; x_wconf 85' lang='lat' dir='ltr'>mss.</span> <span class='ocrx_word' id='word_1_1060' title='bbox 2448 5789 2503 5835; x_wconf 84' lang='grc' dir='ltr'>ἐκ</span> <span class='ocrx_word' id='word_1_1061' title='bbox 2523 5783 2729 5834; x_wconf 87' lang='grc' dir='ltr'>παστοῦ.</span> 
     </span>
    </p>
   </div>
   <div class='ocr_carea' id='block_1_131' title="bbox 2031 5842 2496 5911">
    <p class='ocr_par' dir='ltr' id='par_1_131' title="bbox 2031 5842 2496 5911">
     <span class='ocr_line' id='line_1_131' title="bbox 2031 5842 2496 5911; baseline -0.002 -17"><span class='ocrx_word' id='word_1_1062' title='bbox 2031 5842 2053 5911; x_wconf 61' lang='grc' dir='ltr'><strong>ξ</strong></span> <span class='ocrx_word' id='word_1_1063' title='bbox 2081 5842 2310 5911; x_wconf 10' lang='lat' dir='ltr'>Armini»;</span> <span class='ocrx_word' id='word_1_1064' title='bbox 2330 5849 2496 5911; x_wconf 81' lang='grc' dir='ltr'>νεφῶν.</span> 
     </span>
    </p>
   </div>
   <div class='ocr_carea' id='block_1_132' title="bbox 2026 5901 3651 5982">
    <p class='ocr_par' dir='ltr' id='par_1_132' title="bbox 2026 5901 3651 5982">
     <span class='ocr_line' id='line_1_132' title="bbox 2026 5901 3651 5982; baseline -0.001 -27"><span class='ocrx_word' id='word_1_1065' title='bbox 2026 5907 2054 5982; x_wconf 61' lang='grc' dir='ltr'><strong>ξ</strong></span> <span class='ocrx_word' id='word_1_1066' title='bbox 2076 5908 2157 5980; x_wconf 62' lang='lat' dir='ltr'>Sic</span> <span class='ocrx_word' id='word_1_1067' title='bbox 2181 5909 2330 5982; x_wconf 51' lang='lat' dir='ltr'>Sari].</span> <span class='ocrx_word' id='word_1_1068' title='bbox 2347 5901 2705 5982; x_wconf 33' lang='lat' dir='ltr'>.ei‘inlerpre&#39;s.</span> <span class='ocrx_word' id='word_1_1069' title='bbox 2741 5908 2933 5982; x_wconf 57' lang='grc' dir='ltr'>Μοιιιῖη</span> <span class='ocrx_word' id='word_1_1070' title='bbox 2956 5911 3126 5982; x_wconf 40' lang='lat' dir='ltr'>{nu-Itis</span> <span class='ocrx_word' id='word_1_1071' title='bbox 3151 5909 3495 5982; x_wconf 58' lang='lat' dir='ltr'>pfmlgrmissis</span> <span class='ocrx_word' id='word_1_1072' title='bbox 3515 5927 3531 5982; x_wconf 54' lang='grc' dir='ltr'>ξ</span> <span class='ocrx_word' id='word_1_1073' title='bbox 3551 5901 3651 5980; x_wconf 76' lang='grc' dir='ltr'>Καὶ</span> 
     </span>
    </p>
   </div>
   <div class='ocr_carea' id='block_1_133' title="bbox 1963 5968 3637 6036">
    <p class='ocr_par' dir='ltr' id='par_1_133' title="bbox 1963 5968 3637 6036">
     <span class='ocr_line' id='line_1_133' title="bbox 1963 5968 3637 6036; baseline 0.004 -22"><span class='ocrx_word' id='word_1_1074' title='bbox 1963 5968 2016 6036; x_wconf 75' lang='grc' dir='ltr'>τί⁴</span> <span class='ocrx_word' id='word_1_1075' title='bbox 2244 5969 2317 6036; x_wconf 76' lang='grc' dir='ltr'>ότι</span> <span class='ocrx_word' id='word_1_1076' title='bbox 2342 5971 2379 6015; x_wconf 85' lang='grc' dir='ltr'>έ.</span> <span class='ocrx_word' id='word_1_1077' title='bbox 2483 5968 2736 6036; x_wconf 73' lang='grc' dir='ltr'>στοιχείων</span> <span class='ocrx_word' id='word_1_1078' title='bbox 2758 5985 2769 6031; x_wconf 90' lang='grc'>;</span> <span class='ocrx_word' id='word_1_1079' title='bbox 2789 5973 2902 6036; x_wconf 70' lang='grc' dir='ltr'>πρὸς</span> <span class='ocrx_word' id='word_1_1080' title='bbox 2922 5973 3006 6031; x_wconf 80' lang='grc' dir='ltr'>τήν</span> <span class='ocrx_word' id='word_1_1081' title='bbox 3033 5968 3201 6022; x_wconf 77' lang='grc' dir='ltr'>ἑαυτοῦ</span> <span class='ocrx_word' id='word_1_1082' title='bbox 3230 5972 3456 6020; x_wconf 75' lang='grc' dir='ltr'>σύστασιν</span> <span class='ocrx_word' id='word_1_1083' title='bbox 3482 5969 3569 6017; x_wconf 74' lang='grc' dir='ltr'>οὐκ</span> <span class='ocrx_word' id='word_1_1084' title='bbox 3588 5977 3637 6027; x_wconf 59' lang='grc' dir='ltr'>ἐν</span> 
     </span>
    </p>
   </div>
   <div class='ocr_carea' id='block_1_134' title="bbox 1969 6031 2746 6098">
    <p class='ocr_par' dir='ltr' id='par_1_134' title="bbox 1969 6031 2746 6098">
     <span class='ocr_line' id='line_1_134' title="bbox 1969 6031 2746 6098; baseline 0.031 -41"><span class='ocrx_word' id='word_1_1085' title='bbox 1969 6032 2111 6086; x_wconf 39' lang='grc' dir='ltr'>αὐτὸς</span> <span class='ocrx_word' id='word_1_1086' title='bbox 2146 6031 2387 6098; x_wconf 45' lang='grc' dir='ltr'>ἀρκέσειεν</span> <span class='ocrx_word' id='word_1_1087' title='bbox 2416 6032 2586 6097; x_wconf 73' lang='grc' dir='ltr'>ἐαυτῷ.</span> <span class='ocrx_word' id='word_1_1088' title='bbox 2615 6034 2746 6081; x_wconf 69' lang='lat' dir='ltr'>limr.</span> 
     </span>
    </p>
   </div>
  </div>
