3920 6224
295 372 388 428 117
1076 373 1133 430 S.
1170 372 1458 429 JOANNIS
1495 372 1992 430 CHRYSOSTOMI
2030 374 2352 431 ARCHIEP.
2393 377 2940 451 CONSTANTVINDP.

231 542 234 544 ν
292 492 387 546 καὶ
426 492 513 546 ἵνα
549 491 623 563 μὴ
654 493 819 546 πᾶσιν
848 491 1120 563 ἀφόρητος
1149 487 1206 564 ᾖ,
1242 491 1376 561 μηδέ
1401 491 1723 562 κατακαύσῃ
1765 490 1966 553 πάντα,

288 581 629 653 ψυχρότητος
656 581 829 634 δεῖται
857 580 1018 634 πάλιν
1054 580 1148 632 καὶ
1190 580 1581 650 δρόσου,Ὅταν
1614 577 1706 634 οὖν
1735 579 1830 633 καὶ
1868 595 1964 630 πε-

292 668 565 739 ριγίνηται
591 669 755 722 αὑτοῦ
782 670 1020 738 στοιχεῖα
1038 667 1220 738 ἕτερα,
1249 668 1342 722 καὶ
1364 670 1461 740 τὴν
1483 667 1768 722 ἀσθένειαν
1795 664 1960 719 αὐτοῦ

289 755 572 828 διορθῶται
608 756 985 828 (περιγίνεται
1022 756 1121 826 μὲν
1151 756 1227 820 ὡς
1254 757 1475 828 νεφέλαι
1520 757 1615 810 καὶ
1649 758 1838 827 τοῖχοι,
1872 754 1965 808 καὶ

289 842 425 896 ἀλλα
454 843 575 897 τινά
608 842 832 914 σώματα
855 843 1277 914 ἀποκρύπτοντα
1319 844 1484 899 αὑτοῦ
1518 845 1579 898 τὸ
1625 844 1772 914 φῶς’
1826 842 1959 913 διορι

290 929 477 984 θοῦται
500 931 557 985 δὲ
584 929 746 985 αὐτοῦ
775 928 874 1001 τὴν
903 930 1171 1002 ἀμετρίαν
1198 932 1275 997 ὡς
1302 933 1503 995 δρόσοι,
1530 931 1625 984 καὶ
1655 930 1851 1002 πηγαὶ,
1871 930 1965 982 καὶ

287 1018 565 1091 ψυχρότης
588 1018 794 1090 ἀέρος),
822 1017 940 1080 πῶς
964 1017 1031 1071 ἂν
1060 1011 1216 1082 οὗτος
1252 1021 1337 1088 εἴη
1357 1014 1525 1085 Θεός;
1564 1018 1665 1073 Τὸν
1693 1018 1801 1089 γὰρ
1832 1017 1964 1072 Θεὸν

288 1105 511 1176 ἀνενδεῆ
537 1102 675 1159 εἶναι
704 1106 832 1178 χρὴ,
856 1107 951 1159 κοιλ⁵
976 1106 1205 1177 μηδενὸς
1228 1106 1457 1171 δεῖσθαι,
1479 1107 1575 1160 καὶ
1603 1107 1767 1160 πᾶσιν
1790 1107 1966 1161 ἀπάν-

287 1209 394 1245 των
420 1191 590 1246 αἴτιον
617 1189 755 1247 εἶναι
783 1194 893 1249 τῶν
923 1194 1124 1258 καλῶν,
1158 1194 1253 1249 καὶ
1292 1194 1443 1267 παρά
1484 1194 1711 1266 μηδενὸς
1756 1193 1965 1248 κωλύε-

289 1281 450 1334 σθαι·
481 1281 732 1354 καθάπερ
780 1278 873 1336 οὖν
917 1283 1012 1337 καὶ
1050 1287 1180 1355 περὶ
1220 1281 1315 1336 τοῦ
1341 1282 1476 1336 Θεοῦ
1504 1298 1668 1354 φησιν
1697 1285 1726 1336 ό
1754 1282 1966 1347 Παῦλος

286 1368 379 1423 καὶ
406 1371 435 1423 6
464 1370 751 1442 προφήτης
791 1370 1040 1434 Ἡσαΐας,
1067 1372 1097 1423 6
1144 1370 1242 1440 μὲν
1291 1369 1435 1423 οῦτω
1479 1369 1654 1438 λέγων
1690 1372 1755 1423 ἐκ
1796 1387 1964 1442 προσ.

286 1455 438 1509 ὡπου
473 1456 659 1510 αὑτοῦ·
704 1458 815 1511 Τὸν
843 1456 1106 1524 οὐρανὸν
1134 1458 1234 1511 καὶ
1264 1456 1379 1526 τὴν
1418 1457 1537 1527 γῆν
1576 1457 1691 1527 ἐγὼ
1733 1457 1964 1526 πληρῶ,

286 1543 451 1613 λέγει
483 1546 697 1613 Κύριος
716 1561 729 1575 ⁸
767 1544 863 1599 καὶ
895 1545 1076 1599 πάλιν·
1116 1545 1264 1611 Θεὸς
1290 1544 1534 1615 ἐγητίζων
1556 1544 1670 1613 ἐγώ
1695 1547 1830 1615 εἰμι,
1867 1545 1967 1599 καὶ

286 1633 359 1685 οὐ
409 1632 554 1699 Θεὸς
586 1634 919 1703 πόρρωθεν·
958 1633 1052 1687 καὶ
1090 1633 1253 1688 πάλιν
1278 1635 1306 1686 6
1339 1634 1521 1687 Δαυῖδ’
1558 1631 1717 1687 Εἷπα
1744 1632 1826 1698 τῷ
1851 1637 1968 1687 Κυ-

282 1719 410 1787 ρίῳ·
433 1721 646 1789 Κύριός
660 1738 779 1788 μου
801 1716 863 1774 εἷ
877 1720 979 1785 σὺ,
1004 1720 1093 1775 ὅτι
1120 1721 1236 1776 τῶν
1258 1720 1496 1793 ἀγαθῶν
1518 1739 1636 1791 μου
1659 1724 1731 1775 οὺ
1755 1722 1969 1790 χρείαν

285 1807 465 1876 ἔχεις.
485 1810 542 1863 ὐ
569 1809 625 1862 δὲ
653 1808 863 1874 Παῦλος
893 1811 953 1863 τὸ
986 1811 1232 1875 ἀνενδεές
1278 1810 1444 1864 αὐτοῦ
1490 1810 1684 1881 δηλῶν,
1721 1813 1817 1864 καὶ
1859 1810 1967 1863 δει-

286 1897 418 1959 κνὺς
436 1897 517 1950 ὅτι
549 1897 834 1969 ἀμφότερα
857 1898 1031 1953 ταῦτα
1059 1899 1296 1969 μάλιστά
1322 1901 1437 1953 ἐστι
1466 1898 1623 1962 Θεοῦ,
1647 1898 1707 1951 τὸ
1738 1898 1968 1969 μηδενὸς

283 1981 513 2048 δεῖσθαι,
543 1986 639 2038 καὶ
684 1987 848 2040 πᾶσιν
896 1987 1059 2040 αὐτὸν
1094 1988 1310 2042 ἅπαντα
1352 1989 1631 2060 χορηγεῖν,
1656 1986 1800 2039 οὕτω
1846 1985 1964 2050 πώς

287 2087 452 2141 φησιν
471 2088 485 2101 ·
529 2073 582 2124 Ὁ
616 2074 760 2139 Θεὸς
790 2077 823 2127 ὁ
855 2074 1116 2141 ποιήσας
1142 2074 1250 2129 τὸν
1283 2075 1546 2143 οὐρανόν
1575 2075 1673 2128 καὶ
1703 2075 1817 2142 τὴν
1847 2074 1968 2143 γῆν

285 2157 383 2212 καὶ
416 2157 533 2227 τὴν
560 2160 906 2227 θάλασσαν,
949 2164 1021 2216 οὐ
1065 2162 1510 2232 προσδεόμενός
1548 2180 1706 2229 τινος
1759 2161 1962 2227 αὐτὸς,

284 2245 491 2313 διδοὺς
517 2246 669 2302 πᾶσι
702 2247 856 2317 ζωὴν
884 2250 983 2303 καὶ
1011 2250 1231 2316 πνοὴν,
1262 2251 1359 2304 καὶ
1390 2250 1462 2305 τὰ
1485 2249 1699 2305 πάντα.

355 2340 417 2388 ε’.
455 2336 610 2407 Ἐνῆν
634 2336 732 2407 μὲν
751 2335 843 2390 οῦν
861 2338 955 2391 καὶ
980 2338 1050 2391 τὰ
1087 2337 1254 2392 λοιπά
1298 2339 1539 2408 στοιχεῖα
1582 2337 1850 2401 ἐπελθεῖν,
1872 2337 1966 2392 τὸν

284 2421 539 2493 οὐρανὸν,
583 2423 675 2477 τὸν
708 2425 869 2495 ἀέρα,
914 2425 1013 2496 τὴν
1039 2426 1165 2495 γῆν,
1198 2424 1296 2495 τὴν
1323 2425 1613 2488 θάλατταν,
1658 2424 1753 2478 καὶ
1794 2424 1963 2490 δεῖξαι

284 2509 463 2563 αὐτῶν
499 2510 599 2582 τὴν
628 2511 933 2574 ἀσθένειαν,
968 2512 1064 2566 καὶ
1089 2512 1206 2576 πῶς
1225 2513 1455 2566 ἕκαστον
1479 2512 1574 2565 τοῦ
1611 2510 1836 2583 πλησίον
1859 2513 1966 2566 δεῖ·

284 2614 396 2665 ται,
432 2599 526 2652 καὶ
551 2598 743 2651 τούτου
773 2602 944 2671 χωρίς
970 2599 1268 2653 ἀπόλλυται
1302 2600 1399 2652 καὶ
1430 2599 1818 2671 διαφθείρεται.
1852 2599 1964 2653 Καὶ

283 2686 392 2757 γὰρ
432 2687 525 2739 καλ⁵
555 2688 588 2757 ἡ
625 2686 720 2757 γῆ,
753 2687 848 2740 ἐάν
884 2688 1224 2741 ἀπολίπωσιν
1256 2687 1424 2758 αὐτὴν
1458 2689 1511 2740 αἱ
1565 2688 1739 2758 πηγαὶ
1787 2688 1882 2742 καὶ
1928 2690 1961 2759 ἡ

284 2773 437 2844 παρά
466 2775 566 2844 τῆς
591 2773 860 2845 θαλάττης
891 2776 985 2827 καὶ¹
1010 2774 1120 2828 τῶν
1153 2774 1415 2845 ποταμῶν
1443 2775 1838 2847 ἐνσπειρομένη
1880 2793 1967 2831 νο-

282 2861 388 2926 τὶς,
416 2866 829 2935 καταφρυγεῖσα
850 2863 1059 2934 ταχέως
1092 2863 1418 2917 ἀπόλλυταιο
1458 2865 1554 2918 καὶ
1602 2865 1669 2918 τά
1712 2865 1877 2919 λοιπά
1909 2865 1966 2919 δέ

287 2952 527 3021 στοιχεῖα
573 2950 749 3005 ἄλλων
799 2952 1037 3020 δεῖταιι,
1070 2954 1166 3007 καὶ
1210 2953 1320 3026 ἀὴρ
1356 2952 1534 3025 ἡλίου,
1582 2952 1773 3025 ὥσπερ
1814 2954 1966 3024 ἥλιος

286 3037 448 3110 ἀέρος
469 3057 482 3070 ·
513 3039 630 3093 ἀλλ’
679 3041 768 3094 ἴνα
811 3041 886 3113 μὴ
934 3042 1272 3114 μακρότερον
1304 3044 1546 3116 ποιῶμεν
1570 3044 1663 3098 τὸν
1693 3044 1868 3112 λόγον,
1902 3047 1967 3099 ἐκ

286 3126 395 3180 τῶν
421 3127 727 3199 εἰρημένων
765 3130 954 3195 ἱκανὰς
982 3133 1094 3195 τοῖς
1128 3131 1473 3204 βουλομένοις
1505 3133 1760 3206 ἀφορμὰς
1786 3133 1967 3198 δόντες

287 3216 767 3288 ἀρκεσθησόμεθα.
792 3220 856 3273 Εἰ
878 3220 987 3291 γὰρ
1015 3222 1043 3272 6
1075 3219 1256 3292 πάσης
1281 3221 1384 3291 τῆς
1408 3222 1638 3285 κτίσεως
1659 3221 1968 3294 θαυμαστό-

285 3320 445 3374 τερος
470 3303 623 3374 ἥλιος
649 3305 823 3371 οὕτως
850 3306 1083 3378 ἀσθενὴς
1122 3306 1197 3361 ὣν
1225 3309 1321 3362 καὶ
1351 3309 1535 3381 ἐνδεὴς
1566 3307 1742 3380 ὤφθη,
1788 3310 1967 3381 πολλῷ

290 3391 488 3459 μᾶλλον
519 3393 590 3447 τὰ
617 3394 781 3449 λοιπὰ
811 3394 905 3448 τοῦ
940 3396 1146 3467 κόσμου
1181 3397 1320 3469 μέρη
1340 3414 1352 3425 ·
1386 3398 1523 3468 ὅπερ
1556 3392 1647 3451 οὖν
1676 3395 1828 3451 εἷπον
1852 3401 1967 3464 τοῖς

288 3479 596 3545 φιλοπόνοις
630 3484 811 3537 ἐκεῖνα
861 3484 984 3547 δοὺς
1031 3484 1459 3554 ἀναλέγεσθαιιδ,
1500 3486 1662 3550 αὐτὸς
1702 3486 1810 3539 ἀπὸ
1857 3485 1965 3541 τῶν

288 3567 520 3637 Γραφῶν
547 3569 676 3639 ὑμῖν
713 3569 1027 3642 διαλέξομαι
1060 3572 1243 3636 πάλιν,
1275 3573 1489 3637 δεικνὺς
1511 3575 1591 3627 ὅτι
1624 3575 1720 3645 οὐχ
1751 3576 1779 3628 6
1816 3575 1965 3646 ἣλιος

294 3655 473 3723 μόνος,
506 3656 644 3709 ἀλλά
691 3658 786 3710 καὶ
835 3658 981 3722 ἅπας
1022 3659 1261 3731 φθαρτός
1292 3662 1439 3715 ἐστιν
1479 3654 1634 3724 οὗτος
1671 3664 1700 3716 ό
1739 3663 1962 3734 κόσμος.

292 3741 463 3796 Ὅταν
491 3742 600 3815 γὰρ
623 3744 868 3815 ἀλλήλων
897 3745 1207 3800 ἀναλωτικά
1232 3748 1302 3800 τὰ
1327 3751 1566 3819 στοιχεῖα
1596 3744 1652 3821 ᾖ,
1681 3751 1774 3803 καὶ
1801 3752 1964 3806 κολά-

292 3828 361 3901 ζῃ
412 3830 510 3900 μὲν
550 3830 642 3884 τοῦ
694 3831 849 3902 ἡλίου
894 3834 994 3905 τὴν
1044 3833 1268 3906 δύναμιν
1299 3835 1574 3907 ψυχρότης
1613 3840 1963 3912 ἐπιγινομένη

291 3916 475 3982 πλέον,
504 3918 770 3993 ἀναλίσκῃ
799 3920 855 3973 δὲ
888 3920 1093 3992 ταύτην
1133 3922 1197 3975 τὸ
1230 3922 1429 3994 θερμὸν
1463 3924 1624 3978 πάλιν
1666 3928 1965 3999 ἐπικρατῆ-

294 4021 413 4071 σαν,
452 4006 548 4059 καὶ
593 4007 695 4071 τὰς
731 4008 975 4075 ἐναντίας
1022 4011 1312 4082 ποιότητάς
1350 4029 1411 4064 τε
1459 4014 1553 4067 καὶ
1598 4014 1867 4081 διαθέσεις
1906 4019 1964 4072 ἐν

293 4092 542 4165 ἀλλήλοις
570 4097 695 4168 ποιῇ
726 4097 820 4150 καὶ
846 4097 1029 4169 πάσχῃ
1061 4097 1132 4151 τά
1166 4102 1423 4169 στοιχεῖα,
1447 4099 1665 4170 εὔδηλον
1687 4105 1766 4157 ὅτι
1797 4106 1964 4174 μεγά-

293 4177 389 4252 λης
420 4183 626 4253 φθορᾶς
651 4184 826 4238 ταῦτα
855 4185 1150 4250 ἀπόδειξις,
1187 4186 1398 4241 καὶτοῦ
1434 4189 1591 4259 σῶμα
1623 4186 1762 4245 εἶναι
1787 4194 1964 4247 πάντα

293 4267 362 4322 τὰ
405 4269 679 4340 ὁρώμενα.
699 4271 835 4324 Ἀλλ’
872 4274 1203 4344 ἐπειδὴ,τῆς
1239 4274 1498 4345 ἀφελείας
1543 4278 1641 4347 τῆς
1689 4279 1966 4351 ἡμετέρας

293 4355 624 4429 ὑψηλότερος
661 4361 688 4412 6
718 4359 876 4429 λόγος
908 4352 1096 4427 οὗτος,
1114 4364 1246 4435 φέρε
1276 4364 1369 4417 ἐπὶ
1397 4363 1495 4435 τὴν
1528 4365 1782 4433 γλυκεῖαν
1822 4368 1966 4438 ὑμᾶς

292 4443 402 4496 τῶν
430 4443 659 4516 Γραφῶν
681 4448 978 4515 ἀγαγόντες
1004 4451 1204 4522 πηγὴν,
1225 4453 1325 4522 τὴν
1353 4451 1520 4522 ἀκοὴν
1544 4453 1573 4505 ὑ
1582 4452 1697 4522 μῶν
1723 4454 1968 4509 ἀναπαύ-

297 4548 498 4602 σωμεν.
529 4535 602 4587 Οὐ
644 4535 752 4609 γὰρ
785 4536 849 4607 δὴ
885 4537 1013 4608 περ)⁵
1041 4538 1270 4609 οὐρανοῦ
1322 4541 1417 4593 καὶ
1460 4539 1564 4611 γῆς
1614 4540 1758 4594 κατά
1803 4544 1967 4615 μέρος

296 4619 425 4690 ὑμῖν
449 4620 699 4693 ἐροῦμεν,
735 4622 870 4677 ἀλλά
896 4626 1025 4696 περὶ
1056 4625 1233 4696 πάσης
1266 4626 1399 4698 όμοῦ
1433 4630 1533 4698 τῆς
1559 4629 1786 4694 κτίσεως
1810 4631 1968 4686 τοῦτο

296 4706 429 4762 αὐτὸ
475 4709 568 4763 τὸν
608 4710 931 4765 Ἀπόστολον
955 4714 1086 4784 ἡμῖν
1112 4715 1547 4784 ἀποφαινόμενον
1576 4717 1841 4788 δείξομεν,
1874 4722 1968 4774 καὶ

297 4793 521 4865 λέγοντα
551 4798 739 4868 σαφῶς
766 4799 960 4865 οὕτως,
988 4801 1071 4855 ὅτι
1097 4803 1248 4855 πᾶσα
1275 4804 1308 4874 ἡ
1331 4803 1508 4864 κτίσις
1534 4803 1709 4878 φθορᾷ
1729 4807 1968 4862 δουλεύει

296 4881 411 4950 νῦν,
445 4886 540 4939 καὶ
566 4886 654 4940 διὰ
679 4888 733 4940 τί
766 4887 1027 4957 δουλεύει,
1060 4890 1155 4944 καὶ
1197 4890 1327 4943 πότε
1370 4892 1542 4962 αὐτῆς
1584 4894 1967 4969 ἀπαλλαγήσε-

295 4989 404 5038 ται,
439 4973 535 5028 καὶ
578 4977 659 5039 είς
700 4977 858 5031 ποίαν
904 4977 1268 5051 μεταϐήσεται
1313 4978 1485 5052 λῆξιν.
1525 4980 1704 5036 Εἰπὼν
1728 4984 1857 5056 γὰρ,
1885 4987 1967 5039 ὅτι

298 5063 420 5116 Οὐκ
439 5060 589 5137 [115]
611 5063 688 5130 ἇξ
693 5084 751 5120 ια
771 5065 844 5119 τὰ
857 5066 1175 5136 παθήματα
1188 5065 1294 5121 τοῦ
1308 5067 1427 5123 νῦν
1456 5072 1663 5140 καιροῦ
1691 5074 1839 5142 πρὸς
1855 5073 1971 5143 τὴν

177 5143 181 5148 ’
293 5149 648 5219 μέλλουσαν
674 5152 864 5218 δόξαν
887 5155 1418 5211 ἀποκαλύπτεσθαι
1450 5161 1539 5223 εἰς
1561 5156 1737 5228 ἡμᾶς,
1762 5163 1970 5234 ἐπήγα-

295 5253 389 5305 γεν
409 5254 422 5268 ·
467 5238 528 5296 Ἠ
548 5240 658 5310 γὰρ
688 5239 1138 5311 ἀποκαραδοκία
1176 5242 1288 5313 τῆς
1313 5245 1563 5313 κτίσεως
1592 5246 1709 5315 τὴν
1738 5249 1964 5304 ἀποκά-

293 5326 489 5396 λυψιν
528 5327 648 5385 τῶν
689 5330 837 5386 υἱῶν
860 5329 967 5384 τοῦ
997 5331 1144 5386 Θεοῦ
1171 5332 1586 5400 ἀπεκδέχεται.
1617 5333 1697 5403 Τῇ
1724 5338 1833 5406 γὰρ
1855 5354 1970 5407 μα-

297 5418 554 5484 ταιότητι
578 5418 616 5486 ἠ
637 5418 838 5484 κτίσις
856 5418 1122 5489 ὑπετάγη
1152 5421 1263 5489 οὐχ
1291 5419 1536 5485 ἑκοῦσα,
1556 5422 1714 5476 ἀλλὰ
1743 5423 1841 5481 διὰ
1864 5428 1969 5483 τὸν

295 5501 681 5567 ὑποτάξαντα
700 5506 793 5559 ἐπ’
808 5506 1109 5561 ἐλπίδι.⁶0
1128 5506 1184 5559 δὲ
1209 5506 1355 5576 λέγει
1376 5508 1615 5564 τοιοῦτόν
1638 5511 1752 5564 ἐστι
1767 5528 1781 5542 ο
1801 5512 1972 5586 Φθαρ-

296 5588 386 5661 τὴ,
415 5592 599 5661 φησὶν.
624 5595 658 5663 ἡ
678 5594 855 5657 κτίσις
883 5595 1101 5663 ἐγένετο
1118 5605 1165 5633 ε’
1185 5593 1342 5648 τοῦτο
1365 5596 1475 5666 γάρ
1506 5598 1622 5650 ἐστι
1648 5598 1731 5663 τὸ,
1755 5598 1835 5669 Τῇ
1853 5619 1970 5671 μα-

296 5677 559 5745 ταιότητι
582 5680 848 5750 ὑπετάγη
869 5700 882 5712 ·
911 5681 1125 5753 φθαρτὴ
1152 5683 1209 5736 δέ
1233 5683 1448 5751 ἐγένετο
1482 5684 1577 5739 τοῦ
1611 5685 1745 5740 Θεοῦ
1784 5688 1975 5742 κελεύ-

357 5801 385 5831 ⁸
408 5801 578 5850 Morel.
598 5800 758 5849 ἄλλων
781 5801 943 5851 δεῖται.
967 5803 1116 5854 Savil.
1132 5806 1348 5864 ἀλλήλων
1369 5808 1529 5858 δεῖται.
1554 5807 1681 5860 Infra
1700 5812 1847 5863 Savil.
1861 5814 1972 5862 θαυ-

299 5864 613 5927 μασιώτερος.

331 5975 336 5981 ,
358 5922 389 5964 δ
413 5922 616 5984 Aliquot
638 5936 753 5973 mss.
783 5923 892 5978 δοὺς
914 5924 1227 5983 ἐπιλέξασθαι.

357 5986 382 6016 ⁸
414 5984 517 6061 έλϋὶ
538 5988 567 6042 ἡ
593 5984 979 6063 nimiarum

3647 382 3751 435 118

2080 506 2273 556 σαντος
2299 493 2491 557 οὕτως.
2513 494 2793 548 Ἑκέλευσε
2824 493 2880 549 δὲ
2913 498 2940 549 6
2969 494 3101 560 Θεὸς
3138 494 3280 550 οῦτω
3309 496 3396 550 διά
3425 496 3484 550 τὸ
3513 497 3672 566 γένος
3710 502 3775 555 τὸ

2082 577 2379 651 ἡμέτερονσ
2411 582 2598 653 ἐπειδὴ
2646 581 2757 653 γὰρ
2796 582 3035 652 φθαρτὸν
3063 583 3264 655 ἤμελλε
3288 585 3509 656 τρέφειν
3554 584 3773 658 ἄνθρω-

2095 681 2216 729 πον,
2248 669 2340 722 καὶ
2377 670 2546 740 αὐτὴν
2578 671 2835 742 τοιαύτην
2860 666 2997 725 εἶναι
3024 671 3189 742 ἐχρῆν
3210 689 3225 704 ο
3248 672 3308 724 οὐ
3332 673 3440 744 γὰρ
3462 673 3526 745 δὴ
3550 673 3774 744 φθαρτὰ

2090 752 2318 823 σώματα
2366 756 2599 827 ἤμελλεν
2643 757 2906 828 ἀφθάρτῳ
2964 757 3331 811 ἐνδιαιτᾶσθαι
3391 760 3585 814 κτίσει.
3624 760 3774 813 Ἀλλ’

2086 839 2234 910 ὅμως
2267 844 2327 895 οὐ
2363 846 2511 913 μένει
2550 845 2795 913 τοιαύτη,
2845 846 3031 915 φησὶν,
3068 845 3202 899 ἀλλά
3238 845 3348 900 Καὶ
3376 846 3529 915 αὐτὴ
3568 848 3608 916 ἡ
3644 848 3773 902 κτί-

2086 945 2185 995 σις
2214 930 2758 1000 ἐλευθερωθήσεται
2783 932 2902 986 ἀπὸ
2924 932 3036 1001 τῆς
3061 932 3343 999 δουλείας
3370 933 3478 1003 τῆς
3501 934 3735 1004 φθορᾶς
3752 952 3770 967 ⁰

2084 1011 2203 1071 εἶτα
2234 1017 2408 1088 δηλῶν
2454 1021 2584 1074 πότε
2614 1020 2773 1074 τοῦτο
2819 1020 2972 1074 ἔσται
3019 1021 3113 1074 καὶ
3141 1020 3228 1074 διὰ
3256 1021 3427 1086 τίνας,
3460 1024 3770 1093 ἐπήγαγεν

2082 1107 2188 1170 Εἰς
2211 1107 2327 1174 τὴν
2355 1108 2709 1177 ἐλευθερίαν
2732 1106 2840 1176 τῆς
2862 1108 3050 1177 δόξης
3072 1107 3190 1162 τῶν
3211 1109 3438 1163 τέκνων
3454 1111 3564 1164 τοῦ
3590 1110 3770 1165 Θεοῦ.

2083 1194 2251 1248 Ὅταν
2280 1193 2389 1266 γὰρ
2417 1195 2760 1265 ἀναστῶμεν,
2802 1198 2956 1266 φησι,
2983 1197 3079 1250 καὶ
3103 1196 3356 1268 ἄφθαρτα
3378 1197 3634 1269 λάϐωμεν
3659 1197 3771 1251 σώ-

2083 1300 2250 1353 ματα,
2285 1283 2408 1335 τότε
2452 1283 2549 1337 καὶ
2592 1283 2687 1336 τοῦ
2739 1284 2968 1355 οὐρανοῦ
2998 1283 3058 1337 τὸ
3087 1283 3245 1354 σῶμα
3280 1286 3373 1338 καὶ
3401 1285 3498 1355 τῆς
3524 1287 3631 1355 γῆς
3672 1289 3770 1340 καί¹

2036 1444 2039 1448 _
2078 1373 2177 1442 τῆς
2199 1371 2432 1434 κτίσεως
2455 1371 2674 1444 ἀπάσης
2696 1371 2973 1444 ἄφθαρτον
2996 1373 3149 1425 ἔσται
3171 1372 3268 1425 καὶ
3289 1373 3394 1443 ἀκή
3405 1373 3769 1445 ρατον.⁰οταν

2076 1456 2169 1513 οῦν
2214 1459 2331 1534 ἴδῃς
2376 1459 2529 1530 ἥλιον
2574 1460 2885 1531 ἀνίσχοντα,
2915 1459 3195 1531 θαύμασον
3242 1460 3334 1512 τὸν
3383 1462 3764 1532 Δημιουργόν·

2076 1548 2203 1603 ὅταν
2237 1549 2352 1621 ἴδῃς
2384 1549 2547 1602 αὐτὸν
2575 1549 2949 1620 κρυπτόμενον
2997 1549 3092 1602 καὶ
3146 1547 3563 1619 ἀφανιζόμενον,
3594 1549 3765 1602 κατά-

2080 1636 2221 1707 μαθε
2259 1637 2359 1707 τῆς
2395 1635 2609 1704 φύσεως
2636 1634 2737 1708 τὴν
2764 1635 3071 1699 ἀσθένειαν,
3105 1636 3200 1689 καὶ
3248 1636 3324 1705 μὴ
3374 1636 3763 1707 προσκυνήσῃς

2077 1725 2239 1778 αὑτὸν
2270 1724 2342 1789 ὡς
2375 1721 2527 1776 Θεόν.
2563 1724 2661 1777 Διά
2687 1723 2794 1795 γὰρ
2820 1724 2977 1776 τοῦτο
3020 1725 3080 1775 οὺ
3132 1722 3291 1793 μόνον
3333 1725 3400 1794 τῇ
3450 1723 3610 1792 φύσει
3652 1724 3762 1776 τῶν

2079 1813 2358 1884 στοιχείων
2406 1812 2605 1881 δεῖγμα
2649 1811 2751 1881 τῆς
2796 1810 3081 1874 ἀσθενείας
3132 1809 3311 1864 αὐτῶν
3359 1809 3688 1879 ἐγκατέθετο
3733 1813 3762 1863 6

2078 1900 2232 1965 Θεὸς,
2262 1899 2397 1954 ἀλλά
2420 1901 2516 1953 καὶ
2544 1902 2654 1964 τοῖς
2684 1898 2847 1952 αὑτοῦ
2885 1898 3091 1961 δούλοις
3117 1897 3424 1969 ἀνθρώποις
3455 1894 3605 1952 οὖσιν
3640 1899 3763 1951 ἐπι-

2075 1988 2234 2053 τάξαι
2267 1990 2452 2051 αὐτοῖς
2477 1987 2789 2052 ἐκέλευσεν,
2825 1988 2914 2041 ἵνα
2942 1985 3045 2039 κᾶν
3079 1986 3187 2040 ἀπὸ
3210 1987 3308 2058 τῆς
3332 1986 3502 2056 ὅψεως
3528 1987 3602 2056 μὴ
3620 2002 3763 2053 γνω-

2081 2077 2236 2147 ρίσῃς
2271 2076 2451 2128 αὐτῶν
2496 2075 2594 2144 τὴν
2644 2074 2912 2136 δουλείαν,
2948 2074 3056 2128 ἀπὸ
3092 2074 3198 2127 τῶν
3233 2074 3628 2127 ἐπιταττόντων
3659 2073 3765 2143 μάο

2077 2162 2196 2233 (mg.
2220 2163 2302 2215 ὃτι
2331 2160 2593 2215 σύνδουλά
2616 2162 2698 2214 σοί
2721 2163 2836 2214 ἐστι
2856 2161 3029 2214 ταῦτα
3051 2161 3286 2216 ἅπαντα.
3305 2161 3362 2212 '0
3388 2159 3519 2228 γοῦν
3552 2158 3763 2229 Ἰησοῦς

2076 2252 2105 2302 6
2146 2248 2242 2302 τοῦ
2282 2250 2438 2320 Ναυῆ
2474 2265 2640 2319 φησι·
2676 2249 2880 2317 Στήτω
2910 2252 2943 2303 ὁ
2977 2249 3151 2317 ἣλιος
3179 2248 3330 2302 κατὰ
3355 2244 3627 2310 Γαϐαὼν,
3658 2246 3761 2300 καὶ

2074 2339 2113 2406 ὴ
2139 2335 2372 2405 σελήνη
2394 2338 2545 2391 κατὰ
2566 2337 2841 2406 φάραγγα
2870 2336 3131 2391 Αὶλὼνά.
3162 2337 3270 2388 Καὶ
3298 2334 3459 2388 πάλιν
3485 2336 3514 2387 ὁ
3546 2334 3763 2404 προφή-

2074 2442 2174 2495 της
2217 2425 2444 2486 Ἡσαΐας
2487 2425 2807 2479 ἀναποδίσαι
2850 2426 3014 2479 αὐτὸν
3048 2426 3137 2478 ἐπὶ
3170 2424 3266 2478 τοῦ
3306 2422 3569 2495 βασιλέως
3610 2421 3765 2485 Ἐζε-

2074 2514 2193 2566 κίου
2224 2513 2512 2583 πεποίηκε,
2544 2515 2637 2566 καὶ
2669 2515 2878 2583 Μωσῆς
2904 2513 3027 2585 ἀέρι
3061 2514 3154 2565 καὶ
3185 2513 3425 2585 θαλάττῃ
3448 2513 3543 2565 καὶ
3564 2511 3635 2581 γῇ
3658 2509 3761 2562 καὶ

2076 2600 2304 2670 πέτραις
2336 2600 2627 2665 ἐπέταξεν·
2675 2600 2978 2663 Ἐλισσαῖος
3008 2598 3214 2654 ὑδάτων
3242 2599 3401 2669 φύσιν
3439 2596 3755 2669 μετέὗαλεν,

2074 2690 2122 2742 οἱ
2149 2691 2295 2760 τρεῖς
2321 2689 2508 2751 παῖδες
2539 2688 2709 2760 πυρὸς
2736 2688 3132 2759 περιεγένοντο.
3148 2688 3312 2759 Ὁρᾷς
3337 2686 3456 2751 πῶς
3484 2686 3760 2760 ἐκατέρω-

2075 2777 2165 2832 θεν
2193 2776 2350 2848 ἡμῶν
2375 2777 2703 2848 προενόησεν
2743 2777 2772 2828 6
2817 2774 2969 2839 Θεὸς,
3000 2774 3090 2829 διὰ
3132 2775 3229 2846 μὲν
3265 2774 3360 2827 τοῦ
3391 2774 3618 2838 κάλλους
3643 2775 3756 2827 τῶν

2077 2864 2356 2935 στοιχείων
2403 2866 2482 2927 είς
2523 2865 2623 2934 τὴν
2655 2863 2820 2916 αὑτοῦ
2850 2862 3177 2933 θεογνωσίαν
3204 2864 3351 2934 ἡμᾶς
3379 2863 3547 2930 ἄγων,
3580 2862 3667 2915 διὰ
3696 2862 3758 2916 δέ

2073 2954 2169 3023 τῆς
2197 2950 2480 3016 ἀσθενείας
2505 2952 2605 3005 οὐκ
2627 2951 2808 3021 ἀφιεὶς
2831 2954 2908 3015 εἰς
2933 2952 3033 3022 τὴν
3056 2951 3280 3004 ἐκείνων
3307 2952 3634 3005 καταπεσεῖν
3659 2948 3759 3002 λα-

2073 3056 2298 3112 τρειαν;

2148 3136 2224 3194 ς’.
2243 3128 2414 3199 ’Υπὲρ
2432 3127 2496 3199 δὴ
2526 3127 2732 3181 τούτων
2760 3128 3017 3183 ἁπάντων
3044 3126 3355 3197 δοξάσωμεν
3371 3127 3532 3180 αὑτὸν
3546 3127 3637 3180 τὸν
3647 3143 3754 3196 κη-

2074 3216 2273 3286 δεμόνα
2294 3215 2471 3286 ἡμῶν,
2501 3215 2575 3287 μὴ
2598 3214 2687 3269 διὰ
2718 3217 2980 3287 ῥημάτων
3013 3214 3193 3285 μόνον.
3225 3213 3361 3268 ἀλλά
3389 3214 3483 3267 καὶ
3505 3212 3592 3266 διὰ
3614 3230 3756 3280 7196-

2075 3305 2321 3374 γμάτων,
2353 3305 2448 3357 καὶ
2477 3303 2752 3356 πολιτείαν
2775 3304 3007 3374 ἀρίστην
3036 3302 3451 3373 ἐπιδειξὼμεθα,
3473 3302 3572 3371 τήν
3592 3300 3755 3353 1’6).-

2074 3391 2173 3461 λην
2220 3393 2314 3444 καὶ
2342 3392 2440 3462 τὴν
2470 3392 2599 3461 περὶ
2624 3393 2753 3455 τοὺς
2785 3391 2979 3462 ὅρκους
3004 3391 3332 3460 ἐγκράτειαν
3357 3389 3518 3458 λέγω.
3550 3388 3623 3440 Οὐ
3643 3387 3756 3458 γὰρ

2074 3479 2138 3550 δὴ
2167 3481 2273 3532 πᾶν
2302 3480 2606 3550 ἁμάρτημα
2628 3480 2727 3550 τὴν
2755 3480 2926 3550 αὐτὴν
2961 3478 3117 3549 φέρει
3140 3478 3381 3539 κόλασιν,
3407 3475 3543 3529 ἀλλά
3566 3475 3634 3528 τὰ
3658 3476 3754 3529 εὐ-

2079 3566 2401 3640 κατόρθωτα
2430 3566 2656 3637 μείζονα
2683 3568 2813 3639 ἡμῖν
2836 3568 3030 3635 ἐπάγει
3051 3566 3150 3637 τὴν
3170 3552 3444 3636 τιμωρίαν
3463 3580 3477 3595 ο
3502 3563 3637 3633 ὅπερ
3657 3559 3759 3617 οὖν

2075 3656 2216 3708 καὶὸ
2239 3653 2489 3725 Σολομὼν
2521 3656 2889 3724 αἰνιττόμενος
2918 3653 3121 3723 ἐλεγεν-
3145 3656 3226 3707 Οὐ
3249 3650 3621 3721 θαυμαστὸν,
3644 3651 3756 3705 ἐὰν

2073 3742 2202 3808 ἁλῷ
2235 3760 2325 3809 τις
2352 3741 2660 3796 κλέπτωνη
2690 3739 2936 3795 κλέπτει
2969 3742 3079 3811 γὰρ
3120 3742 3221 3795 ἵνα
3254 3741 3368 3808 τὴν
3394 3738 3605 3808 ψυχὴν
3647 3738 3757 3791 αὺ-

2072 3830 2180 3883 τοῦ
2225 3829 2510 3899 ἐμπλήσῃ
2562 3827 2903 3886 πεινῶσαν’
2962 3833 2995 3884 ό
3047 3829 3116 3883 δὲ
3153 3830 3367 3899 μοιχὸς
3420 3826 3494 3879 δι’
3517 3825 3757 3880 ἔνδειαν

2074 3916 2310 3986 φρενῶν
2357 3916 2663 3972 ἀπώλειαν
2688 3915 2764 3985 τῇ
2796 3917 3013 3972 ἑαυτοῦ
3056 3915 3230 3987 ψυχῇ
3275 3914 3756 3984 περιποιεῖται.”0

2072 4006 2130 4058 δέ
2172 4005 2318 4074 λέγει
2365 4004 2602 4058 τοιοῦτόν
2647 4005 2763 4057 ἐστι
2782 4021 2796 4036 ’
2824 4004 3004 4060 Δεινὸν
3038 4005 3137 4076 μὲν
3167 4007 3262 4059 καὶ
3289 4008 3318 4058 6
3347 4003 3606 4073 κλέπτης,
3636 4001 3753 4055 ἀλλ’

2072 4092 2171 4162 οὐχ
2213 4091 2354 4144 οὕτω
2387 4091 2558 4144 δεινὸν
2601 4092 2674 4156 ὼς
2714 4095 2743 4145 6
2792 4083 3012 4162 μοιχός·
3046 4096 3250 4155 ἐκεῖνος
3288 4091 3387 4162 μὲν
3430 4091 3538 4161 γὰρ
3572 4091 3621 4142 εἰ
3658 4087 3751 4142 καὶ

2072 4178 2287 4252 ψυχράν
2307 4179 2505 4243 αἰτίαν,
2533 4178 2647 4232 ἀλλ’
2671 4177 2821 4250 ὅμως
2849 4179 2963 4249 ἔχει
2993 4178 3362 4251 προϐαλέσθαι
3390 4182 3489 4249 τὴν
3514 4178 3623 4230 ἀπὸ
3654 4176 3755 4246 τῆς

2074 4268 2265 4330 πενίας
2298 4268 2563 4336 ἀνάγκην
2592 4260 2744 4330 οὗτος
2767 4266 2846 4333 δὲ,
2869 4268 3125 4339 οὐδεμιᾶς
3160 4267 3406 4337 ἀνάγκης
3435 4265 3597 4320 αὑτὸν
3633 4264 3754 4335 βια-

2075 4351 2327 4425 ζομένης,
2354 4355 2457 4408 ὑπὸ
2500 4354 2685 4419 ἀνοίας
2731 4354 2898 4425 μόνης
2926 4355 3003 4418 εἰς
3031 4354 3092 4407 τὸ
3121 4354 3392 4426 βάραθρον
3418 4351 3752 4406 καταπίπτει

2075 4442 2179 4512 τῆς
2208 4442 2509 4514 ἁμαρτίας.
2540 4442 2711 4495 Τοῦτο
2748 4443 2844 4496 καὶ
2877 4442 2971 4494 ἐπὶ
3004 4441 3115 4496 τῶν
3162 4441 3464 4513 ὀμνυόντων
3496 4437 3643 4490 ἔστιν
3677 4437 3753 4488 εί-

2075 4532 2198 4583 πεῖν
2217 4548 2233 4563 ο
2254 4530 2375 4584 ούδέ
2399 4530 2506 4602 γὰρ
2532 4524 2678 4584 οὗτοί
2701 4548 2824 4584 τινα
2851 4531 3124 4602 πρόφασιν
3147 4528 3330 4599 έχουσι
3360 4523 3749 4599 προϐαλέσθαι,
3814 4582 3821 4585 _

2075 4617 2214 4671 ἀλλά
2242 4619 2649 4690 καταφρόνησιν
2682 4616 2833 4691 [114]
2888 4617 3070 4689 μόνον.
3115 4618 3228 4671 Καὶ
3275 4611 3393 4668 οἶδα
3421 4614 3519 4685 μὲν
3549 4613 3630 4666 ὅτι
3658 4612 3758 4663 ἐπ-

2076 4705 2250 4776 αχθὴς
2276 4704 2413 4760 εἶναι
2457 4705 2598 4760 δοκῶ
2624 4705 2811 4761 λοιπὸν
2842 4706 2938 4759 καὶ
2969 4704 3244 4777 φορτικὸς,
3267 4705 3335 4776 τῇ
3372 4698 3624 4772 συνεχείᾳ
3651 4696 3755 4767 τῆς

2077 4793 2452 4864 παραινέσεως
2478 4793 2650 4846 δοκῶν
2687 4793 2944 4864 ἐνοχλεῖν,
2972 4793 3088 4847 ἀλλ’
3117 4794 3267 4864 ὅμως
3295 4795 3396 4846 οὐκ
3420 4791 3747 4861 ἀφίσταμαι,

2075 4880 2164 4934 ἵνα
2204 4880 2309 4935 κάν
2354 4880 2452 4952 τὴν
2483 4881 2866 4952 ἀναισχυντίαν
2896 4881 3237 4946 αἰδεσθέντες
3265 4881 3362 4952 τὴν
3408 4879 3569 4950 ἐμὴν,
3610 4878 3748 4930 ἀπο-

2078 4970 2239 5037 στῆτε
2264 4967 2364 5037 τῆς
2388 4985 2523 5038 πονη
2534 4971 2631 5040 ρᾶς
2657 4968 2767 5022 τῶν
2793 4971 2972 5042 ὅρκων
2998 4969 3304 5040 συνηθείας.
3333 4969 3395 5021 Εἰ
3418 4968 3527 5039 γὰρ
3551 4969 3581 5019 6
3603 4958 3753 5020 δικα-

2078 5057 2209 5128 στὴς
2236 5056 2444 5119 ἐκεῖνος
2467 5058 2495 5109 ὁ
2522 5057 2740 5127 ἀπηνὴς
2768 5058 2863 5111 καὶ
2895 5057 3066 5128 ὠμὸς,
3100 5058 3274 5129 χήρας
3305 5056 3584 5126 ἐνόχλησιν
3608 5055 3752 5111 αἰδε-

2078 5144 2226 5208 σθεὶς
2248 5144 2341 5197 τὸν
2375 5144 2574 5214 τρόπον
2611 5144 2893 5214 μετέϐαλε,
2919 5143 3100 5216 πολλῷ
3143 5144 3343 5215 μᾶλλον
3392 5145 3548 5214 ὑμεῖς
3590 5141 3752 5196 τοῦτο

2076 5232 2406 5304 ἐργάσασθε,
2434 5233 2530 5287 καὶ
2569 5232 2802 5303 μάλιστα
2840 5234 2971 5286 ὅταν
3018 5235 3047 5286 6
3096 5231 3427 5304 παρακαλῶν
3479 5232 3625 5301 ὑμᾶς
3670 5232 3748 5302 μὴ

2077 5321 2218 5394 ὑπὲρ
2248 5321 2465 5385 ἐαυτοῦ,
2496 5320 2611 5374 ἀλλ’
2634 5320 2776 5391 ὑπὲρ
2815 5321 2916 5389 τῆς
2948 5321 3221 5392 ὑμετέρας
3251 5318 3410 5373 τοῦτο
3435 5321 3562 5388 ποιῇ
3581 5328 3605 5357 ο
3637 5335 3748 5371 σω·

2076 5410 2271 5481 τηρίας
2292 5428 2306 5441 ο
2341 5409 2541 5480 μᾶλλον
2573 5408 2629 5461 δὲ
2661 5408 2755 5461 καὶ
2790 5407 2931 5478 ὑπὲρ
2981 5408 3222 5478 ἐμαυτοῦ
3251 5407 3351 5460 οὐκ
3382 5407 3448 5460 ἂν
3487 5407 3749 5477 ἀρνησαί-

2081 5516 2187 5569 μην
2210 5497 2367 5551 τοῦτο
2396 5499 2567 5550 ποιεῖν
2584 5513 2598 5527 ·
2625 5496 2693 5549 τὰ
2720 5495 2826 5563 γὰρ
2857 5494 3100 5566 ὑμέτερα
3130 5494 3310 5563 ἀγαθά
3336 5492 3573 5565 ἐμαυτοῦ
3594 5495 3747 5564 νομί-

2078 5587 2156 5651 ζω
2178 5580 2318 5639 εἶναι
2347 5582 2759 5656 κατορθώματα.
2779 5582 3109 5652 Ἐϐουλόμην
3131 5582 3187 5635 δὲ
3215 5583 3378 5653 ὑμᾶς,
3413 5580 3600 5653 ὥσπερ
3636 5581 3749 5650 ἐγὼ

2080 5672 2174 5727 νῦν
2220 5673 2367 5726 πονῶ
2397 5673 2490 5725 καὶ
2519 5673 2784 5741 κόπτομαι
2832 5671 2960 5741 περὶ
3002 5670 3102 5740 τῆς
3147 5670 3415 5740 ὑμετέρας
3449 5670 3742 5741 σωτηρίας,

2124 5811 2170 5851 ﬁ
2194 5812 2382 5921 Mog-1.0%.,
2402 5813 2574 5872 Αἶλών,
2615 5825 2742 5862 unus
2773 5812 2930 5862 codex
2967 5811 3150 5875 Αἷλώμ.
3193 5812 3345 5863 Smil.
3388 5806 3561 5873 Ἐλάμ,
3600 5816 3656 5861 et
3693 5814 3744 5862 in

2129 5888 2231 5921 are.
2310 5911 2321 5921 ι
2354 5891 2446 5921 ωυ..

2078 5877 2535 5993 ωθθΐῗυίἓέίῒιμῶεε.
2562 5936 2763 5984 ποιοῖτο.
2789 5937 2917 5986 Infra
2951 5935 3099 5987 Savil.
3128 5940 3180 5984 el
3200 5935 3393 5997 quidam
3424 5948 3538 5983 mss.
3564 5934 3741 5985 κόπτο-

2082 6013 2163 6060 μαι
2186 5998 2301 6053 ὑπὲρ
2323 6004 2404 6057 τῆς
2426 6000 2584 6059 ἡμετ.,
2613 6005 2664 6048 el
2683 6012 2799 6048 mox
2825 6000 2973 6051 iidem
2996 5999 3244 6065 φροντίζειν
3268 5998 3383 6063 ὑπὲρ
3406 6002 3488 6057 τῆς
3512 6002 3649 6065 ὖμετ.
