3920 6224
256 289 360 344 Ii?

254 411 363 457 test
391 422 404 458 :
432 410 486 458 et
528 418 597 459 ne
633 405 881 461 omnibus
911 405 981 461 sit
1018 407 1383 477 intolerabilis,
1443 429 1613 483 neque
1651 424 1839 468 cuncta

253 495 556 562 comburat,
590 495 877 566 frigiditate
905 514 1092 554 rursus
1119 510 1242 570 eget
1261 516 1323 556 ac
1347 518 1489 558 rore.
1514 507 1644 559 Cum
1673 509 1844 574 ipsum

257 586 423 655 igitur
450 586 649 656 reliqua
670 588 884 643 vincant
906 591 1188 655 elementa,
1218 601 1272 647 et
1295 592 1460 662 ipsius
1483 597 1843 665 impotentiam

256 680 585 735 cmendent:
614 681 832 737 vincunt
855 683 1091 752 quidem,
1123 685 1261 740 sicut
1288 688 1477 750 nubes,
1520 698 1574 743 et
1604 689 1763 756 mttri,
1789 698 1845 744 et

254 772 358 825 ala
377 772 619 842 quaedam
647 789 871 843 corpora
900 776 1066 845 ipsius
1085 778 1258 833 lucem
1283 781 1659 837 abscondentia
1688 800 1701 836 :
1728 797 1847 838 cor-

253 867 438 933 rigant
460 877 638 922 autem
679 868 846 936 ipsius
880 868 1367 940 intemperantiam,
1414 876 1554 931 sicut
1582 891 1754 943 rores,
1787 887 1843 932 et

255 961 451 1023 fontes,
481 972 536 1018 et
563 965 704 1019 aeris
731 964 1011 1035 frigiditas,
1032 969 1300 1037 quomodo
1329 969 1417 1025 hic
1442 971 1581 1026 Deus
1606 986 1726 1027 esse
1746 987 1843 1042 po-

254 1056 400 1108 test?
431 1055 598 1110 Deum
639 1057 781 1111 enim
822 1072 926 1113 non
972 1059 1208 1129 indigere
1247 1063 1603 1117 necessarium
1644 1072 1746 1130 est,
1788 1072 1841 1119 et

257 1145 409 1200 nulla
458 1161 518 1201 re
563 1161 697 1217 opus
732 1148 947 1214 habere,
969 1158 1024 1204 et
1047 1151 1283 1205 omnium
1314 1153 1558 1208 omnibus
1583 1154 1839 1209 bonorum

252 1252 376 1291 esse
406 1249 696 1303 auctorem,
735 1248 790 1294 et
829 1255 859 1293 a
889 1241 1103 1296 nemine
1141 1242 1431 1311 prohiberi,
1475 1245 1611 1297 sicut
1639 1245 1842 1299 scilicet

251 1329 329 1384 de
345 1330 453 1385 Deo
467 1330 544 1384 ait
562 1331 755 1385 Paulus
781 1340 836 1386 et
859 1333 1117 1404 propheta
1132 1333 1409 1397 Jeremias,
1434 1335 1521 1389 hic
1538 1336 1750 1406 quidem
1770 1352 1840 1391 ex

253 1422 423 1491 ipsius
448 1437 695 1490 persona,
742 1423 963 1478 dicens:
995 1426 1183 1481 Caelum
1219 1434 1265 1480 et
1292 1435 1475 1481 terram
1516 1443 1606 1498 ego
1634 1428 1837 1496 impleo,

251 1513 327 1565 ait
354 1511 602 1566 Dominus
625 1511 751 1583 (Jer.
773 1513 1008 1586 25.24);
1039 1523 1094 1568 et
1132 1527 1342 1571 rursum
1367 1534 1382 1572 :
1408 1516 1540 1571 Deus
1560 1520 1840 1587 appropin-

251 1620 417 1672 quans
443 1621 533 1673 ego
562 1621 694 1671 sum,
714 1614 760 1657 et
788 1622 887 1659 non
917 1604 1050 1659 Deus
1071 1607 1267 1677 alonge
1295 1606 1476 1679 (Ib.v.
1503 1608 1595 1681 25)
1616 1626 1634 1663 :
1657 1619 1841 1664 etrur-

250 1710 346 1749 sus
370 1695 564 1749 David:
594 1694 716 1748 Dixi
735 1694 973 1761 Domino,
1004 1697 1141 1751 Deus
1162 1714 1298 1752 meus
1324 1715 1375 1752 es
1400 1710 1473 1762 tu,
1495 1701 1732 1769 quoniam
1754 1701 1841 1755 bo-

252 1800 436 1837 norum
464 1802 685 1838 meorum
727 1802 828 1840 non
858 1803 970 1857 eges
1000 1786 1168 1859 (Psal.
1203 1790 1293 1844 i5.
1324 1788 1402 1861 2).
1432 1790 1625 1845 Paulus
1661 1801 1837 1847 autem

250 1875 423 1944 ipsius
472 1876 678 1946 copiam
717 1878 915 1933 nullius
965 1880 1286 1950 indigentem
1339 1881 1737 1948 demonstrans,
1784 1894 1841 1940 et

250 1968 539 2023 ostendens
558 1968 672 2024 inec
694 1971 851 2025 ambo
875 1973 1111 2026 maxime
1134 1973 1227 2028 Dei
1248 1988 1385 2040 esse,
1409 1976 1554 2029 nullo
1580 1976 1833 2046 indigere,

249 2068 307 2113 et
335 2061 584 2114 omnibus
620 2062 798 2116 omnia
842 2064 1267 2131 subministrare,
1313 2049 1392 2121 sic
1431 2066 1599 2136 inquit
1641 2085 1654 2121 :
1702 2069 1838 2123 Deus

249 2149 339 2216 qui
379 2151 497 2221 fecit
523 2151 703 2205 cwlum
732 2162 779 2206 et
816 2161 1000 2207 terram
1051 2165 1097 2209 et
1139 2172 1299 2222 mare,
1344 2157 1534 2212 nullius
1567 2159 1795 2229 indigens
1818 2201 1833 2224 ,

248 2244 359 2312 ipse
386 2243 538 2296 vitam
568 2245 796 2300 omnibus
848 2247 1105 2317 prtebens,
1155 2259 1203 2303 et
1253 2251 1526 2321 spiritum,
1578 2262 1624 2305 et
1667 2254 1837 2306 omnia

249 2332 387 2407 (Act.
435 2336 521 2389 Π.
561 2336 652 2391 24.
681 2337 796 2408 23).

326 2423 378 2479 5.
419 2423 641 2481 Licebat
682 2427 892 2497 quidem
942 2436 996 2484 et
1039 2430 1144 2485 alia
1194 2446 1507 2502 percurrere
1548 2434 1832 2499 elementa,

245 2516 461 2584 omium,
493 2533 693 2585 aerem,
730 2530 949 2587 terram,
980 2538 1149 2588 mare,
1180 2533 1237 2578 et
1281 2524 1515 2593 ipsorum
1549 2526 1832 2582 imbecilli-

248 2619 409 2664 tatem
455 2611 846 2681 dem0nstrare,
889 2626 944 2669 et
982 2616 1250 2685 quomodo
1300 2619 1543 2687 proximo
1586 2620 1834 2689 quodque

247 2701 473 2772 indiget,
522 2712 579 2758 et
623 2705 739 2759 sine
778 2705 879 2761 hoc
922 2708 1062 2776 perit
1108 2716 1163 2762 et
1202 2710 1579 2777 corrumpitur.
1622 2711 1830 2765 Etenim

246 2803 410 2859 terra,
431 2796 475 2850 si
491 2795 739 2852 deﬁciant
758 2814 874 2853 eam
900 2799 1096 2867 fontes,
1120 2810 1175 2857 et
1195 2801 1479 2857 humiditas
1504 2811 1616 2857 tum
1643 2818 1671 2855 a
1698 2806 1831 2858 mari

246 2896 362 2942 tum
393 2904 420 2941 a
449 2888 623 2943 fluviis
652 2890 846 2956 infusa,
872 2901 1009 2947 tosta
1046 2893 1193 2947 brevi
1219 2893 1554 2963 disperdetur
1579 2911 1593 2948 :
1617 2903 1673 2950 et
1709 2896 1831 2950 reli-

246 2994 354 3049 qua
395 2994 524 3034 vero
568 2981 829 3037 elementa
874 2983 1042 3039 altero
1082 2986 1323 3040 alterum
1349 2986 1603 3056 indigent,
1657 2995 1712 3042 et
1739 3002 1833 3041 aer

245 3073 381 3135 sole,
406 3073 543 3127 sicut
571 3074 649 3128 sol
679 3090 803 3130 aere
827 3093 840 3129 :
870 3076 963 3130 sed
989 3092 1057 3131 ne
1076 3078 1415 3146 prolixiorem
1438 3078 1689 3133 faciamus
1717 3094 1831 3135 ser-

247 3178 484 3228 monem,
526 3180 591 3218 ex
617 3165 772 3220 dictis
818 3166 1010 3221 multas
1047 3169 1354 3225 volentibus
1394 3170 1702 3225 occasiones
1730 3170 1830 3226 de-

246 3255 392 3309 disse
424 3257 552 3309 satis
580 3256 756 3309 fuerit.
789 3256 844 3311 Si
871 3257 1013 3311 enim
1041 3259 1182 3312 omni
1210 3268 1453 3314 creatura
1492 3262 1569 3315 sol
1601 3261 1827 3315 admira-

245 3344 406 3400 bilior
479 3356 585 3401 tam
631 3348 909 3403 imbecillis
964 3359 1020 3405 et
1065 3351 1221 3420 in0ps
1276 3367 1395 3407 esse
1430 3352 1539 3423 jam
1589 3363 1826 3423 apparet,

245 3435 422 3490 multo
450 3437 618 3507 magis
644 3438 762 3492 alite
784 3439 964 3495 mundi
995 3450 1173 3507 partes
1199 3461 1212 3497 :
1236 3443 1378 3512 quod
1403 3458 1470 3499 eo
1506 3443 1636 3508 dixi,
1666 3453 1724 3499 ut
1748 3444 1830 3498 la-

246 3527 474 3581 boriosis
505 3529 591 3582 illa
610 3530 901 3598 praeberem
931 3532 1229 3601 colligenda
1269 3552 1281 3588 :
1312 3537 1425 3604 ipse
1449 3534 1518 3589 de
1542 3536 1829 3605 Scripturis

248 3618 440 3672 iterum
470 3620 625 3674 vobis
649 3620 927 3688 disseram,
960 3622 1354 3690 demonstrans,
1386 3641 1491 3681 non
1533 3626 1699 3680 solem
1723 3635 1832 3680 tan-

246 3716 380 3769 tum,
411 3708 504 3762 sed
535 3721 588 3763 et
615 3719 782 3765 totum
818 3712 1073 3767 mundum
1099 3715 1494 3784 corruptibilem
1521 3732 1659 3771 esse.
1697 3716 1827 3773 Cum

245 3801 388 3855 enim
424 3801 687 3857 elementa
730 3819 851 3859 sese
877 3815 1062 3860 mutuo
1088 3815 1424 3873 consumant,
1457 3818 1513 3863 et
1552 3809 1681 3863 solis
1705 3810 1828 3879 qui-

245 3891 367 3946 dem
386 3895 678 3963 potentiam
703 3898 1083 3965 superveniens
1104 3898 1274 3967 major
1300 3899 1555 3968 frigiditas
1584 3898 1826 3971 castiget,

246 3983 386 4038 banc
412 3995 592 4040 autem
619 3987 851 4041 vicissim
894 3989 1041 4043 calor
1079 3988 1408 4045 invalescens
1441 4003 1737 4056 consumat,
1775 4002 1829 4047 et

244 4080 538 4130 contrarias
556 4079 834 4146 qualitates
854 4088 906 4134 et
925 4079 1300 4150 dispositiones
1319 4083 1544 4139 alterum
1578 4085 1628 4138 in
1659 4086 1828 4141 altero

243 4164 440 4219 iaciant
479 4175 534 4221 et
559 4168 826 4237 patiantur
861 4171 1124 4227 elementa
1163 4189 1177 4226 :
1209 4181 1414 4229 certum
1443 4184 1526 4231 est
1562 4175 1677 4231 haec
1707 4192 1826 4231 ma-

243 4270 361 4326 gnte
411 4260 767 4327 corruptionis
818 4275 1186 4332 argumentum
1227 4266 1483 4335 praebere,
1529 4276 1584 4321 et
1634 4284 1827 4337 corpus

244 4362 365 4403 esse
389 4365 735 4421 quaecumque
754 4351 1019 4408 videntur.
1050 4354 1152 4411 Sed
1180 4357 1427 4426 quoniam
1452 4358 1704 4413 tenuitate
1733 4374 1828 4414 no-

243 4453 355 4497 stra
381 4444 540 4498 altior
566 4443 655 4500 hic
682 4455 764 4501 est
789 4461 985 4512 sermo,
1019 4463 1115 4518 age
1143 4448 1210 4503 ad
1237 4450 1443 4505 dulcem
1467 4465 1560 4505 vos
1590 4452 1827 4522 Scriptu-

243 4552 425 4591 rarum
471 4536 670 4592 fontem
713 4549 955 4608 agentes,
998 4555 1155 4596 aures
1209 4553 1416 4598 vestras
1472 4544 1818 4599 mulceamus.

241 4626 360 4682 Non
392 4627 533 4682 enim
559 4629 625 4683 de
644 4630 777 4684 emlo
797 4639 851 4684 et
874 4640 1013 4685 terra
1041 4632 1345 4702 singillatim
1384 4634 1536 4688 vobis
1560 4634 1821 4700 dicemus,

241 4717 341 4772 sed
361 4717 431 4773 de
455 4719 597 4773 omni
624 4720 823 4790 pariter
846 4729 1086 4776 creatura
1110 4721 1209 4777 hoe
1233 4723 1405 4791 ipsum
1433 4725 1582 4779 vobis
1602 4725 1826 4786 demon-

240 4818 498 4865 strantem
514 4813 826 4880 Apostolum
840 4815 1212 4880 ostendemus,
1229 4816 1409 4884 sicque
1435 4816 1712 4871 manifeste
1738 4817 1824 4871 di-

242 4911 481 4964 centem,
519 4902 658 4973 quod
688 4905 861 4957 omnis
899 4914 1143 4959 creatura
1172 4909 1498 4977 corruptioni
1539 4924 1681 4963 nunc
1709 4925 1824 4967 ser-

239 4994 369 5059 viat,
412 5001 468 5048 et
508 5009 671 5064 quare
711 4994 928 5059 serviat,
971 5005 1025 5051 et
1057 4998 1271 5067 quando
1309 4999 1617 5065 mutabitur,
1672 5011 1728 5057 et
1771 5003 1821 5057 in

238 5084 453 5151 qualem
478 5084 727 5139 transibit
758 5085 1138 5141 conditionem.
1170 5089 1454 5159 Postquam
1482 5092 1624 5145 enim
1651 5092 1783 5146 dixit
1806 5110 1819 5144 :

242 5175 366 5229 Non
389 5187 507 5229 sunt
531 5177 795 5247 condigna
814 5179 1072 5246 passiones
1099 5182 1356 5249 praesentis
1386 5185 1620 5253 temporis
1644 5185 1712 5236 ad
1737 5188 1823 5254 fu-

235 5279 408 5320 turam
439 5268 656 5338 gloriam
681 5285 793 5340 qua
827 5270 1129 5324 revelabitur
1164 5273 1219 5325 in
1246 5274 1408 5335 nobis,
1436 5275 1652 5330 intulit:
1684 5276 1823 5330 Nam

238 5360 547 5428 exspectatio
566 5371 811 5415 creatura:
830 5362 1178 5416 reuelationem
1201 5363 1423 5429 ﬁliorum
1445 5364 1536 5419 Dei
1546 5376 1824 5435 exspectat.

246 5448 479 5527 Vanitati
515 5452 648 5505 enim
687 5462 918 5506 creatura
959 5454 1181 5527 subjecta
1219 5464 1311 5519 est,
1356 5473 1458 5509 non
1495 5470 1691 5527 sponte,
1732 5461 1822 5513 sed

236 5523 606 5611 propteneum,
633 5545 720 5615 qui
748 5545 957 5614 subjecit
983 5523 1094 5600 eam
1122 5548 1173 5600 in
1197 5563 1286 5616 spe
1312 5546 1487 5618 (Rom.
1606 5551 1696 5604 18.
1732 5552 1824 5607 19-

236 5630 352 5700 20).
401 5634 552 5701 Quod
595 5642 771 5690 autem
799 5635 947 5701 dicit,
988 5635 1287 5706 bujusmodi
1321 5641 1823 5711 estzcorruptibilis

237 5737 483 5785 creatura
526 5728 660 5785 facta
704 5736 786 5784 est
814 5745 828 5783 :
860 5728 964 5786 hoc
1009 5730 1149 5786 enim
1189 5737 1291 5800 est,
1330 5728 1556 5786 Vanitati
1598 5734 1820 5802 subjecta

1318 296 1408 349 AD
1443 295 1760 352 POPULUM
1799 295 2286 356 ANTIOCHENUM
2350 301 2575 358 IIOMIL.
2616 301 2683 359 X.

3434 312 3533 368 ΗΒ

1954 425 2032 468 est
2059 430 2078 469 :
2102 417 2462 487 corruptibilis
2491 429 2668 474 autem
2715 418 2850 475 facta
2880 428 2984 484 est,
3018 421 3128 476 Deo
3173 422 3250 476 sic
3274 422 3522 492 jttbente;

1945 505 2109 576 jussit
2144 517 2322 563 autem
2369 509 2448 563 sic
2486 510 2626 565 Deus
2665 519 2884 580 propter
2910 526 3079 584 genus
3106 521 3345 567 nostrum
3371 530 3385 568 :
3410 515 3530 584 quia

1950 600 2090 653 enim
2115 600 2382 656 hominem
2410 604 2612 658 nutrire
2631 603 2861 659 debebat
2888 606 3309 675 cerruptibilem,
3337 618 3391 663 et
3420 610 3532 677 ipsa

1952 691 2073 746 talis
2107 706 2228 748 esse
2269 693 2536 749 debebat:
2568 710 2673 749 non
2716 697 2861 750 enim
2903 698 3267 767 eorruptibilia
3308 715 3530 771 corpora

1947 781 2173 838 decebat
2199 784 2249 838 in
2273 784 2657 855 incorruptibili
2678 787 2872 857 degere
2892 797 3154 843 creatura.
3180 788 3310 854 Sed,
3339 790 3524 860 inquit.

1948 887 2054 926 non
2083 883 2258 929 tamen
2288 876 2412 930 talis
2443 887 2704 941 remanet,
2732 878 2826 933 sed
2854 876 2923 932 Et
2948 879 3063 949 ipsa
3086 890 3318 935 creatura
3352 881 3525 934 libera-

1948 963 2080 1017 bitur
2122 981 2156 1018 a
2193 967 2425 1020 servitute
2468 969 2803 1037 corruptionis
2842 967 3013 1040 (Rom.
3063 971 3117 1025 8.
3169 970 3261 1041 21)
3293 988 3308 1027 :
3335 971 3529 1026 deinde

1946 1055 2320 1114 demonstrans
2350 1059 2561 1129 quando
2602 1059 2705 1115 hoc
2733 1061 2852 1125 erit,
2890 1070 2946 1140 et
2986 1078 3082 1131 per
3106 1077 3261 1134 quos,
3303 1063 3525 1119 intulit:

1948 1144 2016 1201 In
2041 1146 2320 1202 libertatem
2349 1150 2527 1220 gloriae
2553 1150 2778 1216 ﬁliorum
2821 1151 2938 1206 Dei.
2978 1152 3110 1207 Cum
3155 1154 3297 1209 enim
3345 1171 3527 1210 resur-

1946 1238 2263 1304 rexerimus,
2306 1240 2498 1311 inquit,
2539 1249 2595 1296 et
2639 1243 2942 1313 incorrupta
2988 1245 3369 1313 sumpserimus
3403 1260 3529 1300 cor-

1946 1344 2097 1397 pora,
2134 1339 2260 1384 tunc
2291 1339 2346 1385 et
2378 1331 2500 1387 coeli
2523 1346 2719 1402 corpus
2758 1340 2812 1388 et
2849 1342 3028 1398 terrai,
3071 1342 3126 1388 et
3152 1335 3336 1389 mundi
3365 1336 3525 1390 totius

1946 1421 2311 1491 incorruptum
2340 1422 2460 1487 erit,
2492 1431 2546 1477 et
2574 1424 3037 1479 immarcescibile.
3070 1424 3201 1480 Cum
3243 1426 3402 1496 igitur
3431 1440 3524 1479 so-

1943 1510 2047 1564 lem
2076 1510 2271 1566 videris
2292 1513 2642 1579 exorientem,
2669 1522 2966 1569 creatorem
2985 1514 3285 1581 admirare;
3313 1515 3524 1584 quando

1944 1601 2117 1670 ipsum
2145 1617 2205 1657 se
2241 1603 2504 1659 celantem
2531 1615 2586 1660 et
2611 1617 3016 1662 evanescentem
3052 1606 3269 1673 videris,
3316 1617 3520 1661 natura:

1944 1693 2360 1749 imbecillitatem
2386 1695 2555 1759 disce,
2585 1711 2683 1751 nec
2713 1697 2884 1766 ipsum
2911 1705 2972 1752 ut
3004 1698 3167 1751 Deum
3192 1698 3403 1753 adores.
3432 1698 3521 1752 ld-

1941 1784 2085 1838 circo
2129 1785 2272 1839 enim
2310 1801 2419 1840 non
2469 1801 2537 1842 ex
2587 1787 2689 1843 ltoc
2734 1788 2852 1843 solo
2889 1789 3274 1844 elementorum
3322 1799 3525 1844 natura:

1944 1875 2325 1931 imbecillitatis
2352 1878 2861 1935 demonstrationem
2891 1881 3028 1935 Dens
3068 1880 3306 1942 inseruit,
3340 1881 3434 1934 sed
3471 1891 3526 1935 ct

1950 1968 2254 2025 hominibus
2285 1970 2454 2025 servis
2484 1972 2615 2037 suis,
2644 1981 2705 2025 ut
2742 1972 2820 2026 eis
2860 1972 3204 2040 imperarent,
3232 1971 3521 2034 mandavit,

1940 2061 2065 2114 utsi
2095 2076 2195 2115 nec
2232 2076 2298 2115 ex
2336 2072 2553 2131 aspectu
2585 2063 2819 2133 ipsorum
2855 2064 3165 2119 servitutem
3207 2078 3521 2133 cognoscas,

1941 2155 2008 2208 ab
2055 2155 2438 2223 imperantibus
2486 2155 2680 2222 discas,
2728 2171 2905 2209 omnia
2952 2170 3208 2211 conserva
3256 2166 3340 2210 tua
3381 2171 3520 2211 esse.

1940 2246 2065 2299 Ideo
2088 2245 2243 2300 Jesus
2270 2246 2411 2301 Nave
2436 2246 2561 2301 dicit
2585 2266 2598 2301 :
2625 2246 2735 2300 Stet
2761 2247 2838 2301 sol
2856 2257 3031 2301 contra
3053 2246 3260 2301 Gabaon
3287 2289 3300 2311 ,
3330 2256 3377 2300 et
3404 2248 3524 2301 luna

1938 2348 2114 2391 contra
2143 2338 2321 2393 vallem
2353 2337 2515 2392 ZElon
2538 2338 2671 2410 (Jos.
2701 2337 2788 2392 lO.
2818 2339 2926 2408 1'2).
2961 2339 3028 2393 Et
3055 2339 3242 2393 iterum
3266 2338 3519 2408 propheta

1939 2428 2101 2482 Isaias
2136 2432 2308 2497 ipsum
2338 2429 2387 2482 in
2419 2429 2742 2483 contrarium
2770 2429 3063 2499 retrogredi
3098 2430 3219 2484 fecit
3244 2429 3342 2484 sub
3382 2429 3521 2484 Eze-

1938 2521 2057 2574 chia
2080 2536 2206 2591 rege
2231 2519 2378 2590 (Isai.
2414 2520 2502 2574 38.
2527 2520 2604 2591 8),
2636 2528 2690 2573 et
2725 2519 2898 2574 Moses
2925 2535 3135 2589 quoque
3166 2519 3277 2574 aeri
3308 2527 3364 2575 et
3390 2520 3520 2574 mari

1937 2621 1991 2664 et
2022 2619 2177 2665 terrae
2224 2620 2280 2664 et
2310 2610 2473 2679 petris
2514 2611 2792 2679 imperavit
2818 2626 2831 2663 :
2861 2610 3085 2663 Elismus
3127 2625 3384 2679 aquarum
3430 2625 3522 2663 na-

1938 2712 2108 2757 turam
2132 2702 2353 2756 mutavit
2375 2701 2450 2771 (4.
2476 2700 2604 2771 Reg.
2637 2700 2714 2771 5),
2744 2710 2851 2754 tres
2880 2700 3029 2772 pueri
3059 2699 3233 2768 ignem
3261 2699 3519 2754 vicerunt.

1935 2794 2097 2851 Vides
2133 2796 2401 2867 quomodo
2444 2798 2732 2863 utrumque
2768 2794 2920 2849 nobis
2962 2794 3103 2848 Deus
3133 2794 3384 2863 providit,
3430 2810 3521 2862 per

1935 2889 2321 2943 elementorum
2342 2887 2554 2958 quidem
2587 2886 3034 2956 pulchritudinem
3064 2901 3164 2941 nos
3192 2886 3243 2940 in
3266 2887 3520 2941 divinita-

1937 2978 2002 3032 tis
2030 2995 2140 3033 sum
2174 2981 2527 3049 cognitionem
2556 2977 2835 3039 inducens.
2870 2992 2968 3048 per
3006 2977 3364 3033 inﬁrmitatem
3396 2993 3519 3032 vero

1936 3085 2039 3124 non
2055 3073 2369 3139 permittens
2395 3070 2446 3122 in
2478 3070 2688 3123 illorum
2714 3068 2905 3124 cadere
2929 3069 3335 3123 adorationem?

2005 3162 2055 3218 6.
2100 3162 2314 3216 Moralis
2342 3163 2621 3217 exhortatio
2656 3163 2724 3215 ad
2753 3162 3045 3231 juramenta
3069 3162 3292 3215 vitanda.
3319 3192 3388 3202 —-
3414 3162 3517 3217 Stt-

1934 3269 2029 3322 per
2059 3252 2122 3307 iis
2149 3268 2277 3325 ergo
2302 3253 2547 3308 omnibus
2569 3251 2741 3322 ipsum
2771 3251 2941 3306 nostri
2967 3252 3373 3322 gubernatorem
3399 3254 3517 3323 glo-

1933 3344 2224 3410 rilicemus,
2247 3359 2347 3399 nec
2370 3359 2464 3413 per
2488 3343 2650 3399 verba
2672 3351 2897 3406 tantum,
2922 3342 3017 3398 sed
3036 3343 3194 3397 etiam
3217 3359 3312 3413 per
3330 3360 3514 3413 opera,

1934 3445 1987 3490 et
2015 3436 2479 3491 conversationem
2501 3434 2752 3505 optimam
2778 3433 3145 3499 exhibeamus,
3165 3443 3219 3489 et
3245 3435 3388 3489 circa
3413 3434 3516 3490 alia

1933 3536 1988 3581 et
2015 3527 2155 3581 circa
2194 3526 2566 3582 abstinentiam
2606 3542 2634 3579 a
2670 3525 3009 3596 juramentis.
3039 3525 3154 3580 Non
3183 3525 3325 3580 enim
3352 3540 3513 3580 omne

1933 3628 2207 3689 peccatum
2226 3619 2466 3674 eamdem
2497 3617 2660 3688 exigit
2681 3632 2914 3689 poenam,
2947 3616 3041 3672 sed
3072 3626 3315 3672 eorrectu
3344 3616 3514 3672 facilia

1934 3712 2188 3781 majorem
2216 3710 2444 3766 afferunt
2470 3729 2484 3765 :
2519 3711 2659 3781 quod
2689 3711 2893 3766 scilicet
2921 3720 2975 3765 et
3001 3709 3252 3765 Salomon
3284 3711 3512 3766 innuens

1933 3802 2142 3857 dicebat
2165 3822 2178 3857 :
2199 3802 2317 3857 Non
2346 3804 2551 3865 mirum,
2575 3804 2616 3855 si
2636 3803 2748 3875 quis
2764 3802 3100 3872 deprehensus
3119 3802 3272 3874 fuerit
3301 3802 3516 3870 furatis:

1935 3898 2135 3965 furatur
2184 3897 2337 3960 enim,
2379 3905 2431 3948 ut
2476 3896 2698 3950 animant
2743 3911 2890 3948 suam
2928 3895 3135 3965 impleat
3177 3893 3514 3955 esurientem;

1932 3988 2133 4041 adulter
2166 4003 2281 4042 vero
2305 3997 2509 4057 propter
2534 3987 2762 4055 inopiam
2790 3987 2988 4050 mentis,
3026 3985 3353 4054 perditionem
3389 3983 3506 4036 ani-

1932 4095 2029 4132 ma:
2059 4094 2165 4133 sua:
2189 4079 2400 4147 acquirit
2430 4075 2777 4148 (Prov.6.'50.
2810 4075 2924 4147 52).
2955 4074 3106 4143 Quod
3136 4082 3313 4128 autem
3352 4072 3505 4132 dicit.

1932 4169 2038 4223 tale
2064 4177 2148 4224 est
2175 4186 2189 4222 :
2217 4169 2393 4239 gravis
2435 4167 2650 4241 quidem
2685 4182 2774 4222 res
2799 4166 2957 4221 etiam
2991 4165 3093 4229 fur,
3141 4168 3236 4220 sed
3265 4179 3370 4219 non
3402 4173 3509 4219 tam

1932 4262 2126 4331 gravis,
2153 4276 2311 4330 quam
2336 4259 2542 4315 adulter
2570 4276 2583 4312 :
2614 4258 2700 4313 ille
2724 4257 2868 4312 enim
2895 4256 2994 4311 etsi
3030 4254 3269 4312 frivolam
3298 4268 3511 4308 causam

1933 4351 2111 4419 habet,
2150 4362 2327 4407 tamen
2366 4368 2433 4407 ex
2471 4350 2723 4422 pauperie
2766 4348 3133 4402 necessitatem
3180 4345 3511 4415 praetendere

1933 4456 2145 4517 potest:
2171 4446 2257 4500 hic
2282 4460 2411 4501 vero
2438 4444 2575 4497 nulla
2606 4443 2776 4512 ipsum
2805 4449 3028 4511 cogente
3057 4438 3374 4495 necessitate
3399 4455 3508 4508 pra:

1932 4541 2196 4596 dementia
2218 4540 2329 4594 sola
2351 4537 2403 4591 in
2427 4536 2627 4607 peccati
2656 4534 2961 4604 voraginem
2984 4533 3203 4587 corruit.
3236 4531 3346 4585 lloc
3370 4530 3513 4585 etde

1927 4633 2227 4701 iurantibus
2262 4631 2439 4686 dicere
2467 4630 2591 4684 licet
2613 4647 2626 4659 ·
2659 4643 2757 4683 nec
2801 4627 2943 4682 enim
2989 4626 3074 4680 isti
3112 4626 3278 4680 ullum
3314 4624 3513 4679 habent

1930 4739 2086 4794 quem
2112 4723 2433 4793 praemittam
2454 4730 2790 4790 praetextum,
2812 4718 2905 4774 sed
2926 4725 3289 4787 contemptum
3309 4716 3507 4771 solum.

1931 4816 2001 4871 Et
2025 4816 2149 4870 novi
2182 4814 2393 4885 quidem
2423 4830 2509 4868 me
2531 4828 2745 4884 gravem
2778 4826 2897 4866 esse
2924 4810 3093 4865 videri
3121 4818 3175 4863 et
3200 4824 3508 4877 onerosum,

1932 4918 2090 4977 atque
2128 4905 2504 4961 admonitionis
2525 4904 2745 4975 jugitate
2788 4902 3073 4958 molestum
3103 4915 3254 4967 esse;
3299 4915 3511 4956 verum-

1931 5008 2110 5053 tamen
2135 5014 2239 5052 non
2268 4997 2476 5061 desino,
2494 5006 2552 5051 ut
2575 4996 2658 5050 vel
2686 5009 2860 5050 meam
2885 4992 3101 5048 reveriti
3131 4992 3509 5063 impudentiam

1930 5092 2170 5162 improba
2207 5090 2628 5159 juramentorum
2673 5086 3059 5143 consuetudine
3110 5086 3398 5141 absistatis.
3453 5085 3510 5140 Si

1929 5184 2070 5240 enim
2091 5182 2255 5253 judex
2294 5182 2383 5237 ille
2411 5182 2628 5237 immitis
2654 5189 2708 5237 et
2733 5195 2926 5246 saevus,
2960 5178 3133 5234 viduae
3175 5179 3508 5233 vexationem

1929 5277 2148 5342 veritus,
2180 5292 2357 5330 mores
2397 5276 2620 5331 mutavit
2646 5276 2792 5347 (Luc.
2824 5275 2910 5331 18.
2939 5276 2994 5331 2.
3021 5273 3130 5346 sqq)
3156 5290 3170 5325 :
3203 5273 3368 5327 multo
3392 5284 3509 5324 ma-

1929 5369 2007 5438 gis
2021 5369 2122 5424 hoc
2150 5382 2243 5423 vos
2272 5368 2498 5433 faciatis,
2529 5377 2583 5422 et
2609 5369 2838 5422 maxime
2864 5383 2985 5421 cum
3027 5366 3329 5435 supplicans
3358 5360 3508 5415 vobis

1931 5475 2035 5515 non
2073 5477 2168 5531 pro
2198 5476 2283 5515 me
2310 5461 2446 5531 ipso,
2486 5460 2578 5514 sed
2606 5475 2703 5531 pro
2740 5461 2910 5515 salute
2948 5469 3121 5514 vestra
3149 5457 3248 5511 hoc
3273 5455 3459 5508 faciam
3491 5471 3505 5507 :

1930 5552 2038 5606 imo
2081 5567 2207 5607 vero
2236 5562 2289 5608 et
2331 5568 2428 5622 pro
2475 5553 2578 5607 mei
2623 5553 2786 5622 ipsius
2829 5551 3000 5606 salute
3042 5549 3145 5603 hoc
3185 5546 3363 5603 facere
3401 5562 3510 5602 non

1892 5712 1895 5713 ν
1931 5643 2232 5712 negaverim
2266 5661 2279 5697 :
2310 5653 2488 5699 vestra
2519 5643 2660 5698 enim
2692 5643 2827 5697 bona
2860 5650 2984 5711 puto
3010 5654 3129 5694 mea
3149 5653 3269 5695 esse
3293 5637 3507 5692 merita.

1933 5733 2136 5788 Vellem
2164 5745 2365 5806 autem,
2407 5741 2551 5800 sicut
2581 5750 2678 5806 ego
2707 5749 2847 5791 nunc
2873 5732 3058 5817 laboro
3096 5740 3151 5789 et
3195 5731 3385 5805 fatigor
3412 5747 3511 5803 pro
