3912 6230
396 225 493 281 H9

302 346 305 357 '
394 337 562 391 salute
580 342 777 402 vestra,
808 334 886 390 sic
913 342 968 389 et
995 349 1089 389 vos
1118 333 1309 388 animae
1333 341 1522 387 vestra:
1546 345 1726 386 curam
1752 346 1969 401 gerere:

392 431 471 483 sic
495 430 652 499 plane
693 428 797 485 boc
825 438 1029 483 tantum
1074 428 1343 498 negotium
1385 426 1542 480 finem
1584 426 1867 494 acciperet.
1908 424 1974 480 Et

393 518 519 588 quid
560 534 694 589 epus
735 529 819 575 est
866 519 1028 573 multa
1069 518 1289 572 dicere?
1317 517 1359 572 si
1405 518 1546 572 enim
1585 516 1824 583 gehenna
1865 530 1973 570 non

394 620 560 678 esset,
593 627 693 668 nec
721 627 875 680 paena
920 610 1341 669 contumacibus,
1393 624 1564 680 neque
1608 623 1815 664 merces
1845 609 1974 663 obe-

394 701 682 768 dientibus,
700 718 799 773 ego
827 712 1003 757 autem
1022 701 1086 755 ad
1117 716 1209 755 vos
1236 701 1517 763 accedens,
1548 701 1600 754 in
1621 700 1804 769 gratia:
1826 708 1975 767 parte

396 794 691 863 petiissem,
736 809 909 847 nonne
954 808 1188 847 annuere
1229 793 1586 848 debuissetis?
1624 808 1728 846 non
1761 794 1975 861 petitio-

399 900 521 939 nem
566 883 883 950 concedere,
921 890 1026 937 tam
1073 885 1247 941 levem
1286 884 1486 953 petenti
1537 885 1797 954 gratiam?
1842 883 1975 939 Cum

399 986 524 1028 vero
568 974 708 1030 Deus
756 975 922 1044 ipsam
974 986 1177 1045 petens,
1223 985 1440 1045 propter
1485 962 1591 1030 vos;
1617 976 1825 1042 dantes,
1870 991 1975 1030 non

400 1075 617 1135 propter
659 1068 891 1136 seipsum
929 1069 1310 1138 percipientem
1361 1070 1466 1123 hoc
1492 1069 1685 1122 faciat:
1715 1069 1833 1138 quis
1868 1075 1976 1122 tam

400 1157 659 1226 ingratus,
695 1159 811 1227 quis
856 1168 961 1212 tam
998 1159 1177 1223 miser,
1203 1170 1260 1213 et
1306 1175 1657 1226 mrumnosus,
1691 1168 1747 1213 ut
1776 1161 1978 1214 benefi-

1132 223 1188 278 S.
1225 222 1497 278 JOANNIS
1520 216 1988 276 CHRYSOSTOMI
2028 213 2345 270 ARClllEP.
2387 211 2912 268 CONSTANTINOP.

3563 213 3665 271 ιξο

2078 329 2220 382 ciunt
2261 326 2460 397 petenti
2504 325 2618 382 Deo
2665 341 2770 381 non
2813 323 3102 394 impendat,
3152 330 3209 379 et
3257 324 3488 381 maxime
3533 339 3661 381 cum

2079 420 2195 490 ipse
2220 419 2312 489 qui
2340 418 2615 488 impendit,
2645 418 2714 472 sit
2737 416 2995 471 beneficio
3025 416 3323 485 petiturus?
3349 417 3475 473 [hec
3503 418 3668 488 igitur

2077 511 2391 580 cogitantes,
2420 516 2474 564 et
2500 508 2567 562 ad
2590 524 2686 562 vos
2714 506 2841 561 hinc
2870 505 3200 573 recedentes,
3231 508 3409 562 omnia
3436 509 3666 577 repetite

2077 599 2237 663 dicta,
2281 608 2336 654 et
2377 613 2473 654 eos
2501 599 2589 668 qui
2637 598 2687 652 id
2739 613 2845 652 non
2872 597 3158 652 observant
3192 597 3440 653 omnibus
3489 597 3668 654 modis

2078 692 2349 761 corrigite,
2386 702 2445 746 ut
2473 688 2805 760 propriorum
2846 700 2901 745 et
2933 690 3228 745 alienorum
3258 688 3667 746 retributionem

2078 782 2388 836 meritorum
2426 783 2764 850 recipiamus,
2795 781 2963 851 gratia
3004 789 3058 834 et
3096 780 3421 851 benignitate
3448 780 3664 835 Domini

2079 874 2245 929 nostri
2272 873 2396 928 Jesu
2424 873 2640 937 Christi,
2684 887 2779 942 per
2805 887 2963 941 quem
3005 880 3061 925 et
3088 886 3210 926 cum
3237 887 3341 941 quo
3371 871 3513 925 Patri
3541 871 3664 941 glo-

2081 964 2156 1017 ria
2202 964 2358 1018 simul
2403 972 2456 1018 et
2499 972 2686 1018 sancto
2720 962 2959 1033 Spiritui,
2991 977 3134 1017 nunc
3174 970 3231 1018 et
3256 977 3488 1034 semper,
3520 972 3576 1019 et
3605 963 3665 1019 in

2081 1056 2273 1107 smcula
2296 1054 2634 1109 swculorutu.
2668 1054 2860 1107 Amen.
3736 1044 3741 1048 ’

405 1382 779 1429 GBATIARUM
808 1384 994 1429 ACTIO
1032 1385 1115 1427 AD
1157 1384 1335 1426 DEUM
1390 1383 1468 1426 ΟΒ
1512 1383 1982 1426 ιιΒΕιιΑΤιοΝεΜ
2027 1384 2063 1425 Δ
2106 1382 2292 1425 MALIS
2339 1382 2424 1423 EX
2465 1381 2798 1424 SEDITIONE
2830 1382 3275 1437 EXSPECTATIS,
3320 1384 3403 1426 ET
3444 1384 3662 1429 EORUH

478 1487 622 1541 QUE
665 1487 828 1530 TUNC
873 1486 1275 1529 ACCIDEBUNT
1304 1484 1813 1527 COMMEMORATIO
1843 1486 1858 1525 2
1890 1484 2156 1527 INSUPER
2200 1482 2366 1524 VERO
2418 1484 2499 1524 ET
2541 1482 2789 1526 CONTRA
2831 1483 2944 1526 EOS
2972 1483 3079 1535 QUI
3109 1483 3344 1527 CORPUS
3372 1484 3661 1529 NOSTRUM

483 1588 1004 1646 QALUMNIANTUB,
1050 1588 1130 1629 ET
1173 1587 1237 1629 IN
1281 1586 1644 1629 UNIVERSUM
1687 1586 1770 1627 DE
1814 1584 2077 1628 HOMINIS
2119 1584 2499 1640 CREATIONE,
2544 1585 2624 1626 ET
2665 1584 2779 1627 SUB
2807 1585 3008 1627 FINEM
3051 1586 3133 1628 DE
3166 1586 3441 1630 VITANDO
3468 1587 3659 1629 JURA-

480 1687 718 1732 MENTO.

1862 1810 2188 1863 ε8<<ω>>8²

1039 1950 1254 1989 HOMILIA
1294 1952 1368 1988 XI.

477 2024 530 2077 1.
582 2023 714 2078 Cum
763 2025 1083 2092 prmteritam
1135 2033 1503 2092 tempestatem
1555 2033 1609 2078 et
1663 2032 1981 2094 przcsentem

404 2116 580 2185 cogito
609 2118 1060 2186 tranquillitatem,
1085 2134 1187 2171 non
1207 2118 1393 2171 desino
1420 2118 1596 2171 dicere
1625 2135 1638 2171 :
1666 2116 1984 2171 Benedictus

405 2205 547 2261 Deus
588 2207 678 2276 qui
720 2207 843 2260 facit
877 2208 1078 2274 omnia,
1118 2216 1174 2262 et
1217 2208 1327 2277 ipsa
1361 2215 1711 2272 transmutat;
1745 2206 1831 2273 qui
1861 2206 1985 2259 fecit

404 2295 578 2351 lucem
615 2297 680 2350 de
712 2297 944 2352 tenebris
976 2298 1176 2368 (Amos.
1210 2299 1262 2353 5.
1295 2298 1349 2352 8.
1395 2306 1450 2352 et
1473 2296 1591 2350 Job.
1620 2297 1709 2351 57.
1749 2297 1860 2364 l5).
1891 2295 1983 2364 qui

410 2385 629 2441 deducit
656 2390 721 2443 ad
749 2402 935 2459 portas
960 2392 1117 2446 inferi
1138 2401 1187 2446 et
1217 2392 1424 2445 reducit
1454 2393 1531 2462 (Ι.
1558 2393 1680 2462 Reg.
1706 2393 1760 2446 2.
1792 2394 1869 2464 6),
1893 2398 1988 2464 qui

406 2480 699 2550 castigatet
713 2497 820 2536 non
839 2483 1035 2537 occidit
1060 2482 1137 2552 (2.
1156 2482 1278 2536 Cor.
1293 2482 1347 2547 6,
1363 2483 1417 2553 9)
1443 2502 1456 2536 :
1476 2492 1528 2536 et
1548 2484 1649 2537 hoc
1665 2498 1759 2537 vos
1776 2485 1993 2540 assidue

404 2571 588 2628 dicere
623 2574 764 2637 volo,
798 2591 897 2629 nec
934 2575 1222 2628 desistere.
1258 2574 1313 2627 Si
1342 2576 1485 2627 enim
1524 2575 1637 2641 ipse
1666 2575 1826 2629 nobis
1856 2591 1988 2644 ope-

407 2661 554 2715 ribus
581 2660 868 2727 benefecit,
900 2677 1001 2732 qua
1021 2669 1028 2677 '
1047 2677 1144 2717 nos
1171 2663 1322 2716 venia
1350 2661 1491 2733 digni
1527 2676 1646 2715 esse
1684 2675 1980 2729 possemus,

406 2768 477 2808 ne
515 2754 694 2808 verbis
732 2753 944 2824 quidem
995 2755 1167 2824 ipsum
1218 2754 1654 2808 rcmunerantes?
1697 2753 1983 2822 Propterea

407 2843 663 2898 exhortor
683 2860 778 2899 vos
810 2860 1097 2915 numquam
1129 2860 1341 2899 cessare
1375 2845 1470 2914 ipsi
1499 2845 1693 2914 gratias
1722 2860 1898 2914 agere.
1927 2843 1983 2899 Si

407 2936 549 2991 enim
580 2951 676 3003 pro
698 2937 884 3006 primis
918 2938 1053 3007 grati
1084 2935 1358 2999 fuerimus,
1392 2946 1598 2990 certum
1629 2935 1768 3005 quod
1792 2943 1845 2989 ct
1868 2934 1984 2988 aliis

406 3028 696 3096 majoribus
728 3029 1006 3097 potiemur.
1044 3029 1290 3083 Dicamus
1320 3027 1478 3098 igitur
1501 3028 1786 3083 continue:
1812 3027 1983 3081 Bene-

407 3116 581 3172 dictus
614 3118 774 3180 Deus,
816 3120 902 3189 qui
933 3128 987 3173 et
1023 3120 1176 3173 nobis
1209 3118 1355 3174 dedit
1398 3120 1603 3173 solitam
1635 3134 1753 3172 cum
1796 3118 1981 3181 fiducia

408 3210 557 3265 vobis
586 3224 823 3266 mensam
846 3225 1133 3279 apponere,
1157 3220 1211 3265 et
1240 3209 1389 3263 vobis
1413 3209 1640 3278 prarbuit
1670 3224 1856 3265 secure
1883 3225 1984 3262 no-

407 3308 547 3356 stros
592 3301 777 3356 audire
828 3315 1140 3356 sermones:
1174 3301 1482 3355 benedictus
1521 3301 1680 3366 Deus,
1734 3300 1982 3369 quoniam

408 3408 515 3445 non
545 3393 773 3462 amplius
800 3394 1063 3447 exteriora
1102 3390 1363 3462 fugientes
1391 3390 1647 3461 pericula,
1678 3390 1770 3444 sed
1801 3389 1984 3444 audire

407 3493 657 3553 optantes
696 3486 798 3539 huc
823 3483 1211 3548 concurrimus,
1258 3500 1362 3537 non
1402 3483 1629 3552 amplius
1658 3497 1776 3536 cum
1804 3483 1988 3536 anxie-

409 3584 518 3629 tate
554 3584 608 3628 et
634 3584 864 3628 tremore
880 3583 935 3627 et
955 3574 1308 3628 sollicitudine
1334 3573 1472 3627 inter
1497 3588 1594 3626 nos
1614 3572 1981 3636 convenimus,

410 3665 502 3720 sed
521 3680 641 3718 cum
673 3664 862 3719 ﬁducia
885 3680 1096 3718 omnem
1111 3664 1440 3718 excutientes
1471 3664 1736 3725 timorem,
1766 3679 1869 3734 quo
1891 3678 1986 3732 per

409 3760 713 3829 superiores
742 3759 857 3813 dies
892 3757 1265 3813 fluctuantibus
1307 3757 1358 3810 in
1391 3756 1567 3811 medio
1592 3756 1750 3821 mari,
1775 3764 1828 3810 et
1854 3772 1986 3810 nau-

409 3849 632 3920 fragium
661 3865 751 3919 per
778 3849 1011 3919 singulas
1050 3849 1207 3903 ltoras
1227 3847 1654 3917 exspectantibus
1684 3847 1846 3900 nihilo
1873 3862 1986 3900 me—

409 3943 509 3997 lius
535 3955 632 3995 nos
659 3942 999 4008 habebamus,
1039 3939 1260 3995 infinitis
1292 3948 1397 3994 tota
1424 3939 1509 3993 die
1534 3938 1831 3993 rumoribus
1864 3938 1984 4007 pul-

409 4034 532 4100 sati,
581 4032 867 4103 perturbati
916 4040 970 4087 et
1015 4032 1245 4101 undique
1299 4031 1625 4095 circumacti,
1667 4038 1722 4084 et
1763 4029 1984 4098 singulis

408 4130 708 4192 satagentes
734 4121 940 4185 diebus,
968 4131 1021 4175 et
1060 4122 1269 4176 curiose
1297 4120 1646 4186 sciscitantes,
1686 4120 1815 4186 Quis
1840 4121 1986 4174 venit

407 4229 439 4267 e
466 4213 675 4276 castris,
708 4214 830 4280 quid
875 4228 1000 4267 vero
1025 4215 1244 4267 veniens
1286 4213 1581 4266 nuntiavit?
1607 4212 1861 4281 numquid
1887 4226 1982 4266 ve—

410 4322 525 4360 rum
556 4322 620 4358 an
667 4304 853 4359 falsum
884 4304 1023 4375 quod
1062 4305 1289 4359 dicitur?
1330 4314 1383 4358 et
1411 4313 1593 4359 noctes
1631 4306 1745 4358 sine
1791 4318 1981 4357 somno

409 4400 780 4468 transigentes,
815 4407 869 4452 et
891 4399 1155 4453 civitatem
1199 4397 1540 4467 respicientes
1584 4412 1705 4451 cum
1731 4395 1983 4467 lacrymis

409 4503 674 4562 tamquam
704 4507 825 4545 mox
855 4491 1157 4561 perituram.
1183 4491 1466 4560 Propterea
1495 4500 1547 4545 et
1567 4505 1663 4545 nos
1682 4491 1983 4560 superiores

409 4583 506 4637 bos
536 4583 649 4636 dies
673 4584 950 4647 tacuimus,
984 4581 1229 4645 quoniam
1259 4582 1442 4636 civitas
1465 4590 1643 4635 nostra
1671 4581 1842 4634 omnis
1870 4590 1984 4635 erat

408 4674 686 4737 exhausta,
715 4689 901 4728 omnes
940 4675 994 4728 in
1037 4673 1348 4728 solitudines
1378 4674 1897 4743 transmigraverant,
1930 4683 1983 4729 et

412 4764 603 4823 residui
641 4766 866 4819 tristitia:
904 4766 1042 4820 nube
1067 4765 1475 4832 caligaverant‘.
1517 4766 1704 4819 Anima
1731 4766 1869 4820 enim
1898 4781 1980 4819 se.

410 4857 512 4915 mel
544 4857 755 4911 tristitia
800 4859 1021 4925 repleta,
1068 4856 1198 4910 nihil
1241 4856 1425 4910 audire
1475 4865 1555 4909 est
1597 4857 1803 4912 idonea.
1854 4857 1983 4911 Pro—

407 4961 583 5020 pterea
608 4957 659 5001 et
674 4949 826 5001 amici
849 4948 946 5002 Job
961 4948 1291 5012 accedentes,
1313 4948 1501 5002 domus
1517 4948 1657 5002 illius
1671 4948 1980 5017 tragazdiam

406 5050 707 5103 cernentes,
756 5054 960 5092 necnon
1002 5038 1200 5108 justum
1232 5039 1283 5092 in
1324 5047 1558 5093 stercore
1586 5037 1881 5103 sedentem,
1928 5048 1983 5093 et

409 5130 672 5185 ulceribus
712 5130 946 5198 plenum,
978 5130 1291 5183 vestimenta
1332 5143 1426 5182 sua
1454 5128 1797 5188 disciderunt,
1828 5130 1978 5197 inge-

409 5230 778 5290 tnueruntque,
814 5229 1013 5275 etcum
1054 5219 1267 5274 silentio
1295 5220 1368 5277 illi
1413 5219 1728 5272 assederunt
1748 5214 1870 5288 (Job
1920 5217 1977 5270 2.

410 5315 645 5386 H.415),
673 5314 1029 5384 significantes
1058 5310 1198 5381 quod
1237 5311 1366 5364 nihil
1395 5325 1422 5362 a
1452 5309 1709 5379 principio
1748 5317 1853 5361 tam
1879 5307 1978 5361 do-

411 5407 637 5463 lentibus
678 5416 1054 5478 opportunttm,
1101 5420 1256 5475 quam
1304 5403 1518 5473 requies
1570 5410 1625 5457 et
1668 5401 1976 5455 silentium:

409 5509 527 5559 erat
557 5502 706 5559 enim
731 5498 1094 5555 consolatione
1128 5494 1299 5564 major
1337 5492 1570 5549 tristitia.
1604 5491 1895 5560 Propterea
1927 5501 1977 5546 et

473 5705 490 5736 ι
528 5702 558 5749 .-‘.
570 5700 661 5764 pud
680 5702 866 5753 ttontef.
889 5702 1179 5768 legebatur:
1212 5703 1406 5768 Turpati
1435 5709 1588 5757 eram.

2092 1932 2259 1987 Jndmi
2289 1935 2402 1989 luto
2426 1945 2479 1990 et
2502 1935 2647 2005 operi
2671 1936 2897 1992 lateritio
2918 1938 3111 2006 alligati
3147 1939 3336 2011 (Exod.
3360 1941 3410 1995 5.
3433 1941 3499 1996 l9
3524 1940 3665 2011 ~2l),

2089 2021 2288 2077 Mosem
2322 2025 2387 2079 ad
2429 2042 2488 2081 se
2531 2028 2742 2082 venisse
2771 2039 3072 2095 cernentes,
3116 2031 3178 2083 iis
3205 2046 3323 2101 qua:
3351 2032 3664 2087 dicebantur

2089 2119 2363 2173 attendere
2389 2135 2493 2173 non
2527 2129 2769 2190 poterant
2796 2138 2905 2191 prze
2948 2124 3379 2192 pusillanimitate
3408 2137 3463 2181 et
3493 2128 3665 2181 tribu-

2088 2214 2302 2279 latione,
2333 2229 2490 2283 quam
2522 2214 2877 2284 patiebantur.
2906 2215 2973 2269 Et
3001 2216 3125 2286 quid
3158 2218 3370 2281 mirum,
3419 2220 3463 2273 si
3495 2219 3666 2273 homi-

2088 2322 2183 2360 nes
2234 2306 2445 2376 quidam
2499 2307 2862 2376 pusillanimes
2914 2309 3016 2363 hoc
3063 2310 3205 2378 passi
3256 2320 3397 2376 sunt,
3452 2325 3573 2364 cum
3615 2321 3665 2365 el

2086 2396 2283 2452 Christi
2312 2397 2598 2467 discipulos
2627 2397 2680 2451 in
2713 2397 2853 2453 hunc
2876 2399 3118 2453 morbum
3146 2400 3402 2456 cecidisse
3432 2400 3668 2457 invenia-

2087 2489 2244 2543 mus?
2286 2489 2412 2543 Post
2447 2489 2589 2544 illam
2620 2505 2848 2560 namque
2886 2492 3161 2561 mysticam
3196 2508 3403 2547 cmnam
3456 2494 3666 2563 quando

2088 2579 2233 2647 ipsos
2275 2588 2575 2649 assumptus
2604 2578 2846 2634 Christus
2888 2596 3126 2635 seorsum
3169 2582 3555 2651 alloquebatur,
3600 2585 3668 2637 ab

2087 2669 2237 2725 initio
2266 2671 2479 2741 quidem
2512 2672 2682 2741 ipsum
2714 2673 3109 2744 interrogabant
3144 2674 3406 2746 discipuli,
3439 2691 3546 2746 quo
3576 2692 3669 2730 va-

2087 2764 2204 2818 dis?
2227 2773 2283 2817 ut
2300 2780 2425 2819 vero
2445 2764 2578 2819 dixit
2600 2765 2703 2819 illis
2724 2766 2858 2819 mala
2884 2767 3024 2837 ipsos
3041 2768 3199 2837 paulo
3219 2777 3339 2837 post
3360 2779 3670 2840 exceptura,

2089 2859 2245 2923 bella,
2291 2862 2751 2931 persequutiones,
2795 2862 3096 2917 inimicitias
3133 2864 3201 2918 ab
3248 2863 3520 2930 omnibus,
3569 2863 3671 2918 fla-

2088 2952 2246 3022 gella,
2303 2968 2564 3018 carceres,
2609 2953 2827 3023 judicia,
2884 2954 3253 3019 abductiones,
3314 2956 3460 3009 velut
3504 2972 3671 3012 onere

2089 3044 2583 3114 ponderosissimo,
2635 3047 2897 3102 dictorum
2942 3048 3221 3103 formidine
3267 3057 3322 3103 et
3372 3049 3671 3105 futurorum

2092 3137 2297 3191 tristitia
2328 3153 2540 3206 pressus
2566 3145 2689 3192 tunc
2715 3139 2949 3207 ipsorum
2975 3138 3204 3202 animus,
3228 3147 3407 3208 postea
3429 3140 3673 3209 stupidus

2089 3229 2340 3281 remansit
2368 3245 2383 3281 :
2418 3228 2536 3282 ideo
2565 3236 2932 3283 consternatos
2961 3244 3185 3284 cernens
3225 3229 3367 3298 ipsos
3405 3229 3668 3291 Christus,

2091 3316 2190 3371 hoc
2242 3317 2413 3386 ipsum
2463 3317 2792 3387 exprobrans
2836 3317 3045 3373 dicebat
3084 3336 3098 3372 :
3142 3317 3283 3372 Vada
3338 3320 3407 3374 ad
3459 3318 3673 3373 Patrem

2091 3424 2273 3473 meum,
2307 3418 2353 3460 et
2399 3425 2545 3462 nemo
2583 3426 2610 3462 ε
2644 3410 2779 3463 vobis
2804 3426 2884 3463 me
2922 3410 3347 3479 interrogat:Quo
3374 3412 3515 3464 vadis
3535 3413 3560 3465 ?
3581 3413 3674 3464 sed

2088 3499 2325 3570 quoniam
2349 3500 2454 3553 lucc
2481 3501 2715 3570 loquutus
2757 3517 2869 3554 sum
2893 3500 3049 3568 vobis,
3091 3503 3293 3555 tristitia
3331 3503 3554 3570 implerit
3584 3518 3673 3556 cor

2087 3602 2304 3644 vestrum
2330 3590 2507 3661 (Joan.
2538 3592 2625 3648 l6.
2650 3592 2704 3647 5.
2729 3591 2807 3663 6).
2834 3592 3123 3663 Propterea
3153 3608 3251 3648 nos
3271 3609 3481 3664 quoque
3504 3595 3673 3648 tacui-

2088 3697 2206 3737 mus
2247 3683 2513 3752 praeterito
2555 3692 2816 3753 tempore,
2859 3694 3175 3753 prtesentem
3218 3686 3671 3754 opportunitatem

2088 3781 2476 3841 exspectantes.
2508 3772 2564 3828 Si
2590 3773 2731 3828 enim
2776 3774 2822 3828 is
2846 3774 2934 3844 qui
2960 3774 3188 3844 aliquem
3234 3784 3514 3843 rogaturus
3558 3787 3668 3843 est,

2088 3865 2189 3918 etsi
2236 3865 2424 3937 rationi
2462 3874 2818 3920 consentanea
2865 3867 3252 3935 propositurus,
3294 3868 3550 3935 temporis
3591 3876 3672 3920 ta.

2088 3971 2209 4010 men
2239 3956 2572 4010 occasionem
2612 3965 2905 4027 exspectat,
2933 3964 2993 4011 ut
3029 3956 3269 4011 sedatum
3294 3967 3350 4011 et
3379 3957 3511 4011 bene
3539 3957 3673 4012 aﬂ'e-

2087 4055 2229 4101 ctum
2267 4062 2388 4101 eum
2430 4047 2685 4113 inveniat,
2717 4047 2807 4117 qui
2855 4047 3165 4117 petitionem
3212 4047 3431 4102 daturus
3470 4058 3572 4113 est,
3610 4059 3671 4104 ttt

2090 4140 2343 4207 temporis
2371 4139 2622 4193 auxilium
2653 4148 2838 4194 nactus
2866 4138 3189 4210 beneficium.
3208 4138 3444 4194 obtineat
3469 4160 3477 4188 :
3500 4140 3671 4195 multo

2087 4230 2255 4299 magis
2279 4237 2517 4283 orantem
2546 4238 2753 4299 tempus
2781 4244 3023 4301 quaerere
3063 4229 3400 4284 commodum
3432 4238 3667 4299 oportet,

2089 4331 2147 4377 ut
2170 4322 2308 4392 apud
2333 4323 2468 4377 bene
2496 4322 2741 4377 affectum
2783 4322 3079 4377 auditorem
3102 4330 3157 4376 et
3184 4322 3330 4376 omni
3373 4336 3498 4376 cura
3536 4322 3672 4377 libe-

2087 4422 2261 4469 ratum
2292 4430 2353 4470 ac
2383 4414 2617 4481 tristitia,
2645 4414 2804 4470 verba
2829 4414 3023 4469 faciat:
3052 4413 3194 4485 quod
3225 4413 3464 4485 profecto
3484 4422 3540 4469 et
3568 4430 3670 4469 nos

2085 4521 2226 4562 nunc
2248 4507 2485 4561 fecimus.

2154 4597 2208 4651 2.
2238 4597 2388 4653 Nunc
2405 4597 2562 4668 igitur
2580 4605 2854 4667 postquam
2886 4595 3147 4651 tristitiam
3166 4597 3493 4658 excussistis.
3519 4598 3668 4668 prius

2086 4690 2346 4745 dictorum
2373 4691 2682 4744 memoriam
2705 4703 2961 4743 renovare
2986 4687 3251 4753 volumus,
3284 4696 3341 4741 ut
3367 4702 3545 4743 sermo
3569 4704 3670 4743 vo-

2085 4780 2167 4835 bis
2195 4779 2285 4834 liat
2310 4780 2640 4835 manifestior
2669 4799 2682 4833 :
2711 4779 2849 4849 quod
2872 4779 3013 4834 enim
3042 4789 3093 4833 et
3120 4778 3173 4832 in
3194 4777 3377 4832 mundi
3399 4780 3671 4835 creatione

2085 4872 2331 4937 diximus,
2362 4871 2500 4942 quod
2534 4887 2636 4926 non
2664 4870 2942 4940 pulchrum
2976 4879 3175 4924 tantum
3208 4879 3263 4923 et
3289 4869 3587 4924 mirabilem
3616 4880 3674 4925 et

2087 4979 2334 5033 magnum
2381 4964 2518 5017 Deus
2547 4962 2728 5017 fecerit
2777 4963 2969 5031 ipsum,
2997 4961 3089 5017 sed
3119 4962 3278 5016 etiam
3319 4960 3586 5017 infirmum
3617 4973 3673 5019 et

2085 5055 2502 5123 corruptibilem,
2531 5064 2585 5108 et
2614 5055 2802 5109 borum
2825 5069 3008 5109 rursus
3044 5054 3239 5108 multas
3270 5055 3553 5109 inseruerit
3578 5055 3673 5111 de-

2086 5148 2515 5212 monstrationes,
2544 5156 2767 5215 utraque
2792 5145 2857 5199 ad
2888 5146 3162 5200 utilitatem
3185 5156 3418 5200 nostram
3447 5147 3668 5215 dispen-

2083 5258 2228 5307 sans;
2250 5250 2302 5297 et
2323 5257 2419 5313 per
2443 5239 2887 5310 pulchritudinem
2906 5239 3115 5308 quidem
3131 5241 3183 5293 in
3196 5239 3485 5294 conditoris
3506 5239 3671 5294 admio

2083 5336 2341 5389 rationem
2360 5349 2456 5388 nos
2488 5332 2763 5397 inducens,
2787 5346 2883 5400 per
2902 5331 3257 5385 infirmitatem
3276 5347 3402 5385 vero
3433 5346 3463 5384 a
3479 5331 3662 5383 colen-

2084 5426 2153 5483 da
2183 5441 2279 5481 nos
2303 5425 2569 5481 abducens
2588 5432 2831 5479 creatura
2863 5441 2876 5476 :
2911 5423 3011 5477 hoc
3036 5431 3090 5477 et
3141 5422 3193 5476 in
3231 5437 3453 5491 corpore
3482 5433 3669 5475 nostro

2082 5521 2266 5577 videre
2283 5529 2366 5577 est
2388 5521 2628 5577 evenisse
2669 5538 2682 5574 :
2728 5518 2923 5574 etenim
2952 5518 3019 5573 de
3047 5519 3147 5572 hoc
3187 5531 3394 5587 quoque
3421 5525 3670 5587 qumrunt

2083 5623 2139 5670 et
2177 5614 2412 5670 veritatis
2455 5612 2786 5666 inimicorum
2834 5621 2888 5665 ct
2918 5621 3218 5664 nostrorum
3258 5606 3431 5673 multi,
3460 5622 3564 5679 qua
3601 5607 3669 5663 de

2077 5713 2236 5758 causa
2265 5699 2367 5755 hoc
2391 5696 2737 5767 corruptibilc
2767 5709 2821 5750 ct
2851 5696 3072 5750 mortale
3104 5697 3296 5749 factum
3318 5694 3409 5749 sit.
