3920 6224
281 258 375 315 121

361 370 626 440 Ἐλλήνων
673 368 727 421 δὲ
771 367 954 422 πολλοὶ
994 369 1088 422 καὶ
1131 366 1419 439 αἰρετικῶν
1466 368 1585 420 οὐδὲ
1627 367 1949 438 γεγενῆσθαι

277 458 413 511 αὐτὸ
439 457 589 528 παρά
626 456 721 509 τοῦ
759 456 894 509 Θεοῦ
928 472 1111 524 φασιν·
1151 454 1369 517 ἀνάξιον
1406 455 1515 526 γάρ
1548 456 1680 508 αὐτὸ
1712 456 1811 526 τῆς
1851 454 1947 507 τοῦ

282 545 416 599 Θεοῦ
438 545 797 616 δημιουργίας
824 539 961 596 εἶναι
985 543 1224 610 λέγουσι,
1255 540 1459 613 ῥύπους
1479 542 1573 594 καὶ
1598 542 1827 613 ἱδρῶτας
1854 542 1949 595 καὶ

277 632 489 703 δάκρυα
521 634 616 687 καὶ
646 633 840 690 πόνους
887 631 981 684 καὶ
1028 628 1403 700 ταλαιπωρίας
1441 630 1536 682 καὶ
1576 628 1647 682 τά
1684 628 1821 684 ἀλλα
1856 628 1949 682 τοῦ

282 720 533 791 σώματος
548 720 793 782 ἐπιόντες
814 720 1049 772 ἅπαντα.
1080 714 1221 783 Ἐγὼ
1247 715 1326 780 δὲ,
1357 716 1572 771 ἐπειδὰν
1600 717 1726 788 περὶ
1751 715 1951 770 τούτων

284 807 505 877 γένηται
526 807 702 874 λόγος,
729 804 942 876 πρῶτον
968 803 1067 867 μὲν
1090 804 1265 855 ἐκεῖνο
1287 802 1353 855 ἂν
1382 801 1613 872 εἴποιμι·
1637 802 1729 872 Μή
1757 818 1846 872 μοι
1861 802 1951 854 τὸν

282 893 565 961 ἄνθρωπον
598 892 725 959 λέγε
751 890 940 944 τοῦτον
960 889 1051 942 τὸν
1076 889 1581 960 προσκεκρουκότα,
1624 889 1717 941 τὸν
1745 889 1953 958 ἠτιμω-

285 980 462 1049 μένον,
486 980 577 1035 τὸν
605 977 1086 1033 καταδικασθέντα·
1114 976 1229 1031 ἀλλ’
1259 978 1306 1029 εἰ
1342 975 1520 1045 βούλει
1553 975 1745 1047 μαθεῖν
1771 978 1952 1029 ὁποῖον

281 1066 341 1132 ἐξ
376 1062 549 1139 ἀρχῆς
579 1068 708 1136 ἡμῖν
742 1079 767 1107 ι
795 1065 858 1118 16
892 1065 1053 1136 σῶμα
1084 1064 1318 1118 ἔπλασεν
1346 1066 1375 1117 6
1403 1064 1555 1127 Θεὸς,
1590 1064 1684 1117 ἐπὶ
1707 1064 1799 1116 τὸν
1833 1079 1954 1115 πα·-

286 1154 526 1225 ράδεισον
548 1153 810 1223 ἔλθωμεν,
832 1153 929 1205 καὶ
952 1152 1043 1205 τὸν
1070 1152 1128 1218 ἐξ
1151 1152 1326 1222 ἀρχῆς
1348 1151 1643 1222 γενόμενον
1669 1150 1953 1220 ἄνθρωπον

281 1241 501 1312 ίδωμεν.
541 1241 614 1294 Οὐ
643 1239 754 1311 γάρ
784 1239 925 1293 οὐτω
957 1238 1019 1292 τὸ
1047 1238 1209 1310 σῶμα
1237 1240 1411 1292 ἐκεῖνο
1439 1237 1676 1309 φθαρτὸν
1700 1238 1794 1290 x01
1829 1236 1951 1289 ἐπί-

281 1345 449 1400 κηρον
480 1323 570 1397 ἦν,
605 1327 721 1380 ἀλλ’
748 1326 938 1396 ῶσπερ
973 1343 1057 1389 τις
1083 1324 1314 1398 χρυσοῦς
1356 1323 1579 1396 ἀνδριάς
1614 1323 1722 1377 ἀπὸ
1750 1340 1954 1392 χωνευ⁴

280 1415 466 1486 τηρίου
505 1411 787 1486 προελθὼν
825 1413 952 1485 ἄρτι
995 1414 1089 1466 καὶ
1131 1412 1380 1483 λαμπρὸν
1417 1409 1778 1472 ἀποστίλϐων,
1812 1408 1955 1463 οὕτω

283 1502 463 1573 πάσης
494 1501 697 1573 φθορᾶς
730 1500 904 1565 ἐκεῖνο
928 1498 987 1552 16
1024 1498 1182 1570 σῶμα
1214 1498 1549 1569 ἀπήλλακτο,
1580 1497 1675 1550 καὶ¹
1700 1495 1823 1549 οὐτε
1855 1496 1953 1550 πό-

281 1605 369 1650 νος
383 1588 623 1658 ἠνώχλει,
645 1585 767 1641 οὐτε
794 1586 953 1657 ἱδρὼς
976 1586 1316 1656 ἐλυμαίνετο,
1346 1586 1404 1639 οὐ
1432 1585 1709 1656 φροντίδες
1735 1582 1956 1638 ἐπεϐού-

282 1674 457 1737 λευον,
487 1675 587 1727 οὐκ
618 1673 845 1743 ἀθυμίαι
878 1672 1249 1744 ἐπολιόρκουν,
1283 1673 1382 1726 οὐκ
1410 1671 1536 1725 ἄλλο
1568 1688 1622 1723 τι
1647 1669 1754 1724 τῶν
1776 1668 1952 1722 τοιού-

278 1775 389 1814 των
415 1760 601 1814 ἐλύπει
635 1759 843 1814 παθῶν·
880 1760 1068 1830 ἐπειδὴ
1098 1760 1157 1812 δὲ
1192 1760 1482 1830 σωφρόνως
1512 1759 1612 1829 τὴν
1651 1756 1953 1828 εὐημερίαν

280 1849 381 1902 οὐκ
404 1849 632 1919 ήνεγκεν
650 1887 665 1912 ,
699 1847 815 1902 ἀλλ’
854 1846 1138 1917 ἐξύϐρισεν
1168 1848 1247 1910 εἰς
1271 1847 1362 1900 τὸν
1394 1844 1708 1916 εὐεργέτην,
1742 1843 1835 1896 καὶ
1862 1842 1953 1896 τὸν

277 1935 570 1988 ἀπατεῶνα
598 1934 828 2005 δαίμονα
870 1934 966 1987 τοῦ
1005 1934 1302 2004 κηδεμόνος
1336 1933 1469 1987 Θεοῦ
1504 1933 1598 1986 καὶ¹
1627 1933 1955 2002 τιμήσαντος

276 2023 443 2078 αὐτὸν
468 2025 714 2094 ἐνόμισεν
744 2024 1179 2091 ἀξιοπιστότερον
1225 2018 1384 2087 εἶναι,
1430 2022 1522 2075 καὶ
1552 2020 1672 2084 θεὸς
1703 2018 1953 2089 γενέσθαι

276 2112 667 2183 προσεδόκησε,
703 2112 797 2165 καὶ
833 2110 1055 2181 μείζονα
1088 2111 1186 2181 τῆς
1211 2109 1417 2173 οἰκείας
1451 2109 1609 2173 ἀξίας
1642 2106 1833 2161 ἐλαϐεν
1866 2106 1950 2158 ἐν·

277 2215 449 2263 νοιαν,
480 2200 598 2251 τότε
628 2198 714 2269 δὴ,
748 2198 868 2251 τότε
900 2197 995 2251 καὶ
1020 2196 1110 2250 διά
1134 2196 1243 2250 τῶν
1270 2195 1613 2267 πραγμάτων
1639 2193 1819 2247 αὐτῶν
1847 2210 1952 2245 σω-

276 2286 546 2357 φρονίζων
577 2285 739 2338 αὐτὸν
762 2287 791 2338 6
822 2285 977 2349 Θεὸς,
1002 2284 1239 2356 φθαρτόν
1271 2301 1332 2336 τε
1360 2283 1582 2353 ἐποίησε
1605 2282 1698 2335 καὶ
1730 2279 1949 2349 θνητὸν,

279 2373 374 2425 καί⁵
402 2377 520 2436 ταῖς
544 2373 765 2436 πολλαῖς
797 2372 1023 2435 ταύταις
1057 2370 1353 2441 κατέδησεν
1393 2370 1677 2437 ἀνάγκαις,
1713 2367 1831 2437 οὐχὶ¹
1864 2384 1953 2435 μι-

281 2459 409 2519 σῶν,
428 2460 546 2512 οὐδέ
575 2459 1068 2529 ἀποστρεφόμενος,
1092 2457 1227 2511 ἀλλά
1246 2457 1564 2529 κηδόμενος,
1598 2455 1695 2509 καὶ
1724 2453 1823 2525 τὴν
1852 2470 1953 2505 πο-

278 2550 449 2620 νηρὰν
486 2548 579 2600 καὶ
602 2546 844 2617 ὀλέθριον
876 2545 1092 2616 ἐκείνην
1120 2544 1377 2598 ἀπόνοιαν
1415 2546 1478 2597 ἐκ
1512 2542 1814 2614 προοιμίων
1842 2557 1952 2593 κω-

278 2636 441 2700 λύων,
474 2634 567 2687 καὶ
594 2633 903 2704 περαιτέρω
931 2632 1217 2703 προελθεῖν
1238 2631 1338 2683 οὐκ
1371 2631 1496 2695 ἐῶν,
1532 2629 1669 2684 ἀλλά
1693 2629 1759 2683 δι’
1788 2628 1955 2698 αὐτῆς

278 2722 387 2776 τῶν
416 2722 755 2794 πραγμάτων
785 2722 884 2791 τῆς
914 2720 1109 2790 πείρας
1132 2719 1398 2773 διδάσκων
1423 2718 1586 2772 αὐτὸν
1604 2757 1619 2781 ,
1648 2719 1731 2771 ὅτι
1761 2716 1955 2787 θνητός

279 2811 339 2864 τέ
362 2813 479 2865 ἐστι
516 2811 611 2864 καὶ
654 2809 943 2881 ἐπίκηρος,
974 2808 1069 2863 καὶ
1104 2806 1276 2879 ταύτῃ
1314 2806 1514 2860 πείθων
1543 2806 1809 2878 μηδέποτε
1844 2821 1955 2857 τοι·

281 2898 420 2954 αῦτα
477 2896 841 2969 φαντάζεσθαι
881 2898 975 2950 καὶ
1019 2895 1401 2967 ὀνειροπολεῖν·
1445 2895 1540 2949 καὶ
1583 2894 1691 2966 γὰρ
1726 2888 1877 2946 εἶπεν
1927 2893 1955 2945 ὁ

281 2986 542 3050 διάϐολος·
562 2989 822 3041 Ἔσεσθε
834 2986 914 3051 ὡς
925 2986 1066 3038 θεοί.
1082 2982 1382 3056 Πρόρῤιζον
1395 2979 1487 3036 οῦν
1502 2982 1704 3053 ταύτην
1720 2982 1958 3035 ἀνασπά-

284 3090 373 3128 σαι
410 3074 727 3147 βουλόμενος
746 3074 845 3144 τὴν
868 3072 1095 3132 ἔννοιαν,
1126 3070 1435 3135 πολυπαθὲς
1465 3070 1628 3125 αὐτοῦ
1651 3069 1745 3124 καὶ
1764 3069 1954 3123 ταλαί-

282 3180 464 3235 πωρον
491 3163 553 3216 τὸ
591 3161 747 3232 σῶμα
779 3160 1081 3230 πεποίηκε,
1127 3159 1195 3212 δι’
1238 3158 1408 3228 αὐτῆς
1445 3159 1544 3229 τῆς
1583 3157 1799 3227 φύσεως
1832 3174 1958 3210 παι-

281 3251 452 3306 δεύων
478 3250 659 3315 αὐτὸν,
697 3248 967 3319 μηδέποτε
989 3247 1245 3318 τοιαύτην
1266 3246 1452 3299 λαϐεῖν
1477 3246 1705 3301 ἔννοιαν.
1743 3246 1854 3298 Καὶ
1875 3246 1957 3298 ὅτι

282 3338 440 3392 τοῦτό
464 3341 610 3393 ἐστιν
641 3336 859 3407 ἀληθὲς,
896 3335 1130 3406 μάλιστα
1162 3335 1258 3405 μὲν
1284 3333 1381 3388 καὶ
1401 3334 1466 3387 ἐκ
1498 3333 1607 3386 τῶν
1636 3334 1722 3386 ἐπ’
1747 3331 1956 3386 ἐκείνου

283 3426 663 3498 γεγενημένων
707 3424 884 3496 δῆλον·
931 3424 1069 3495 μετὰ
1107 3422 1215 3494 γὰρ
1249 3423 1350 3492 τὴν
1383 3421 1708 3493 προσδοκίαν
1744 3422 1958 3490 ἐκείνην

284 3514 456 3586 ταύτῃ
496 3513 861 3584 κατεδικάσθη
900 3516 968 3584 τῇ
1006 3512 1265 3583 τιμωρίᾳ.
1310 3511 1421 3565 Καὶ
1462 3511 1653 3563 σκόπει
1689 3526 1778 3580 μοι
1821 3509 1957 3563 Θεοῦ

288 3601 520 3655 σύνεσιν·
562 3603 661 3656 οὐκ
682 3601 893 3671 ἀφῆκεν
924 3601 1087 3653 αὐτὸν
1112 3600 1327 3670 πρῶτον
1356 3597 1669 3661 ἀποθανεῖν,
1711 3596 1846 3650 ἀλλά
1868 3596 1960 3649 τὸν

286 3690 402 3743 υἱὸν
432 3688 520 3742 τὸν
555 3689 766 3741 ἐκείνου
792 3687 1137 3758 συνεχώρησε
1164 3684 1322 3738 τοῦτο
1358 3684 1570 3747 παθεῖν,
1600 3684 1686 3737 ἵνα
1715 3685 1823 3754 πρὸ
1852 3684 1961 3738 τῶν

284 3776 574 3847 ὀφθαλμῶν
602 3776 722 3830 ἰδὼν
744 3777 804 3829 16
827 3774 987 3845 σῶμα
1012 3774 1316 3844 σηπόμενον
1346 3773 1441 3825 καὶ
1473 3771 1846 3843 φθειρόμενον,
1875 3791 1963 3838 με·

286 3864 457 3936 γάλην
489 3864 597 3918 ἀπὸ
628 3864 725 3933 τῆς
756 3863 933 3933 ὅψεως
968 3861 1171 3933 ταύτης
1202 3860 1419 3932 δέξηται
1464 3858 1612 3932 [ηη
1647 3860 1963 3930 φιλοσοφίας

284 3952 651 4010 διδασκαλίαν,
680 3951 775 4005 καὶ
812 3950 958 4022 μάθῃ
988 3949 1042 4004 τί
1075 3950 1287 4018 γέγονε,
1318 3948 1414 4001 καὶ
1442 3948 1828 4019 σωφρονισθείς
1860 3966 1962 4001 κα·-

285 4040 413 4105 λῶς,
446 4041 618 4105 οὕτως
650 4039 897 4094 ἐντεῦθεν
923 4038 1153 4111 ἀπέλθῃ.

356 4129 606 4183 Μάλιστα
630 4128 726 4198 μὲν
754 4122 867 4189 οὖν,
898 4127 1036 4196 ὅπερ
1070 4125 1227 4195 ἐφην,
1263 4123 1359 4176 καὶ
1391 4123 1456 4176 ἐκ
1476 4121 1583 4176 τῶν
1608 4121 1708 4194 ἤδη
1738 4140 1963 4193 γεγενη-

292 4215 467 4286 μένων
494 4212 651 4268 τοῦτο
670 4212 848 4281 δῆλον,
873 4214 972 4266 οὐκ
989 4209 1209 4265 ἔλαττον
1229 4210 1287 4263 δὲ
1306 4210 1400 4264 καὶ
1419 4211 1485 4263 ἐκ
1502 4209 1608 4263 τῶν
1632 4210 1772 4280 μετά
1791 4208 1963 4263 ταῦτα

292 4301 679 4374 ῥηθησομένων
723 4300 876 4353 ἔσται
922 4299 1174 4370 φανερόν.
1222 4298 1286 4351 Εἰ
1328 4297 1437 4369 γὰρ
1485 4298 1699 4369 ἀνάγκῃ
1738 4297 1964 4370 τοιαύτῃ

288 4389 382 4443 τοῦ
425 4390 673 4459 σώματος
711 4386 882 4441 ἐνδεδε
893 4386 1078 4457 μένου,
1121 4384 1219 4438 καὶ
1260 4384 1478 4438 πάντων
1513 4384 1963 4455 ἀποθνησκόντων

289 4479 386 4531 καὶ
439 4475 807 4549 φθειρομένων
858 4476 952 4529 καὶ
995 4473 1317 4545 σηπομένων
1362 4476 1420 4526 ἐν
1471 4477 1591 4538 ταῖς
1640 4473 1894 4527 ἁπάντων
1934 4473 1962 4515 ι»

290 4564 447 4634 ὂψεσι
479 4564 572 4618 καὶ
601 4562 993 4634 διαλελυμένων
1023 4563 1102 4624 εἰς
1130 4560 1299 4625 κόνιν,
1328 4560 1424 4614 καὶ
1451 4560 1560 4613 τῶν
1590 4559 1786 4627 ἔξωθεν
1812 4560 1964 4631 φιλο-

293 4652 471 4720 σόφων
488 4652 585 4705 ἐνα
608 4652 703 4705 καὶ
729 4650 919 4705 τοῦτον
954 4648 1333 4721 ποιησαμένων
1362 4649 1816 4721 συμπληρωτικὸν
1840 4652 1964 4722 ὅρον

294 4738 387 4794 τοῦ
435 4739 544 4792 τῶν
591 4737 893 4811 ἀνθρώπων
935 4738 1125 4807 γένους
1153 4737 1539 4809 (ἐρωτηθέντες
1578 4737 1709 4809 γὰρ,
1746 4738 1799 4791 τί
1832 4755 1964 4791 ποτε

292 4827 577 4899 ἄνθρωπός
608 4827 744 4889 ἐστι,
787 4825 924 4890 ζῶον
963 4824 1177 4894 λογικὸν
1223 4824 1415 4894 θνητὸν
1456 4821 1651 4896 εἷπον)·
1698 4828 1747 4879 εί
1784 4826 1963 4880 τοίνυν

295 4916 513 4969 πάντων
537 4912 711 4968 ταῦτα
736 4913 1141 4984 ὁμολογούντων
1170 4913 1472 4985 ἐτόλμησαν
1496 4914 1724 4977 ἐαυτούς
1751 4913 1965 4968 01:090-

293 5002 507 5057 νατίσαι
549 5002 691 5066 τινὲς
732 5003 789 5055 ἐν
824 5005 945 5066 ταῖς
982 5002 1091 5055 τῶν
1132 5001 1342 5055 πολλῶν
1383 5001 1701 5073 ὐπολήψεσι,
1736 5002 1831 5056 καὶ
1868 5003 1965 5073 τῆς

293 5091 467 5160 διιιεως
511 5090 890 5162 μαρτυρούσης
925 5091 1016 5144 τὸν
1055 5089 1316 5149 θάνατον,
1354 5088 1762 5159 ἐφιλονείκησαν
1801 5091 1966 5163 ἀναρ-

296 5179 526 5251 ρηθῆναι
551 5178 683 5245 θεοὶ,
706 5180 799 5233 καὶ
822 5179 1157 5249 ἐτιμήθησαν
1180 5177 1373 5240 οὕτως·
1389 5178 1442 5229 ἐἰ
1465 5177 1538 5246 μὴ
1572 5176 1966 5249 προύχώρησεν

292 5269 323 5322 6
348 5267 575 5332 θάνατος
606 5266 871 5321 διδάσκων
915 5266 1159 5328 ἅπαντας
1203 5266 1263 5318 16
1301 5265 1400 5335 τῆς
1438 5264 1652 5333 φύσεως
1702 5266 1965 5337 ἐπίκηρον

296 5356 389 5409 καὶ
415 5355 673 5427 φθαρτὸν,
707 5355 810 5409 ποῦ
843 5357 944 5409 οὐκ
978 5355 1045 5409 ἂν
1073 5352 1339 5423 ἐξέϐησαν
1366 5352 1615 5414 ἀσεϐείας
1642 5352 1826 5406 πολλοὶ
1854 5353 1964 5407 τῶν

294 5443 632 5513 ἀνθρώπωνς
663 5446 927 5498 Ἄκουσον
958 5442 1136 5495 τοίνυν
1173 5440 1226 5494 τί
1266 5456 1429 5509 φησιν
1463 5440 1492 5492 6
1518 5444 1801 5512 προφήτης
1837 5442 1965 5512 περί

294 5548 438 5595 τινος
494 5531 766 5603 βαρϐάρου
818 5531 1080 5602 βασιλέως
1137 5528 1391 5599 τοιαύτην
1436 5528 1694 5600 μανέντος
1744 5529 1961 5599 μανίαν·

359 5670 388 5699 Ι
418 5670 506 5699 Alli
529 5672 629 5699 sui:

359 5670 388 5699 ι
495 5671 505 5683 .
606 5672 629 5684 ..

354 5729 386 5796 ιι
529 5673 728 5787 ἔάῖς
750 5734 833 5781 ἀπ.
856 5734 1012 5783 Paulo
1033 5737 1145 5796 post
1169 5734 1344 5784 Morel.
1366 5735 1448 5785 ἕνα
1468 5735 1549 5784 καὶ
1570 5732 1738 5785 τοῦτον
1756 5752 1963 5794 ποιησα-

385 5809 468 5863 ων.
491 5792 638 5842 Savil.
665 5796 715 5863 ig
740 5801 880 5863 lex!!!
902 5796 984 5863 ἕνα
1018 5792 1108 5863 καὶ.
1127 5796 1307 5845 τούτων
1328 5798 1683 5863 ποιησαμένων,
1709 5806 1811 5849 tres
1841 5792 1959 5847 mss.

370 5866 414 5903 ν.
434 5858 487 5901 in
508 5868 657 5919 marg.
683 5856 765 5903 ἕνα
787 5857 866 5903 καὶ
888 5856 969 5903 τὸν
1001 5857 1143 5906 αὐτὸν
1176 5856 1527 5920 ποιησαμένων,

1017 253 1075 310 S.
1118 252 1405 310 JOANNIS
1443 251 1943 310 CIIRYSOSTOMI
1983 250 2305 308 ARCHIEP.
2345 244 2896 307 CbNSTANTINOP.

3622 247 3731 301 5’22

2056 366 2291 420 Ἐπίίνω
2317 363 2435 417 τῶν
2488 364 2725 431 ἄστρων
2758 361 2863 416 τοῦ
2910 356 3169 428 οὐρανοῦ
3194 358 3381 426 θήσω.
3422 360 3575 429 φησὶ,
3619 362 3735 413 τὸν

2054 454 2269 522 θρόνον
2290 469 2429 522 μου,
2460 451 2558 505 καί
2582 450 2796 519 ἔσομαι
2822 447 3022 517 ὅμοιος
3051 444 3133 512 τῷ
3174 448 3446 515 Ὑψίστῳ.
3466 441 3598 501 Εῐτα
3629 465 3737 501 κα-

2056 538 2298 609 ταγελῶν
2339 537 2528 603 αὐτοῦ,
2564 537 2661 592 καὶ
2700 536 2802 607 τὴν
2838 533 3097 606 τελευτὴν
3117 534 3279 588 αὐτοῦ
3305 534 3500 605 δηλῶν,
3540 535 3731 605 φησίν·

2063 626 2369 681 ’Υποκάτω
2405 639 2523 681 σου
2560 624 2906 694 στρώσουσι
2950 623 3170 691 σῆψιν,
3212 621 3315 677 καὶ
3358 623 3424 677 τὸ
3467 621 3736 677 κατακά-

2050 712 2255 783 λυμμά
2283 724 2306 753 ε
2332 730 2448 768 σου
2477 710 2743 778 σκώληξ.
2779 713 2845 763 Ὃ
2878 709 2936 763 δέ
2963 709 3111 779 λέγει
3134 708 3375 764 τοιοῦτόν
3405 711 3571 763 ἐστιν·
3600 711 3736 762 Ἀν-

2053 800 2270 870 θρωπος
2302 800 2560 871 τοιαύτην
2600 799 2885 868 ἀναμένων
2925 798 3203 868 τελευτὴν,
3258 796 3482 852 τοιαῦτα
3522 797 3735 866 φαντά-

2053 884 2240 949 ζεσθαι
2267 886 2605 958 ἐτόλμησας;
2632 885 2741 938 Καὶ
2769 886 2896 957 περὶ
2918 884 3109 955 ἐτέρου
3129 884 3293 937 πάλιν
3319 884 3415 937 τοῦ
3442 884 3730 955 βασιλέως,

2051 973 2195 1040 λέγω
2220 973 2329 1027 τῶν
2360 974 2595 1044 Τυρίων,
2624 973 2852 1026 τοιαῦτα
2884 972 3384 1036 κατασκευάζοντος
3415 973 3509 1025 καὶ
3538 972 3730 1042 βουλο-

2055 1060 2215 1129 μένου
2242 1060 2555 1132 νομίζεσθαι
2598 1060 2741 1123 θεοῦ,
2786 1059 2939 1130 φησί·
2971 1058 3049 1112 Σὺ
3079 1057 3148 1111 δὲ
3181 1060 3293 1112 οὐκ
3322 1055 3382 1112 εἶ
3397 1059 3552 1124 θεὸς,
3586 1057 3732 1113 ἀλλ’

2052 1145 2378 1214 ἅνθρωπος,
2408 1148 2507 1202 καί
2534 1152 2589 1203 οἱ
2612 1145 3120 1213 κατακεντοῦσι-τός
3146 1163 3219 1200 σε
3248 1147 3423 1200 τοῦτο
3458 1147 3731 1215 ἐροῦσιν.

2055 1235 2215 1287 Ὥστε
2247 1235 2449 1289 ἄνωθεν
2478 1236 2575 1289 καὶ
2602 1234 2720 1307 μεθ’
2748 1233 3055 1307 ὑπερϐολῆς
3092 1233 3335 1303 ἀναιρῶν
3372 1232 3472 1304 τῆς
3509 1233 3732 1287 εἰδωλο-

2050 1319 2304 1389 λατρείας
2326 1321 2426 1392 τὴν
2450 1320 2706 1375 ὑπόθεσιν
2726 1363 2741 1386 ,
2764 1319 3007 1374 τοιοῦτον
3036 1321 3169 1391 ἡμῖν
3193 1320 3255 1373 τὸ
3285 1320 3444 1390 σῶμα
3469 1320 3731 1390 ἐποίησεν

2052 1410 2081 1461 ὀ
2108 1408 2260 1472 Θεός.
2290 1408 2401 1463 Καὶ
2428 1409 2482 1463 τί
2511 1406 2812 1480 θαυμάζεις
2835 1409 2885 1461 εἰ
2921 1408 3015 1461 ἐπὶ
3040 1408 3135 1461 τοῦ
3168 1406 3418 1478 σώματος
3442 1407 3603 1461 τοῦτο
3629 1406 3729 1476 γέ·

2052 1512 2229 1562 γονεν,
2255 1495 2388 1550 ὅπου
2418 1513 2483 1565 γε
2509 1497 2604 1550 καὶ
2629 1496 2725 1549 ἐπὶ
2745 1495 2845 1567 τῆς
2873 1495 3051 1565 ψυχῆς
3077 1494 3223 1548 ἐστιν
3255 1495 3382 1547 ἰδεῖν
3406 1494 3647 1549 τοιοῦτόν
3673 1512 3731 1550 τι

2053 1582 2455 1653 γεγενημένον;
2481 1582 2693 1655 Θνητὴν
2723 1582 2823 1653 μὲν
2850 1582 2957 1653 γὰρ
3019 1582 3119 1636 οὐκ
3158 1581 3435 1653 ἐποίησεν.
3469 1581 3584 1635 ἀλλ’
3619 1583 3730 1653 ἀφ-

2055 1669 2188 1740 ἧκεν
2214 1670 2477 1725 ἀθάνατον
2504 1666 2662 1724 εἶναι·
2693 1670 2830 1742 λήθῃ
2848 1670 2905 1723 δὲ
2933 1671 3025 1723 καὶ
3056 1670 3246 1740 ἀγνοίᾳ
3283 1671 3377 1724 καὶ
3404 1669 3611 1742 ἀθυμία
3632 1670 3732 1724 καὶ

2053 1758 2328 1828 φροντίσιν
2386 1758 2686 1812 ὑπεύθυνον
2743 1758 2914 1829 αὐτὴν
2966 1758 3369 1811 κατεσκεύασε*
3424 1759 3519 1813 καὶ
3569 1758 3733 1812 τοῦτο

2054 1844 2326 1915 ἐποίησεν,
2370 1847 2457 1900 ἵνα
2511 1846 2586 1917 μὴ
2639 1846 2773 1918 πρὸς
2801 1847 2900 1917 τὴν
2942 1846 3149 1899 οἰκείαν
3198 1844 3475 1914 εὐγένειαν
3520 1846 3728 1910 ἰδοῦσα,

2056 1933 2280 2002 μείζονα
2305 1936 2403 2005 τῆς
2430 1934 2635 1996 οἰκείας
2659 1934 2817 2002 ἀξίας
2843 1935 3047 1988 ἔννοιαν
3077 1933 3236 2005 λάϐῃ.
3272 1936 3335 1987 ΕΞ
3361 1934 3467 2005 γὰρ
3491 1934 3583 1988 καὶ
3605 1936 3730 1988 τού-

2050 2035 2158 2071 των
2190 2020 2359 2073 ὄντων
2384 2021 2687 2092 ἐτόλμησάν
2725 2039 2870 2085 τινες
2902 2024 3097 2085 εἰπεῖν,
3132 2022 3214 2075 ὅτι
3251 2022 3350 2092 τῆς
3381 2022 3569 2084 οὐσίας
3603 2024 3725 2075 ἐστὶ

2052 2105 2144 2159 τοῦ
2171 2105 2327 2160 Θεοῦ·
2359 2110 2406 2162 εἰ
2436 2110 2528 2161 καὶ
2552 2107 2754 2162 τούτων
2776 2109 3089 2180 ἀπήλλακτο
3118 2109 3226 2161 τῶν
3259 2108 3468 2173 παθῶν,
3500 2110 3603 2163 ποῦ
3628 2111 3732 2164 οὐκ

2052 2193 2117 2245 ἂν
2150 2190 2311 2265 ἦλθον
2334 2188 2478 2249 οὗτοι
2515 2196 2744 2266 μανίας;
2775 2196 2921 2267 Πλὴν
2953 2196 3066 2249 ἀλλ’
3091 2196 3227 2267 ὅπερ
3253 2196 3347 2249 ἐπὶ
3371 2196 3467 2268 τῆς
3497 2198 3732 2261 κτίσεως

2051 2279 2254 2348 ἔλεγον,
2284 2280 2444 2336 τοῦτο
2472 2284 2568 2336 καὶ
2592 2284 2686 2336 ἐπὶ
2720 2282 2813 2337 106
2850 2284 3098 2352 σώματος
3127 2284 3289 2353 λέγω,
3325 2286 3406 2338 ὅτι
3434 2286 3635 2355 ὁμοίως
3659 2285 3730 2338 δι’

2051 2368 2335 2441 ἀμφότερα
2390 2370 2563 2423 ταῦτα
2614 2371 2877 2442 θαυμάζω
2914 2372 3005 2425 τὸν
3044 2371 3197 2437 Θεὸν,
3243 2373 3338 2426 καὶ
3381 2372 3464 2426 ὃτι
3492 2372 3733 2444 φθαρτὸν

2052 2455 2182 2507 αὐτὸ
2213 2456 2433 2529 ἐποίησε
2457 2498 2473 2521 ,
2514 2460 2607 2512 καὶ
2647 2460 2729 2512 ὅτι
2771 2460 2828 2511 ἐν
2866 2462 2932 2531 τῇ
2974 2459 3148 2531 φθορᾷ
3185 2460 3284 2529 τὴν
3325 2460 3529 2514 οἰκείαν
3577 2461 3734 2531 ἰσχὺν

2053 2542 2365 2607 ἐπεδείξατο
2412 2546 2504 2598 καὶ
2539 2546 2750 2616 σοφίαν.
2808 2547 2931 2600 Ὅτι
2980 2548 3076 2617 μὲν
3119 2548 3226 2619 γὰρ
3283 2546 3544 2618 βελτίονος
3597 2548 3735 2600 αὐτὸ

2061 2629 2213 2698 ίσχυε
2242 2632 2464 2702 ποιῆσαι
2491 2633 2642 2705 ῦλης,
2676 2631 2877 2699 ἔδειξεν
2903 2636 2966 2688 ἐκ
2992 2635 3085 2688 τοῦ
3111 2636 3363 2706 οὐρανίου
3395 2653 3455 2690 τε
3479 2634 3735 2706 σώματος

2056 2718 2150 2770 καὶ
2183 2718 2276 2771 τοῦ
2318 2720 2567 2790 ἡλιακοῦ.
2600 2722 2657 2773 '0
2689 2721 2797 2792 γάρ
2841 2724 3023 2776 ἐκεῖνα
3066 2722 3290 2776 τοιαῦτα
3338 2727 3598 2794 ποιήσας,
3636 2724 3734 2777 καὶ

2052 2804 2211 2859 τοῦτο
2241 2807 2477 2861 τοιοῦτον
2506 2809 2727 2879 ποιῆσαι
2766 2806 2819 2870 ἀ,
2868 2809 3026 2880 εἴπερ
3064 2808 3338 2879 ἐθέλησεν,
3384 2813 3601 2880 ἴσχυσεν
3640 2811 3730 2865 ἀν·

2054 2894 2169 2948 ἀλλ’
2192 2896 2225 2965 ή
2255 2894 2401 2948 αἰτία
2418 2897 2517 2966 τῆς
2537 2896 2819 2960 ἀσθενείας
2835 2896 2981 2949 ἐστὶν
2994 2901 3026 2967 ή
3048 2898 3417 2968 προειρημένη
3435 2900 3729 2970 πρόφασις.

2055 2982 2129 3034 Οὐ
2156 2981 2262 3053 μὴν
2276 2981 2433 3036 τοῦτο
2448 2984 2807 3054 ὑποτέμνεται
2826 2984 2921 3038 τοῦ
2936 2987 3010 3055 Δη
3020 2986 3278 3056 μιουργοῦ
3300 2987 3359 3039 16
3373 2986 3575 3057 θαῦμα,
3595 2986 3735 3044 ἀλλὰ

2056 3069 2150 3122 καὶ
2177 3070 2433 3123 ἐπιτείνει
2455 3071 2632 3125 πλέον.
2653 3073 2725 3125 T6
2752 3071 2858 3142 γάρ
2886 3072 3099 3136 εὐτελὲς
3121 3073 3220 3144 τῆς
3240 3075 3423 3136 οὐσίας
3443 3074 3597 3128 τοῦτο
3621 3075 3733 3146 μά-

2054 3157 2210 3209 λιστα
2257 3157 2495 3212 δείκνυσι
2530 3160 2627 3230 τῆς
2662 3160 2858 3232 τέχνης
2899 3161 2960 3213 16
2999 3159 3231 3231 εὔπορον
3266 3162 3358 3215 καὶ
3396 3164 3730 3233 εὐμήχανον,

2054 3243 2134 3297 ὅτι
2157 3245 2213 3296 ἐν
2241 3245 2399 3316 πηλῷ
2419 3246 2514 3299 καὶ
2536 3247 2711 3319 τέφρα
2750 3249 3018 3320 τοσαύτην
3041 3249 3294 3319 ἐνέθηκεν
3319 3251 3603 3321 ἁρμονίαν,
3636 3252 3736 3307 καὶ

2054 3331 2310 3396 τοιαύτας
2343 3333 2624 3405 αἰσθήσεις
2654 3335 2798 3389 οὕτω
2834 3337 3084 3400 ποικίλας
3133 3338 3227 3391 καὶ
3264 3336 3607 3401 παντοδαπὰς
3635 3339 3734 3392 καὶ

2054 3419 2278 3472 τοιαῦτα
2304 3419 2605 3492 δυναμένας
2641 3422 2968 3494 φιλοσοφεῖν.

2130 3504 2276 3578 [118]
2301 3514 2367 3577 γ’.
2389 3508 2780 3582 ’Ὡστεὸσῳπερ
2796 3510 2860 3565 ἂν
2885 3514 3194 3583 κατηγορῇς
3208 3512 3299 3567 τοῦ
3316 3511 3415 3583 τῆς
3439 3511 3625 3575 οὐσίας
3647 3512 3734 3567 εὐ-

2056 3593 2268 3663 τελοῦς,
2324 3597 2561 3668 τοσούτῳ
2612 3599 2810 3670 μᾶλλον
2857 3599 3138 3669 θαύμασον
3186 3601 3248 3653 16
3305 3601 3588 3672 μεγαλεῖον
3630 3598 3734 3668 τῆς

2057 3681 2271 3753 τέχνης.
2307 3683 2460 3737 Ἐπεὶ
2482 3687 2575 3739 καὶ
2595 3687 3031 3758 ἀνδριαντοποιὸν
3053 3688 3151 3758 οὐχ
3175 3687 3318 3741 οὓτω
3346 3688 3607 3759 θαυμάζω
3639 3687 3733 3741 τὸν

2059 3770 2168 3823 ἀπὸ
2197 3772 2398 3842 χρυσοῦ
2433 3773 2594 3827 καλὸν
2628 3774 2920 3846 ἀνδριάντα
2954 3775 3231 3836 ποιοῦντα,
3261 3777 3335 3838 ὼς
3367 3776 3456 3830 τὸν
3487 3776 3595 3829 ἀπὸ
3624 3792 3734 3846 πη-

2059 3857 2151 3911 λοῦ
2183 3859 2278 3912 τοῦ
2306 3860 2685 3927 διαπίτποντος
2718 3865 2782 3934 τῇ
2811 3862 2909 3934 τῆς
2937 3863 3130 3934 τέχνης
3172 3864 3402 3935 εὐπορίᾳ
3436 3864 3734 3933 δυνάμενον

2062 3946 2255 4011 κάλλος
2299 3948 2560 4013 ἐπιδεῖξαι
2614 3950 2862 4014 πλάσεως
2922 3949 3232 4021 θαυμαστὸν
3286 3952 3381 4004 καὶ¹
3432 3951 3728 4023 ἀμήχανον.

2060 4033 2210 4087 Ἐκεῖ
2249 4036 2345 4105 μὲν
2374 4036 2482 4108 γὰρ
2516 4037 2608 4090 καὶ
2642 4037 2881 4090 συντελεῖ
2904 4039 3011 4108 τιή
3042 4039 3139 4110 ὕλη
3178 4037 3255 4110 τῷ
3299 4039 3606 4102 πλάττοντι,
3646 4042 3734 4094 ἐν·

2060 4121 2232 4175 ταῦθα
2260 4122 2337 4185 δὲ,
2357 4123 2536 4194 γυμνὴ
2572 4124 2672 4194 τῆς
2704 4123 2903 4195 τέχνης
2931 4126 3077 4178 ἐστὶν
3112 4128 3143 4197 ἡ
3171 4127 3446 4194 ἐπίδειξις.

2132 4209 2203 4262 Σὺ
2259 4209 2315 4262 δὲ
2356 4213 2404 4264 εἰ
2454 4210 2631 4281 βούλει
2680 4212 2873 4282 μαθεῖν
2913 4212 3054 4284 πόση
3096 4212 3188 4267 τοῦ
3233 4215 3733 4288 δημιουργήσαντος

2060 4298 2210 4366 ἡμᾶς
2242 4299 2387 4353 ἐστιν
2428 4300 2461 4371 ὴ
2508 4299 2690 4368 σοφία,
2739 4299 2991 4371 ἐννόησον
3038 4300 3092 4353 τί
3150 4302 3357 4370 γίνεται
3399 4303 3506 4356 ἀπὸ
3535 4305 3724 4374 πηλοῦ·

2059 4384 2114 4437 τί
2157 4384 2214 4437 δέ
2238 4384 2423 4457 ἕτερον
2460 4385 2575 4440 ἀλλ’
2621 4386 2654 4458 ἢ
2692 4386 2912 4450 πλίνθος
2958 4388 3052 4442 καὶ
3092 4388 3366 4461 κέραμος;
3409 4389 3550 4443 Ἀλλ’
3581 4391 3731 4461 ὅμως

2062 4472 2281 4544 ἴσχυσεν
2319 4474 2348 4526 6
2395 4474 2780 4547 ἀριστοτέχνης
2814 4486 2837 4514 ε
2903 4473 3036 4538 Θεὸς
3080 4476 3191 4529 ἀπὸ
3238 4477 3337 4547 τῆς
3379 4476 3511 4550 ὕλης
3560 4482 3618 4545 ἐξ
3663 4475 3729 4552 ἦς

2062 4559 2267 4629 γίνεται
2320 4562 2561 4634 κέραμος
2619 4564 2712 4617 καὶ
2759 4563 2973 4626 πλίνθος
3013 4564 3209 4635 μόνον,
3272 4564 3547 4636 ὀφθαλμὸν
3589 4568 3733 4625 οὕτω

2062 4648 2283 4720 ποιῆσαι
2337 4650 2499 4704 καλὸν
2527 4690 2541 4713 ,
2601 4651 2675 4716 ὡς
2724 4652 2967 4716 ἅπαντας
3023 4652 3342 4723 ἐκπλήττειν
3392 4656 3514 4718 τοὺς
3562 4656 3735 4727 ὁρῶν-

2063 4754 2180 4802 τας,
2225 4737 2315 4790 καὶ
2363 4737 2632 4809 τοσαύτην
2682 4740 2915 4794 ἐνθεῖναι
2950 4740 3126 4811 τούτῳ
3177 4740 3425 4812 δύναμιν,
3470 4742 3546 4806 ὡς
3569 4744 3732 4814 ἀέρος

2060 4824 2312 4879 τοσοῦτον
2361 4825 2492 4895 ὕψος
2530 4827 2796 4900 καθορᾷν,
2835 4830 2928 4883 καὶ
2982 4831 3183 4900 μικρᾶς
3235 4829 3405 4901 κόρης
3450 4830 3733 4901 ἀντιλήψει

2062 4914 2300 4967 τοσαῦτα
2338 4914 2765 4985 περιλαμϐάνειν
2799 4917 3048 4987 σώματα,
3098 4919 3191 4970 καὶ
3238 4917 3359 4987 ὅρη,
3392 4918 3488 4971 καὶ
3531 4920 3732 4983 νάπας,

2063 5001 2159 5055 καὶ
2190 5001 2429 5073 βουνοὺς,
2464 5003 2559 5056 καὶ
2596 5004 2832 5077 πελάγη,
2876 5005 2972 5058 καὶ
3006 5004 3231 5076 οὐρανὸν
3271 5005 3336 5057 δι’
3374 5005 3591 5076 ἐκείνης
3633 5007 3734 5078 τῆς

2066 5090 2287 5160 μικρᾶς.
2316 5089 2407 5160 Μὴ
2430 5091 2605 5144 τοίνυν
2636 5091 2796 5164 εἴπῃς
2825 5109 2912 5163 μοι
2937 5092 3006 5145 τὰ
3030 5094 3238 5164 δάκρυα
3266 5093 3360 5146 καὶ
3393 5093 3492 5157 τὰς
3519 5093 3730 5164 λήμας·

2062 5175 2218 5228 τοῦτο
2243 5176 2352 5250 γὰρ
2374 5176 2463 5229 διὰ
2489 5178 2587 5248 τὴν
2623 5178 2722 5249 σὴν
2746 5178 3024 5249 ἁμαρτίαν
3050 5180 3276 5247 γέγονεν
3292 5193 3306 5207 ·
3332 5180 3447 5233 ἀλλ’
3480 5182 3735 5252 ἐννόησον

2063 5264 2229 5319 αὐτοῦ
2280 5266 2340 5317 16
2393 5265 2608 5329 κάλλος,
2664 5268 2759 5319 καὶ
2805 5266 2903 5335 τὴν
2956 5266 3184 5335 δύναμιν
3214 5266 3314 5338 τὴν
3350 5268 3598 5340 ὀπτικὴν,
3638 5271 3734 5324 καὶ

2064 5353 2182 5417 πῶς
2214 5353 2468 5409 τοσοῦτον
2502 5354 2670 5408 ἐπιὼν
2706 5355 2867 5425 ἀέρος
2901 5356 3073 5425 μῆκος
3105 5357 3167 5408 οὐ
3203 5356 3399 5427 κάμνει
3429 5358 3523 5410 καὶ
3543 5360 3737 5411 1010:-

2066 5444 2259 5512 πωρεῖ,
2296 5441 2433 5496 ἀλλά
2463 5442 2620 5505 πόδες
2649 5441 2746 5510 μὲν
2783 5442 2961 5508 ὀλίγον
2993 5442 3343 5512 προελθόντες
3389 5444 3611 5498 πονοῦσι
3638 5448 3735 5499 καὶ

2065 5528 2385 5595 ἐκλύονται,
2431 5526 2706 5600 ὀφθαλμὸς
2760 5528 2817 5582 δὲ
2862 5529 3060 5583 ὁδεύων
3118 5529 3340 5584 τοσοῦτο
3401 5532 3500 5602 μὲν
3559 5531 3731 5603 ὕψος,

2124 5666 2146 5694 °
2175 5668 2403 5735 Saviliet
2436 5671 2633 5733 plurimi
2663 5683 2779 5719 mss.
2805 5670 2860 5718 16
2888 5671 3155 5734 κατάλυμα.
3187 5673 3363 5724 Morel.
3386 5680 3439 5722 et
3472 5673 3731 5735 pauciores

2061 5731 2117 5780 16
2138 5731 2503 5780 κατακάλυμιὶα.

2123 5791 2152 5831 ἆ
2173 5794 2270 5841 Alii
2297 5791 2599 5855 ἐργάσασθαι.

2130 5860 2153 5888 ⁸
2191 5855 2272 5905 Sic
2293 5855 2444 5904 Savil.
2470 5861 2523 5903 et
2541 5869 2631 5906 ms.
2657 5854 2828 5905 Morel.
2855 5858 2882 5904 ό
2902 5856 3130 5919 τεχνίτης.
