3912 6230
263 367 476 423 .Contra
506 363 841 425 Manicth
883 362 1520 433 (equitum—Gentilium
1561 380 1688 419 vero
1727 371 1782 419 et

196 457 572 515 haereticorum
598 456 750 511 multi
775 471 841 511 ne
877 453 1069 510 factum
1097 455 1310 526 quidem
1349 473 1377 512 a
1420 457 1530 512 Deo
1557 456 1779 513 dicunt:

197 552 474 622 indignum
502 550 645 605 enim
676 549 768 604 Dei
796 547 1067 603 creatione
1103 562 1224 603 esse
1263 557 1470 618 putant,
1493 549 1701 612 sordes,
1730 555 1784 602 et

195 644 441 707 sudores,
486 651 540 698 et
570 643 852 712 lacrymas,
879 651 932 696 et
955 641 1186 705 labores,
1216 649 1271 693 et
1293 655 1578 704 aerumnas,
1601 650 1656 694 et
1680 639 1783 693 alia

196 732 442 802 corporis
481 733 657 788 omnia
689 740 1081 802 percurrentes.
1123 730 1235 801 Ego
1267 740 1463 796 autem,
1505 739 1784 799 postquam

196 825 267 880 de
287 825 371 879 his
393 833 602 892 emptus
626 835 706 879 est
728 838 905 877 sermo
925 864 938 887 ,
965 822 1191 891 primum
1217 822 1430 890 quidem
1461 821 1585 875 illr'l
1608 820 1786 875 dicere

199 930 414 987 possem
448 931 462 967 :
492 914 570 969 Ne
610 913 741 968 mihi
782 928 1052 986 proponas
1082 913 1349 967 hominem
1375 911 1513 966 hunc
1538 910 1787 978 praevari-

196 1017 400 1068 catum,
428 1005 632 1059 honore
686 1005 974 1075 privatum,
1002 1004 1344 1068 damnatum;
1383 1003 1474 1058 sed
1504 1003 1548 1056 si
1589 1003 1667 1057 vis
1700 1001 1784 1056 di-

197 1109 372 1161 scere,
397 1096 552 1166 quale
574 1095 728 1149 nobis
743 1095 810 1150 ab
830 1095 980 1149 initio
1003 1095 1146 1149 Deus
1163 1094 1368 1150 finxerit
1385 1108 1600 1166 corpus,
1622 1094 1672 1147 in
1695 1109 1786 1164 pa-

196 1185 437 1240 radisum
454 1202 656 1249 eamus,
676 1198 729 1241 et
745 1185 811 1240 ab
828 1185 976 1239 initio
996 1184 1187 1241 factum
1206 1184 1470 1238 hominem
1490 1184 1784 1238 videamus.

196 1275 316 1330 Non
345 1277 487 1330 enim
509 1276 587 1330 sic
607 1284 722 1330 erat
741 1290 934 1345 corpus
963 1275 1088 1330 illud
1106 1275 1449 1345 corruptibili:
1465 1287 1518 1328 et
1538 1276 1782 1341 mortale,

195 1368 295 1423 sed
325 1376 593 1437 tamquam
631 1381 788 1420 aurea
833 1376 1006 1421 statua
1035 1366 1103 1421 de
1142 1366 1355 1421 fornace
1395 1380 1673 1436 progressa
1701 1381 1788 1421 rc-

195 1466 386 1514 center
415 1468 469 1513 et
495 1458 776 1527 splendide
798 1458 1023 1528 fulgens,
1054 1458 1132 1514 sic
1161 1459 1305 1514 omni
1331 1458 1421 1513 tali
1445 1460 1786 1529 corruptione

196 1552 328 1606 illud
355 1568 550 1622 corpus
574 1552 870 1607 absolutum
903 1562 1017 1607 erat
1042 1569 1056 1604 :
1087 1560 1141 1607 et
1169 1566 1341 1622 neque
1368 1551 1517 1606 labor
1540 1551 1784 1618 vexabat,

197 1658 375 1712 neque
394 1643 558 1697 sudor
581 1644 821 1707 nocebat,
849 1657 947 1697 nec
969 1657 1111 1697 cura:
1131 1642 1533 1708 insidiabantur,
1567 1657 1669 1697 non
1691 1643 1789 1695 oh-

195 1733 447 1788 sidchaut
483 1734 729 1800 tristitiae,
776 1748 874 1788 nec
925 1731 1069 1786 aliud
1115 1732 1401 1803 quidquam
1429 1731 1569 1802 quod
1621 1730 1787 1786 laede-

195 1838 303 1894 ret,
326 1826 652 1897 patiebatur;
686 1834 963 1898 postquam
985 1839 1110 1879 vero
1131 1840 1235 1879 non
1269 1824 1542 1880 moderate
1567 1823 1788 1879 felicita-

195 1928 308 1973 tem
332 1920 472 1983 tulit,
496 1918 590 1974 sed
614 1917 1006 1973 benefactorem
1044 1917 1206 1972 homo
1243 1917 1564 1972 contumelia
1588 1915 1783 1981 affecit,

195 2023 253 2067 et
284 2011 526 2069 fallacem
548 2010 753 2081 putavit
778 2009 1075 2064 daemonem
1099 2024 1238 2075 esse,
1268 2009 1623 2079 gubernatore
1652 2008 1782 2074 Deo,

190 2103 289 2172 qui
316 2117 375 2157 se
399 2102 450 2156 in
479 2102 684 2158 honore
708 2103 1074 2166 constituerat,
1114 2102 1215 2156 fide
1240 2102 1554 2172 digniorem,
1581 2111 1635 2156 et
1653 2101 1786 2156 deus

195 2194 314 2251 fieri
350 2194 610 2264 speravit,
642 2204 696 2249 et
736 2193 991 2263 majorem
1024 2192 1233 2264 propria
1259 2193 1513 2264 dignitate
1544 2194 1790 2263 concepit

193 2284 502 2354 opinionem
532 2301 545 2337 :
578 2291 705 2338 tunc
732 2282 984 2353 profecto,
1013 2292 1140 2338 tunc
1163 2291 1217 2338 et
1244 2299 1340 2354 per
1364 2284 1474 2353 ipsa
1500 2283 1638 2339 Deus
1658 2298 1786 2353 ope.

192 2392 254 2430 ra
292 2375 464 2445 ipsum
509 2377 758 2435 erudiens
785 2376 1184 2445 corruptibilem
1223 2385 1276 2430 et
1303 2377 1578 2431 mortalem
1604 2377 1787 2432 reddi-

193 2469 296 2533 dit,
316 2478 374 2524 et
403 2469 483 2524 his
505 2470 684 2524 multis
705 2470 942 2526 obvinxit
963 2470 1389 2537 m-cessitatihus,
1411 2487 1514 2526 non
1538 2486 1783 2545 perosus,

192 2577 371 2633 neque
399 2574 676 2617 aversatus
697 2602 714 2629 ,
747 2562 839 2617 sed
870 2562 1154 2618 consulens
1177 2571 1232 2617 et
1282 2562 1576 2632 improbam
1618 2565 1783 2633 pesti—

193 2654 505 2723 lentemque
548 2653 692 2709 illam
718 2653 786 2709 ab
812 2653 959 2708 initio
990 2663 1299 2709 nascentem
1329 2654 1632 2724 superbiam
1662 2663 1796 2724 pro—‘

194 2745 389 2799 bibens
414 2787 429 2811 ,
477 2761 579 2802 nec
617 2745 837 2801 ulterius
880 2745 1171 2815 procedere
1200 2746 1532 2816 permittens,
1564 2747 1658 2802 sed
1689 2762 1786 2817 per

191 2835 365 2904 ipsam
394 2851 576 2890 rerum
598 2836 980 2906 experientiam
1004 2851 1226 2891 monens
1253 2852 1396 2900 eum,
1418 2837 1559 2910 quod
1581 2847 1782 2892 morta-

191 2925 260 2981 iis
286 2934 344 2981 et
375 2928 736 2995 corruptibilis
769 2936 944 2994 esset,
974 2938 1027 2983 et
1054 2927 1125 2982 ita
1164 2927 1517 2999 persuadens,
1546 2936 1603 2983 ut
1631 2946 1782 2983 num-

189 3034 353 3091 quam
387 3020 508 3073 talia
538 3020 814 3089 cogitaret,
847 3029 935 3075 aut
961 3019 1285 3076 somniaret:
1319 3022 1514 3076 etenim
1541 3020 1784 3077 diabolus

187 3110 402 3166 dixerat
431 3128 444 3164 :
475 3108 636 3164 Erilis
660 3111 790 3164 velut
819 3112 894 3165 dii
922 3109 1085 3183 (Gen.
1118 3112 1170 3166 5.
1208 3112 1297 3181 5).
1325 3111 1474 3167 Hanc
1499 3113 1656 3183 igitur
1682 3129 1781 3168 vo-

188 3204 308 3261 lens
332 3204 655 3259 sententiam
689 3203 939 3259 radicitus
971 3204 1237 3269 evellere,
1266 3205 1572 3261 morbosum
1613 3207 1781 3276 ipsius

185 3307 244 3352 et
268 3310 633 3353 aerumnosum
660 3310 854 3364 corpus
875 3295 1068 3361 effecit,
1092 3310 1186 3365 per
1212 3296 1379 3365 ipsam
1408 3298 1605 3352 docens
1629 3308 1781 3353 natu-

187 3405 305 3445 ram
331 3431 347 3455 ,
380 3404 449 3443 ne
478 3404 725 3458 umquam
762 3390 918 3444 talem
948 3391 1255 3459 Conciperet
1286 3374 1679 3463 cogitationem.
1714 3393 1783 3449 Et

189 3481 335 3550 quod
357 3479 461 3533 hoc
488 3481 557 3533 sit
581 3494 783 3542 verum,
815 3480 1048 3535 maxime
1076 3481 1289 3551 quidem
1313 3491 1452 3538 etex
1480 3484 1643 3554 gestis
1670 3484 1776 3538 ciré

186 3586 249 3626 ca
279 3573 456 3639 ipsum
485 3579 567 3625 est
588 3570 927 3627 manifestum
956 3589 973 3627 ;
1006 3580 1127 3641 post
1151 3572 1295 3627 illam
1325 3575 1467 3632 enim
1499 3585 1776 3645 exspecta-

187 3663 391 3718 tionem
422 3660 525 3715 hac
548 3660 828 3717 damnatus
852 3671 936 3717 est
973 3678 1151 3733 paena.
1201 3663 1270 3719 Et
1316 3666 1597 3722 considera
1648 3667 1777 3723 mihi

186 3753 284 3808 Dei
334 3753 669 3822 prudentiam
701 3771 714 3806 :
744 3769 848 3807 non
894 3754 1064 3824 ipsum
1095 3755 1228 3809 mori
1256 3755 1486 3826 primum
1516 3759 1772 3827 permisit,

184 3844 281 3899 sed
310 3845 415 3898 hoc
440 3837 557 3914 ejus
584 3843 747 3900 filium
766 3844 897 3916 pati,
927 3855 981 3899 ut
1011 3854 1133 3901 ante
1156 3848 1337 3902 oculos
1360 3848 1636 3904 tabescens
1659 3866 1777 3906 cor-

181 3953 285 4008 pus
318 3939 543 3995 intuitus
578 3947 633 3993 et
674 3952 1028 4006 marcescens,
1057 3953 1298 4009 magnam
1339 3955 1403 3997 ex
1433 3939 1537 3997 hoc
1560 3955 1775 4012 aspectu

182 4028 921 4101 philosophitedisciplinam
967 4039 1203 4099 caperet,
1258 4037 1315 4085 et
1363 4030 1594 4087 disceret
1647 4033 1773 4103 quid

178 4125 372 4168 actam
409 4123 587 4179 esset,
632 4124 793 4190 atque
824 4117 897 4169 ita
932 4114 1074 4172 bene
1114 4128 1394 4179 correctus
1442 4119 1571 4176 hinc
1599 4119 1778 4175 disce-

177 4207 354 4264 deret.

267 4299 519 4368 Deﬁnitio
546 4299 762 4355 hominis
782 4299 1056 4379 secundum
1081 4300 1427 4373 ριἰἱιοεορΙιοσ.
1459 4332 1530 4347 -—
1556 4303 1782 4361 Maxime

190 4391 379 4460 igitur,
412 4390 553 4459 quod
592 4389 721 4454 dixi,
763 4399 819 4443 ct
846 4406 910 4448 ex
944 4391 1052 4459 jam
1101 4394 1262 4461 gestis
1303 4393 1405 4448 hoc
1445 4394 1779 4455 manifestum

186 4492 321 4537 est:
356 4497 455 4535 nec
483 4481 657 4535 minus
699 4498 825 4538 vero
865 4494 918 4537 et
961 4498 1028 4538 ex
1071 4484 1189 4538 aliis
1237 4485 1500 4554 posthaec
1541 4486 1781 4542 dicendis

185 4582 443 4643 apertum
484 4574 603 4627 erit.
646 4573 699 4628 Si
743 4574 883 4628 enim
926 4575 1012 4629 tali
1041 4579 1278 4644 corporis
1326 4578 1642 4634 necessitate
1682 4594 1781 4635 nos

188 4666 483 4728 vinciente,
523 4672 577 4717 et
615 4664 861 4719 omnibus
890 4667 1235 4721 morientibus
1270 4670 1775 4741 corruptionemque

186 4754 519 4827 patientibus
546 4763 600 4811 ct
617 4756 1066 4811 marcescentibus
1089 4766 1211 4812 ante
1236 4759 1471 4813 omnium
1493 4760 1696 4827 oculos,
1726 4771 1780 4815 ct

184 4850 384 4905 solutis
433 4848 487 4902 in
545 4849 856 4916 pulverem,
900 4858 955 4902 et
1003 4851 1333 4920 philosophis
1378 4868 1535 4906 unam
1587 4852 1723 4909 hanc
1758 4856 1775 4888 ⁸

184 4938 472 4998 hominum
502 4939 710 5007 generis
741 4939 1109 5008 completivam
1145 4940 1504 4998 definitionem
1540 4943 1780 4999 facienti-

186 5035 322 5090 bus:
346 5035 659 5106 interrogati
685 5052 911 5108 namque
922 5038 1048 5109 quid
1071 5040 1281 5097 tandem
1302 5042 1369 5097 sit
1388 5041 1777 5108 homo,animal

184 5130 474 5193 rationale,
495 5129 738 5184 mortale.
754 5131 936 5185 dicunt
955 5150 969 5187 :
991 5132 1036 5187 si
1067 5134 1224 5203 igitur
1244 5135 1487 5189 omnibus
1504 5136 1617 5191 lucc
1646 5151 1775 5191 con-

184 5223 498 5287 mentibus,
543 5222 658 5277 ausi
701 5231 827 5279 sunt
866 5225 1079 5294 quidam
1126 5241 1186 5282 se
1225 5227 1548 5284 immortales
1600 5228 1777 5283 facere

184 5315 323 5383 apud
355 5313 651 5371 munitorum
681 5315 994 5384 opiniones,
1034 5325 1089 5372 et
1112 5318 1279 5372 oculis
1317 5327 1543 5375 mortem
1590 5320 1777 5377 testiﬁ-

184 5406 456 5471 cantibus,
485 5414 546 5460 ut
562 5404 635 5459 dii
659 5406 932 5474 praedicari
957 5407 1365 5470 contenderunt,
1389 5419 1444 5463 et
1474 5418 1531 5463 ut
1551 5410 1621 5463 dii
1647 5410 1773 5466 culti

186 5506 306 5551 sunt
338 5515 355 5551 :
385 5496 491 5551 nisi
513 5496 795 5567 prodiisset
831 5512 976 5554 mors
1013 5509 1215 5556 natura;
1252 5500 1626 5559 mortalitatem
1653 5517 1772 5559 om-

242 5673 264 5711 ⁸
293 5680 421 5724 Tres
440 5678 555 5723 uss.
578 5678 631 5725 et
642 5680 749 5723 sar.
774 5673 821 5723 in
846 5685 1000 5737 marg.
1028 5684 1041 5726 :
1075 5683 1223 5730 ruam
1244 5680 1292 5729 et
1311 5675 1550 5730 eamdem.

506 5763 779 5829 PATROL
831 5764 945 5829 Gn.
988 5768 1039 5826 Χ
1057 5765 1213 5831 fo.

1087 258 1174 315 AD
1207 261 1527 321 POPULUM
1568 249 2052 318 ANTlOCllENUM
2111 249 2335 308 lthflL.
2368 252 2459 312 XL

3381 259 3482 321 ηιξ

1902 379 1997 420 nes
2043 364 2239 420 docens
2290 378 2344 422 et
2388 356 2902 437 corruptibilitatem.
2935 366 3000 427 ad
3030 367 3154 439 quid
3198 369 3481 440 impietatis

1902 471 2006 511 non
2028 458 2396 526 prorupissent
2425 457 2697 513 hominum
2721 459 2969 528 plurimi?
3000 460 3137 515 Audi
3158 461 3334 532 itaque
3355 463 3479 531 quid

1898 546 2039 601 dicat
2067 547 2320 618 prepbeta
2358 549 2426 606 de
2463 550 2691 621 quodam
2732 550 2959 606 barbaro
2999 566 3123 622 rege
3163 551 3254 606 tali
3303 551 3485 607 furore

1899 647 2056 708 capto
2080 657 2095 694 :
2128 640 2295 710 Super
2317 651 2455 697 astra
2476 641 2571 695 Dei
2612 641 2841 697 exaltabo
2869 643 3052 697 solium
3093 659 3256 697 meum
3279 685 3293 707 ,
3325 652 3371 696 et
3400 660 3484 697 cro

1899 728 2077 784 similis
2096 726 2537 801 AltissimoUsai.
2569 733 2655 786 Η.
2690 733 2775 786 15.
2806 730 2933 803 14).
2977 731 3151 803 ipsum
3181 747 3309 786 vero
3335 731 3482 786 deri-

1901 822 2053 889 dens,
2097 831 2150 878 et
2191 831 2416 877 mortem
2445 823 2561 893 ejus
2589 823 2888 889 declarans,
2934 824 3105 893 inquit
3148 845 3162 878 :
3214 822 3400 878 Subter
3439 833 3486 875 te

1900 924 2117 970 uernent
2158 915 2491 985 putredinem,
2539 926 2585 970 et
2614 917 2975 985 operimentum
3016 926 3155 969 (num
3185 916 3275 969 erit
3304 914 3483 968 vermis

1898 1006 2066 1077 (Ibid.
2101 1023 2152 1062 ν.
2193 1005 2306 1079 if).
2338 1007 2487 1075 Quod
2534 1007 2890 1071 autcmdicit,
2925 1007 3026 1062 tale
3053 1015 3176 1061 est:
3211 1005 3378 1059 Homo
3405 1013 3484 1057 tti-

1900 1099 2007 1154 lem
2037 1107 2349 1169 exspectans
2388 1099 2569 1164 finem,
2603 1099 2728 1154 talia
2756 1099 2991 1169 cogitare
3018 1110 3177 1151 ausus
3198 1096 3295 1151 es?
3322 1096 3387 1150 Et
3415 1094 3483 1148 de

1901 1190 2004 1244 alio
2031 1190 2245 1257 iterum,
2270 1205 2447 1260 regem
2478 1189 2598 1244 dico
2622 1189 2932 1262 Tyriorum,
2964 1189 3154 1243 similia
3182 1195 3479 1257 parantem.

1900 1291 1954 1337 et
1977 1282 2134 1336 deum
2150 1294 2216 1336 'se
2247 1281 2432 1336 haberi
2454 1281 2718 1337 volentem
2749 1299 2763 1335 :
2795 1280 2875 1336 Tu
2898 1295 3034 1348 vero,
3074 1279 3263 1349 inquit,
3304 1295 3404 1332 non
3430 1293 3483 1330 es

1899 1375 2135 1440 deus,sed
2157 1375 2326 1439 homo,
2371 1384 2419 1429 et
2445 1383 2492 1430 te
2516 1384 2789 1446 pungentes
2830 1375 2926 1428 hoc
2954 1373 3120 1427 dicent
3149 1368 3358 1444 (Ezeclr.
3387 1370 3480 1425 28.

1899 1470 1976 1538 9).
2009 1468 2195 1539 Itaque
2219 1484 2246 1522 a
2276 1468 2580 1539 primordiis
2605 1468 2870 1540 superbia:
2896 1476 2949 1522 et
2972 1465 3283 1520 idololatria!
3311 1473 3482 1518 mate-

1899 1560 2031 1615 riam
2062 1561 2269 1628 penitus
2287 1559 2554 1624 auferens,
2580 1559 2721 1615 Deus
2746 1559 2849 1615 tale
2869 1557 3022 1613 nobis
3041 1571 3234 1625 corpus
3259 1554 3481 1626 paravit.

1901 1653 1969 1708 Et
1994 1654 2117 1726 quid
2148 1655 2377 1720 miraris,
2413 1656 2458 1709 si
2482 1655 2533 1710 in
2561 1670 2785 1724 corpore
2811 1654 2914 1713 hoc
2941 1654 3133 1708 factum
3159 1662 3257 1714 est,
3287 1666 3407 1705 cum
3429 1659 3482 1706 et

1900 1742 1953 1797 in
1980 1743 2156 1798 anima
2184 1743 2363 1798 videre
2401 1744 2560 1799 liceat
2604 1745 2708 1799 tale
2755 1745 2881 1815 quid
2917 1743 3165 1816 gestum?
3208 1741 3481 1798 Mortalem

1899 1849 2094 1905 nempe
2125 1835 2265 1889 Deus
2293 1850 2398 1889 non
2443 1835 2598 1902 fecit,
2627 1834 2721 1890 sed
2751 1835 3106 1891 immortalem
3136 1852 3256 1893 esse
3284 1839 3484 1906 permis

1899 1923 1999 1987 sit;
2027 1923 2282 1978 oblivioni
2309 1932 2485 1979 autem
2512 1933 2566 1979 et
2593 1924 2906 1994 ignorantia:
2931 1934 2985 1980 et
3010 1927 3238 1981 tristitia:
3263 1936 3319 1982 et
3342 1929 3485 1982 curis

1899 2014 2182 2073 obnoxiam
2232 2015 2398 2083 ipsam
2444 2014 2677 2070 reddidit
2717 2024 2816 2070 :et
2841 2015 2943 2071 hoc
2967 2016 3110 2082 fecit,
3141 2032 3208 2073 ne
3250 2017 3316 2071 ad
3362 2033 3485 2087 pro-

1900 2104 2068 2174 priam
2089 2106 2501 2175 generositatem
2530 2106 2843 2177 respiciens,
2875 2107 3134 2174 majorem
3158 2107 3371 2176 propria
3398 2107 3484 2160 di-

1899 2196 2101 2266 gnitate
2129 2195 2432 2264 opinionem
2463 2197 2747 2269 concipiat.
2779 2196 2833 2251 Si
2864 2198 3006 2252 enim
3026 2238 3043 2266 ,
3089 2211 3207 2251 cum
3254 2197 3369 2251 inec
3410 2198 3486 2250 ita

1898 2286 2026 2352 sint,
2058 2286 2272 2357 quidam
2317 2286 2496 2342 dicere
2546 2297 2669 2341 sunt
2707 2288 2841 2354 ausi,
2886 2302 3005 2343 eam
3037 2287 3347 2342 substantia:
3390 2288 3481 2343 Dei

1896 2393 2041 2446 esse,
2072 2378 2119 2432 si
2145 2377 2214 2433 ab
2239 2378 2303 2433 iis
2329 2387 2473 2434 esset
2499 2378 2738 2433 ab:oluta
2772 2378 3129 2451 passiouibus,
3159 2378 3223 2432 ad
3251 2377 3373 2449 quid
3403 2376 3480 2436 fu-

1898 2469 2037 2524 roris
2082 2469 2166 2523 isti
2206 2483 2313 2523 non
2359 2469 2780 2537 processissent?
2819 2468 3198 2524 Verumtamen
3238 2467 3379 2537 quod
3415 2469 3481 2522 de

1899 2557 2170 2613 creatione
2196 2558 2382 2613 mundi
2427 2558 2690 2623 dicebam,
2725 2558 2827 2612 hoc
2855 2568 2910 2613 et
2951 2558 3020 2613 de
3059 2573 3282 2629 corpore
3320 2557 3441 2612 dico
3465 2599 3480 2620 ,

1899 2666 1987 2707 me
2011 2650 2257 2709 similiter
2283 2661 2501 2721 propter
2527 2650 2640 2705 hinc
2668 2661 2887 2720 utraque
2918 2651 3083 2708 Deum
3113 2649 3396 2715 admirari,
3428 2661 3479 2704 ct

1899 2742 2040 2817 quod
2066 2743 2409 2813 corruptibile
2434 2744 2603 2815 ipsum
2634 2740 2838 2806 fecerit,
2864 2750 2918 2797 et
2942 2742 3084 2812 quod
3106 2743 3157 2796 in
3187 2741 3527 2813 corruptio.

1899 2848 1971 2889 ne
1994 2834 2263 2904 propriam
2302 2833 2553 2888 virtutem
2584 2842 2638 2888 et
2672 2834 2986 2903 sapientiam
3017 2834 3477 2891 demonstraveril.

1900 2925 2054 2992 Quod
2096 2926 2236 2980 enim
2287 2926 2524 2981 melioris
2572 2927 2744 2995 ipsum
2788 2926 3026 2983 materiae
3067 2925 3240 2981 facere
3278 2940 3478 2995 posset,

1898 3015 2132 3071 ostendit
2173 3030 2239 3071 ex
2279 3013 2475 3070 cmlesti
2508 3031 2733 3086 corpore
2771 3025 2821 3070 ct
2860 3016 3039 3070 solari.
3068 3015 3169 3084 Qui
3209 3016 3350 3072 enim
3392 3017 3478 3075 ilia

1897 3107 2024 3163 fecit
2049 3106 2193 3171 talia,
2226 3111 2408 3162 ethoc
2450 3106 2557 3162 tale
2585 3106 2777 3172 facere,
2815 3108 2859 3161 si
2888 3107 3158 3172 voluisset,
3187 3107 3477 3177 potuisset;

1897 3198 1991 3252 sed
2032 3196 2355 3251 infirmitatis
2383 3211 2542 3250 causa
2580 3204 2664 3252 est
2693 3211 2754 3251 ea
2776 3239 2793 3263 ,
2842 3212 2999 3269 quam
3037 3213 3196 3267 supra
3228 3198 3477 3253 diximus.

1896 3286 2012 3342 Non
2041 3297 2214 3342 tamen
2243 3286 2344 3341 hoc
2380 3286 2673 3341 mirabilem
2705 3288 2810 3340 vim
2838 3285 3113 3349 Creatoris
3127 3288 3342 3351 deterit,
3385 3289 3476 3342 sed

1894 3381 2056 3436 etiam
2092 3380 2320 3450 amplius
2346 3379 2570 3435 intendit
2600 3397 2613 3434 :
2644 3380 2881 3437 materiae
2922 3380 3064 3435 enim
3109 3380 3281 3433 vilitas
3311 3381 3477 3449 magis

1897 3474 2231 3530 demonstrat
2273 3473 2404 3529 artis
2444 3474 2649 3546 copiam
2686 3481 2741 3528 et
2784 3471 3119 3537 facultatem,
3149 3473 3394 3541 quooiam
3425 3473 3477 3526 in

1894 3566 2006 3621 luto
2035 3574 2089 3622 et
2110 3565 2284 3620 favilla
2312 3573 2509 3621 tantam
2534 3565 2708 3634 posuit
2732 3564 3086 3628 harmoniam,
3119 3575 3171 3619 et
3200 3565 3328 3618 tales
3349 3579 3479 3619 seu?

1891 3672 1983 3712 sus
2013 3666 2119 3712 tam
2150 3657 2324 3711 varios
2353 3666 2407 3713 et
2434 3657 2769 3712 omnimodos
2807 3665 2862 3713 et
2888 3666 3089 3712 tantum
3112 3655 3476 3728 philosophari

1890 3749 2144 3804 Valentcs.

1961 3841 2014 3896 '5.
2048 3840 2223 3909 itaque
2244 3847 2440 3910 quanto
2464 3839 2631 3910 magis
2650 3838 2959 3894 substantia:
2987 3838 3291 3893 tenuitatem
3314 3853 3476 3897 accu-

1889 3946 1996 3998 sas,
2029 3941 2173 3986 tanto
2222 3932 2390 4002 magis
2443 3931 2535 3985 Dei
2563 3931 2693 3985 artis
2732 3931 3143 4003 magnitudinem
3186 3930 3471 3992 admirare.

1887 4020 2146 4089 Quoniam
2169 4032 2220 4075 ct
2247 4022 2557 4077 statuarium
2577 4021 2833 4086 admiror,
2855 4031 3082 4082 nontam
3112 4036 3179 4075 ex
3207 4036 3337 4075 auro
3359 4022 3476 4091 pul-

1886 4114 2068 4167 chram
2096 4106 2373 4167 facientem
2391 4121 2643 4175 statuam,
2668 4128 2824 4182 quam
2850 4128 2916 4175 ex
2943 4113 3054 4167 luto
3083 4112 3347 4167 dilabente
3373 4112 3472 4187 mi-

1886 4201 2105 4257 rabilem
2149 4212 2201 4258 et
2242 4203 2700 4274 iuexcogitabilem
2750 4204 2982 4272 figmenti
3023 4204 3469 4275 pulchritudinem

1884 4292 2014 4347 artis
2046 4293 2293 4349 facultate
2332 4293 2586 4349 exhibere
2626 4294 2909 4348 valentem.
2944 4293 3056 4350 illic
3080 4296 3222 4349 enim
3254 4294 3471 4365 fingenti

1886 4387 2108 4440 materia
2145 4400 2355 4457 quoque
2395 4387 2637 4455 confert,
2685 4386 2772 4441 hic
2809 4385 2951 4444 nuda
2992 4397 3074 4442 est
3114 4388 3247 4443 artis
3286 4401 3471 4451 osxcnc

1888 4479 2033 4533 latio.

1953 4569 2051 4623 Dei
2083 4570 2330 4641 sapientia
2354 4570 2408 4628 in
2442 4569 2704 4624 oculorum
2740 4571 3110 4626 constitutione.
3140 4600 3211 4612 -—
3237 4570 3314 4625 Tu
3343 4586 3471 4625 vero

1883 4663 1926 4717 si
1954 4662 2157 4717 discere
2181 4663 2278 4726 vis,
2301 4670 2494 4731 quanta
2522 4664 2591 4716 sit
2614 4664 2749 4732 ejus.
2776 4664 2861 4733 qui
2895 4678 2991 4717 nos
3009 4662 3226 4726 creavit,
3254 4662 3470 4731 sapiens

1886 4756 1978 4822 tia,
2019 4757 2189 4825 cogita
2232 4754 2356 4825 quid
2383 4771 2447 4811 ex
2487 4755 2596 4808 luto
2616 4756 2708 4809 fiat
2736 4772 2750 4811 :
2779 4755 2901 4824 quid
2933 4763 3109 4811 autem
3140 4755 3283 4809 aliud
3311 4770 3468 4825 quam

1884 4849 2017 4902 later
2035 4854 2089 4901 et
2114 4847 2286 4901 testa?
2320 4845 2697 4903 Verumtamen
2736 4848 2969 4917 Optimus
2995 4847 3185 4903 artifex
3228 4848 3367 4905 Deus
3407 4864 3469 4907 ex

1884 4938 2103 4993 materia
2137 4937 2277 4992 unde
2321 4937 2378 4990 fit
2405 4945 2536 4992 testa
2560 4945 2613 4992 et
2641 4937 2775 4991 later
2802 4938 3097 5006 dumtaxat,
3121 4939 3335 4994 oculum
3366 4950 3470 4993 tam

1883 5028 2162 5099 pulchrum
2184 5029 2398 5083 efficere
2426 5029 2612 5097 potuit,
2642 5039 2699 5083 ut
2718 5044 2929 5097 omnes,
2959 5030 3051 5101 qui
3076 5040 3322 5095 cernunt,
3351 5040 3468 5091 stti-

1881 5129 2061 5190 pcant;
2083 5129 2136 5175 et
2155 5127 2354 5173 tantam
2382 5117 2505 5173 huic
2529 5119 2634 5172 vim
2658 5119 2914 5186 inserere,
2940 5130 2997 5174 ut
3016 5121 3155 5176 acris
3181 5121 3465 5176 immanem

1882 5211 2211 5266 altitudinem
2250 5218 2488 5281 spectet,
2529 5219 2585 5265 et
2612 5210 2815 5280 exigua:
2845 5212 3056 5282 pupilla:
3097 5212 3360 5280 adjutorio
3392 5219 3468 5269 tot

1881 5320 2103 5374 corpora
2123 5301 2562 5375 comprehendat,
2591 5310 2645 5357 ct
2667 5312 2895 5369 montes,
2920 5312 2974 5359 et
2998 5303 3183 5367 saltus,
3207 5312 3260 5356 et
3278 5300 3464 5364 colles,

1880 5405 1935 5451 et
1959 5396 2144 5461 maria,
2174 5409 2225 5450 et
2255 5393 2463 5450 cadum.
2488 5393 2565 5448 Nc
2595 5394 2721 5448 mihi
2748 5394 2895 5449 dicas
2932 5394 3090 5464 igitur
3130 5393 3392 5465 lacrymas
3412 5404 3469 5447 et

1881 5486 2222 5559 lippitudines
2272 5502 2285 5539 :
2326 5484 2429 5539 hoc
2469 5485 2611 5538 enim
2656 5493 2871 5555 propter
2909 5492 3181 5553 peccatum
3212 5492 3354 5535 tuum
3387 5483 3467 5535 fan

1879 5562 2024 5633 ctum
2053 5587 2136 5634 est
2158 5594 2174 5644 ;
2198 5576 2290 5631 sed
2321 5577 2491 5647 cogita
2521 5577 2684 5646 ipsius
2705 5573 3146 5645 pulchritudinem
3177 5581 3232 5628 et
3252 5571 3464 5629 videndi

1882 5672 2151 5736 virtutem,
2179 5677 2231 5724 et
2253 5683 2359 5739 quo
2385 5668 2542 5723 modo
2565 5674 2760 5722 tantam
2781 5664 2918 5721 aeris
2943 5663 3320 5733 longitudinem
3343 5678 3464 5735 per.

3076 5764 3115 5828 8
