3912 6230
495 266 592 322 ηδ

490 393 735 446 currens,
769 393 872 433 non
893 374 1115 442 laborat,
1147 390 1318 445 neque
1342 373 1620 445 fatigatur;
1643 371 1738 428 sed
1770 371 1932 442 pedes
1956 371 2073 441 qui-

490 472 613 526 dem
639 471 907 542 paululum
934 468 1195 539 progressi
1227 467 1471 521 fatiscunt
1491 476 1544 523 et
1568 467 1853 531 lassantur,
1890 463 2073 517 oculus

493 578 621 618 vero
649 572 845 616 tantam
874 561 1199 615 altitudinem
1225 573 1527 629 permeans,
1560 566 1863 625 tantamque
1893 553 2072 607 latitu-

492 654 694 720 dinem,
721 655 917 708 nullam
935 655 1094 707 sentit
1115 651 1494 705 infirmitatem.
1518 648 1778 717 Quoniam
1798 648 1937 702 enim
1959 660 2075 700 om-

496 746 639 798 nium
661 744 1020 798 membrorum
1043 742 1142 796 hoc
1169 750 1250 796 est
1270 739 1421 795 nobis
1442 740 1670 794 maxime
1691 737 2071 803 necessarium,

497 836 667 906 ipsum
710 835 888 888 labore
918 832 1082 902 premi
1127 849 1230 885 non
1260 831 1531 902 permisit,
1572 830 1641 883 ita
1680 837 1739 883 ut
1773 827 2074 897 expeditum

495 925 661 994 ipsius
687 923 1059 992 ministerium,
1091 933 1145 979 et
1173 923 1394 977 liberum
1421 921 1575 976 nobis
1604 929 1764 975 esset.
1795 918 1924 999 Quis
1950 931 2076 971 vero

497 1030 709 1071 onmem
730 1016 954 1071 membri
974 1015 1129 1086 hujus
1149 1015 1396 1069 virtutem
1412 1027 1656 1067 sermone
1677 1011 1939 1065 disserere
1956 1022 2077 1077 pos-

497 1108 616 1163 set?
640 1108 709 1164 Et
728 1107 851 1177 quid
872 1107 941 1162 de
978 1106 1173 1177 pupilla
1199 1105 1517 1174 videndique
1539 1102 1788 1159 facultate
1810 1100 1970 1155 dico?
2019 1098 2074 1152 Si

499 1198 640 1252 enim
667 1198 810 1269 quod
834 1198 1070 1253 omnium
1094 1198 1406 1250 vilissimum
1432 1210 1552 1250 esse
1581 1193 1789 1248 videtur
1811 1191 2076 1247 membro-

500 1306 643 1357 rum,
658 1290 795 1344 oculi
828 1289 1104 1358 palpebras
1119 1288 1431 1359 exquisieris
1450 1284 1830 1350 tantummodo,
1846 1293 1900 1339 et
1926 1284 1975 1336 in
1994 1282 2075 1337 his

502 1380 724 1434 multam
752 1380 844 1435 Dei
873 1384 1127 1434 creatoris
1149 1378 1460 1448 sapientiam
1493 1376 1716 1431 videbis.
1768 1375 1916 1429 Sicut
1934 1373 2073 1427 enim

502 1469 556 1522 in
597 1469 757 1535 spicis
795 1469 973 1523 arista:
1009 1478 1274 1539 tamquam
1303 1467 1544 1537 quaedam
1582 1474 1837 1535 praetenta
1875 1463 2075 1533 spicula

504 1573 631 1612 aves
660 1559 942 1628 repellunt,
979 1574 1085 1612 non
1118 1559 1354 1611 sinentes
1380 1556 1573 1611 fructui
1616 1554 1866 1620 insidere,
1903 1562 1958 1607 et
1978 1553 2076 1607 sti-

505 1650 678 1718 pulam
708 1650 1049 1705 infirmiorem
1071 1649 1377 1720 diffringere
1397 1666 1409 1701 :
1430 1649 1507 1703 sic
1535 1647 1768 1717 profecto
1797 1654 1851 1700 et
1870 1645 1921 1699 in
1951 1660 2078 1699 ocu-

504 1738 591 1804 lis,
631 1740 770 1793 velut
806 1741 1045 1809 quaedam
1087 1740 1262 1793 aristze
1316 1748 1370 1794 et
1408 1739 1604 1807 spicula
1656 1745 1912 1806 praetenta
1956 1745 2078 1790 sunt

503 1826 874 1896 palpebrarum
927 1828 1058 1898 pili,
1102 1828 1374 1898 pulverem
1416 1836 1470 1882 et
1507 1827 1737 1881 festucas
1792 1836 1846 1882 et
1900 1826 2077 1879 omnia

505 1926 751 1970 vexantia
777 1919 1107 1973 extrinsecus
1132 1918 1455 1988 repellentes
1481 1917 1548 1971 ab
1584 1917 1772 1984 oculis,
1817 1931 1916 1971 nec
1963 1916 2079 1986 pal-

505 2006 698 2075 pebras
732 2006 969 2062 infestari
1014 2010 1269 2063 sitientes.
1315 2008 1507 2063 Videas
1536 2016 1712 2062 autem
1752 2016 1805 2062 et
1856 2007 2075 2062 alteram

504 2098 820 2166 sapientiam
855 2100 908 2152 in
951 2101 1249 2170 superciliis
1279 2099 1379 2154 hac
1415 2115 1520 2153 non
1573 2099 1896 2154 inferiorem.
1947 2099 2078 2164 Quis

503 2188 646 2241 enim
677 2187 846 2256 ipsum
879 2189 1037 2243 situm
1065 2205 1170 2244 non
1200 2188 1576 2260 Obstupescat?
1613 2189 1862 2259 quoniam
1902 2204 2077 2258 neque

502 2279 640 2333 ultra
667 2294 970 2335 mensuram
998 2282 1272 2351 promissa:
1296 2292 1438 2348 sunt,
1463 2281 1533 2335 ita
1560 2290 1617 2336 ut
1643 2282 1826 2335 oculos
1852 2280 2076 2335 obtene-

500 2369 678 2434 brent,
722 2385 892 2441 neque
930 2387 1086 2442 quam
1114 2387 1248 2441 opus
1289 2382 1372 2429 cst
1407 2373 1629 2427 interius
1670 2371 1937 2438 resident;
1983 2371 2076 2426 sed

501 2460 647 2515 velut
671 2461 859 2517 domus
888 2464 1208 2533 suggrunda,
1248 2464 1325 2518 sic
1354 2479 1582 2533 superne
1617 2464 1871 2529 eminent,
1913 2464 2075 2518 sudo-

502 2565 615 2605 rem
642 2552 813 2621 capite
840 2552 1154 2608 delluentem
1174 2554 1657 2624 suscipientes,nec
1684 2555 1867 2609 oculos
1882 2554 2076 2610 laedere

504 2642 889 2709 permittentes.
936 2642 1219 2712 Propterea
1257 2644 1469 2714 quidem
1515 2654 1566 2699 et
1597 2645 1687 2714 pili
1736 2644 1865 2714 ipsis
1907 2643 2070 2698 innati

502 2741 647 2794 sunt,
671 2731 931 2788 densitate
975 2734 1257 2790 defluentia
1301 2746 1627 2802 cocrccntcs,
1665 2748 1719 2791 et
1754 2737 1919 2791 multa
1953 2752 2074 2791 cum

501 2821 771 2893 diligentia
802 2836 1175 2897 protegentes,
1221 2827 1609 2898 afferentesque
1648 2830 1867 2882 multam
1909 2830 2074 2883 oculis

500 2913 904 2970 formositatem.
931 2916 1041 2971 Nec
1064 2917 1165 2973 hoc
1193 2927 1391 2973 tantum
1422 2918 1539 2989 quis
1576 2917 1825 2974 admirari
1855 2930 2069 2990 posset,

501 3005 595 3059 sed
617 3014 669 3059 et
694 3006 837 3060 aliud
855 3022 960 3062 non
988 3009 1162 3064 minus
1187 3024 1342 3079 quam
1363 3010 1477 3064 hoc.
1498 3008 1610 3077 Qua
1635 3011 1775 3065 enim
1802 3011 1867 3066 de
1892 3027 2067 3078 causa,

500 3111 701 3164 qnmso,
729 3099 917 3169 capitis
944 3101 1154 3170 quidem
1185 3102 1362 3171 capilli
1405 3115 1651 3157 crescunt
1683 3114 1734 3157 et
1775 3104 2071 3173 detonderi-

501 3201 604 3253 tur,
636 3192 1038 3260 superciliorum
1063 3209 1189 3248 vero
1204 3193 1460 3248 minime?
1487 3209 1657 3264 neque
1685 3195 1825 3249 enim
1861 3194 1961 3250 hoc
1975 3210 2073 3250 no—

497 3280 580 3336 bis
607 3290 804 3338 temere
822 3292 878 3340 et
908 3299 1033 3340 casu
1064 3284 1257 3341 factum
1282 3294 1382 3351 est,
1414 3285 1505 3340 sed
1537 3300 1602 3340 ue
1634 3300 1693 3340 se
1733 3285 2072 3341 demittentes

499 3374 681 3429 oculos
706 3376 1136 3448 obtenebrarent,
1172 3382 1313 3451 quod
1353 3382 1608 3452 decrepiti
1658 3397 1816 3438 senes
1860 3386 2072 3453 patiun-

499 3473 603 3518 tur.
634 3466 762 3532 Quis
779 3479 954 3523 autem
978 3482 1155 3539 posset
1185 3474 1497 3543 sapientiam
1543 3489 1756 3527 omnem
1786 3489 1880 3544 per
1917 3490 2069 3531 cere-

501 3555 650 3608 brum
674 3555 1086 3614 demonatratatn
1135 3565 1594 3617 commemorare?
1634 3564 1809 3619 Primo
1854 3567 2067 3635 quidem

498 3644 667 3712 ipsum
697 3648 859 3701 molle
879 3648 1023 3713 fecit,
1064 3651 1311 3719 quoniam
1341 3653 1584 3707 sensibus
1614 3652 1787 3709 fontes
1821 3657 2069 3713 omnibus

497 3735 759 3790 miniswat
792 3754 805 3790 :
838 3751 1017 3807 postea
1046 3756 1111 3795 ne
1142 3750 1353 3810 propter
1378 3744 1646 3813 propriam
1668 3744 1892 3800 laedatur
1917 3757 2069 3802 uatu-

494 3840 630 3891 ram,
664 3827 834 3895 ipsum
866 3829 1074 3884 ossibus
1095 3830 1321 3901 undique
1348 3833 1604 3887 munivit:
1645 3848 1856 3888 rursum
1886 3851 1953 3890 ne
1980 3852 2069 3891 os-

493 3918 632 3972 sium
673 3920 954 3989 asperitate
993 3923 1227 3975 attritum
1261 3932 1501 3991 vexetur,
1537 3927 1900 3981 membranam
1953 3944 2066 3983 rne-

493 4009 634 4062 diam
675 4009 931 4077 obtendit,
983 4026 1083 4066 nec
1130 4028 1289 4067 unam
1338 4014 1528 4081 solam,
1581 4016 1675 4071 sed
1727 4026 1779 4071 et
1820 4017 2063 4087 alteram,

495 4117 651 4155 uuam
690 4102 903 4170 quidem
931 4103 1173 4158 calvariae
1213 4103 1432 4160 inferius
1466 4105 1813 4175 subtendcns,
1844 4108 2064 4166 alteram

495 4207 622 4246 vero
651 4182 880 4261 superne
906 4195 1111 4249 cerebri
1137 4195 1283 4250 carui
1305 4194 1745 4265 circumvolvens,
1785 4210 1839 4254 et
1868 4210 1949 4255 est
1976 4201 2064 4258 illa

495 4284 594 4337 hac
620 4284 818 4337 durior.
853 4285 962 4340 [loc
980 4294 1154 4340 autem
1186 4285 1312 4341 fecit
1342 4296 1451 4341 tum
1481 4298 1697 4358 propter
1737 4304 2065 4346 commemo-

493 4384 658 4429 ratam
687 4390 924 4439 causam,
958 4385 1068 4429 tum
1093 4386 1148 4431 ut
1186 4377 1358 4433 illatas
1385 4379 1539 4448 capiti
1579 4379 1759 4448 plagas
1803 4395 1907 4434 non
1957 4383 2066 4450 pri-

499 4481 643 4519 mum
675 4465 907 4534 excipiat
942 4469 1242 4535 cerebrum,
1269 4468 1362 4523 sed
1389 4478 1837 4537 praeoccurrentes
1881 4471 2063 4541 hujus-

495 4558 635 4611 ntodi
667 4558 991 4612 membranae
1032 4560 1222 4613 ictibus
1250 4570 1625 4614 nocumcntum
1672 4576 1831 4616 omne
1871 4564 2065 4619 dissol-

494 4661 640 4717 vant,
668 4661 718 4705 et
746 4651 967 4705 illaesum
999 4650 1170 4719 ipsum
1192 4661 1523 4706 conservent.
1554 4652 1691 4720 Quin
1719 4665 1773 4708 et
1798 4655 1936 4724 quod
1960 4672 2063 4711 non

493 4745 833 4798 contiunctur
856 4756 909 4798 ct
939 4760 1098 4798 unum
1129 4743 1200 4797 sit
1224 4757 1284 4797 os
1306 4745 1475 4813 ipsum
1502 4745 1776 4815 obtegens,
1809 4746 1902 4800 sed
1929 4749 2065 4802 mul-

493 4847 573 4892 tas
604 4854 669 4892 ex
700 4838 879 4892 multis
911 4838 1145 4907 partibus
1177 4836 1366 4892 habeat
1393 4848 1620 4902 suturas,
1656 4840 1831 4893 multa:
1854 4857 2062 4896 rursum

490 4930 791 4985 securitatis
817 4930 914 4998 ipsi
944 4942 1103 4982 causa
1154 4937 1254 4983 est.
1306 4928 1372 4981 Et
1398 4944 1651 4997 vaporum
1700 4931 1839 4984 enim
1890 4932 2062 5003 ipsum

489 5021 876 5077 continentium
905 5020 1071 5074 facilis
1110 5036 1205 5090 per
1250 5030 1479 5085 suturas,
1525 5020 1642 5074 illas
1671 5023 1904 5076 exterius
1948 5023 2061 5078 ficri

490 5122 663 5182 potest
692 5112 990 5180 respiratio,
1023 5113 1093 5166 ita
1122 5120 1305 5165 utnon
1332 5111 1620 5166 suffocctur
1657 5129 1670 5165 :
1720 5122 1775 5168 et
1818 5114 1862 5168 si
1909 5116 2057 5185 plaga

488 5208 732 5266 alicunde
758 5206 1033 5271 inferatur,
1068 5222 1173 5261 non
1217 5207 1410 5276 ubique
1457 5206 1516 5260 ftt
1561 5218 1955 5262 nocumentum.
2005 5207 2059 5263 Si

488 5301 626 5356 enim
646 5300 816 5355 solum
844 5309 897 5354 et
921 5299 1227 5372 continuum
1254 5312 1315 5352 os
1335 5308 1496 5365 esset,
1547 5298 1597 5352 in
1646 5313 1804 5352 unam
1857 5311 2057 5369 partem

487 5394 661 5449 delata
704 5393 870 5464 plaga,
897 5402 1061 5448 totum
1089 5393 1354 5458 laesisset;
1411 5408 1550 5447 nunc
1598 5402 1773 5447 autem
1830 5410 1950 5450 cum
2004 5397 2055 5449 in

487 5486 648 5539 multa
696 5485 922 5540 divisum
972 5485 1060 5552 sit,
1104 5484 1205 5539 hoc
1253 5484 1365 5540 fieri
1387 5500 1490 5541 non
1519 5495 1714 5557 posset.
1756 5488 1867 5541 Etsi
1914 5488 2055 5542 enim

488 5592 649 5639 unam
677 5585 880 5647 partem
909 5578 1170 5633 vulnerari
1198 5577 1424 5643 accidat,
1465 5594 1526 5635 os
1554 5594 1708 5635 secus
1744 5578 1889 5635 illam
1930 5595 2054 5651 par-

490 5672 593 5719 tem
636 5667 792 5723 situm
837 5668 1045 5726 laeditur
1070 5669 1269 5739 solum,
1297 5671 1500 5747 reliqua
1520 5687 1647 5733 vero
1671 5682 1856 5730 cuncta
1881 5686 2059 5731 rema-

1205 266 1260 321 S.
1299 264 1573 322 JOANNIS
1610 259 2086 318 CHRYSOSTOMI
2126 254 2443 314 ARCHIEP.
2483 251 3008 310 CONSTANTINOP.

3654 244 3762 301 ιιι

2184 377 2311 424 nent
2338 369 2523 433 illaesa,
2555 368 2720 438 plaga:
2769 368 3115 423 continuitate
3136 380 3202 421 ex
3249 365 3448 420 ossium
3497 363 3762 420 divisione

2181 460 2385 514 sublata
2405 501 2420 526 ,
2448 474 2545 513 nec
2570 461 2621 514 in
2646 459 2937 530 proximam
2965 456 3179 514 extendi
3208 457 3435 511 valente.
3468 455 3762 523 Propterea

2181 565 2247 606 ex
2272 551 2448 604 multis
2470 552 2635 620 ipsius
2657 560 2900 620 tegumen
2927 548 3134 604 ossibus
3157 548 3295 601 Deus
3321 545 3622 614 composuit
3645 561 3660 596 :
3707 551 3764 597 et

2182 643 2316 696 sicut
2344 642 2558 696 domum
2587 642 2775 712 aliquis
2802 640 3091 706 :edilicans,
3125 648 3320 693 tectum
3347 646 3400 692 et
3424 635 3629 704 tegulas
3662 648 3759 687 su-

2182 734 2428 803 perponit
2456 748 2469 787 :
2505 734 2583 788 sic
2607 748 2766 803 supra
2791 744 2951 803 caput
2981 732 3118 785 Deus
3146 745 3265 784 ossa
3294 727 3484 783 locavit
3511 734 3566 780 et
3593 724 3765 793 capil-

2180 826 2260 881 los
2287 826 2407 880 fccit
2434 825 2755 895 germinare,
2807 834 2864 877 ut
2895 839 2990 893 pro
3014 821 3326 892 quibusdam
3353 817 3548 889 galeris
3601 814 3763 883 capiti

2180 923 2378 969 essent.
2410 914 2519 968 Hoc
2540 914 2710 982 ipsum
2734 912 2968 982 profecto
2985 920 3038 966 et
3068 913 3119 965 in
3146 910 3307 965 corde
3331 908 3472 962 fecit.
3492 904 3762 974 Quoniam

2180 1006 2320 1059 enim
2352 1021 2446 1059 cor
2493 1006 2855 1059 membrorum
2897 1013 3201 1059 nostrorum
3257 1000 3761 1072 principalissimum

2181 1104 2282 1161 est,
2311 1103 2365 1150 et
2391 1098 2549 1151 totius
2575 1097 2696 1150 vita:
2718 1105 2912 1150 nostra:
2942 1097 3163 1150 firmitas
3189 1104 3270 1150 est
3299 1095 3399 1164 ipsi
3447 1092 3656 1155 tradita,
3700 1100 3759 1145 et

2182 1186 2300 1256 ipso
2325 1189 2817 1257 quomodocumque
2847 1202 3094 1256 percusso
3124 1201 3271 1241 mors
3299 1184 3509 1249 accidit,
3566 1183 3763 1239 solidis

2181 1286 2235 1330 et
2258 1278 2405 1332 duris
2431 1279 2640 1332 ossibus
2693 1277 2792 1332 hoc
2821 1279 3051 1348 undique
3098 1276 3544 1343 circunununivit,
3571 1284 3626 1331 et
3670 1291 3765 1346 pe-

2180 1373 2345 1425 ctoris
2372 1372 2738 1441 prominentiis
2761 1381 2815 1428 et
2855 1373 2984 1443 tergi
3018 1372 3248 1442 scapulis
3278 1373 3448 1441 ipsum
3495 1370 3765 1441 posterius

2182 1463 2425 1517 muniens
2455 1481 2468 1516 :
2498 1464 2715 1533 etquod
2742 1463 2796 1517 in
2826 1464 3031 1518 cerebri
3060 1463 3380 1517 membranis
3429 1461 3573 1526 fecit,
3602 1470 3655 1515 et
3710 1460 3762 1514 in

2184 1554 2436 1611 hacidem
2469 1554 2664 1609 factum
2686 1566 2787 1610 est.
2815 1556 2896 1609 Ad
2927 1556 3026 1609 hoc
3050 1556 3191 1609 enim
3243 1569 3309 1609 ne
3338 1552 3644 1622 frequenter
3668 1565 3761 1605 sa-

2184 1646 2340 1712 liens,
2371 1656 2423 1701 et
2451 1647 2502 1701 in
2526 1648 2601 1702 ira
2626 1645 3032 1718 hujusmodique
3058 1646 3287 1700 motibus
3332 1644 3616 1715 palpitans,
3665 1657 3761 1697 os-

2183 1737 2319 1792 sium
2351 1739 2620 1808 asperitati
2661 1739 3111 1793 circumstantium
3158 1734 3402 1807 inﬂigens
3451 1742 3761 1789 conteratur

2180 1841 2234 1886 et
2255 1830 2447 1895 doleat,
2475 1830 2666 1884 multas
2692 1838 2746 1884 et
2764 1829 2836 1883 ibi
2862 1828 3196 1883 membranas
3219 1825 3507 1890 subtendit,
3536 1833 3592 1880 et
3633 1823 3760 1894 pul-

2181 1939 2394 1978 mortem
2420 1924 2716 1994 supposuit,
2748 1922 2890 1976 velut
2913 1921 3074 1976 molle
3101 1918 3364 1990 quoddam
3406 1927 3629 1972 stratum
3672 1917 3761 1986 ip-

2180 2015 2291 2069 sius
2318 2014 2538 2068 saltibus
2563 2027 2854 2083 apponens,
2880 2020 2936 2066 ut
2973 2011 3188 2080 impune
3219 2024 3505 2078 erumpens
3551 2023 3621 2062 ex
3656 2006 3761 2062 hoc

2183 2107 2313 2161 nihil
2346 2106 2565 2160 noxium
2596 2106 2842 2174 patiatur.
2888 2105 2955 2157 Et
2982 2101 3107 2171 quid
3152 2101 3273 2155 dico
3322 2099 3388 2154 de
3437 2098 3662 2154 cerebro
3708 2103 3763 2153 et

2182 2198 2362 2264 corde,
2394 2212 2511 2252 cum
2536 2199 2711 2264 utique
2736 2199 2778 2250 si
2811 2196 2927 2265 quis
2952 2195 3033 2248 vel
3059 2193 3124 2247 de
3145 2193 3271 2262 ipsis
3296 2192 3556 2262 unguibus
3603 2191 3761 2245 inve-

2181 2291 2339 2360 SIiget
2365 2289 2582 2342 multam
2603 2297 2657 2342 et
2689 2287 2740 2340 in
2786 2286 2868 2340 his
2900 2284 2991 2338 Dei
3021 2283 3332 2353 sapientiam
3373 2282 3551 2337 videat
3595 2295 3761 2351 appa-

2180 2390 2406 2445 rentem,
2440 2386 2549 2432 tum
2581 2392 2644 2431 ex
2676 2377 2909 2446 ipsorum
2938 2374 3128 2440 forma,
3152 2382 3264 2428 tum
3284 2389 3347 2429 ex
3377 2372 3672 2427 substantia
3704 2380 3761 2432 et

2179 2471 2326 2525 situ?
2351 2469 2570 2525 Licebat
2596 2470 2793 2531 dicere,
2822 2482 2986 2538 quare
3031 2476 3086 2522 et
3120 2465 3480 2537 magnitudine
3522 2464 3763 2533 impares

2179 2563 2333 2617 nobis
2359 2562 2503 2632 digiti
2531 2561 2656 2628 sint,
2683 2571 2735 2615 et
2762 2560 2926 2614 multa
2952 2560 3052 2613 alia
3100 2558 3181 2612 his
3231 2557 3419 2628 plura;
3458 2555 3553 2611 sed
3599 2554 3761 2610 suffi-

2179 2655 2381 2709 cienter
2400 2669 2464 2708 ex
2492 2653 2647 2707 dictis
2676 2651 2950 2707 attendere
2976 2649 3272 2705 volentibus
3297 2646 3557 2703 creatoris
3584 2646 3763 2701 nostri

2179 2747 2433 2815 sapientia
2462 2744 2554 2798 Dei
2582 2743 2803 2814 refulget
2829 2759 2842 2797 :
2874 2750 3149 2811 propterea
3177 2747 3378 2810 partem
3415 2737 3554 2793 hanc
3601 2736 3758 2792 labo-

2176 2836 2332 2891 riosis
2380 2836 2681 2906 relinquens
2732 2833 3108 2905 exquirendam
3172 2846 3294 2887 cum
3348 2828 3623 2901 diligentia
3688 2828 3759 2886 ad

2177 2929 2333 3003 aliam
2360 2937 2644 2982 convertar
2671 2927 3079 2995 oppositionem.

2248 3021 2303 3074 4.
2336 3018 2501 3073 Homo
2528 3018 2829 3072 animalibus
2859 3016 3088 3071 omnibus
3139 3021 3364 3084 praestat,
3395 3013 3668 3082 quomodo.
3687 3042 3760 3057 —-

2176 3107 2321 3164 Multi
2353 3124 2579 3179 namque
2609 3116 2802 3177 praeter
2829 3106 2972 3161 dicta
3015 3113 3070 3160 et
3114 3103 3241 3158 illud
3283 3111 3595 3173 opponunt:
3627 3101 3759 3172 quid

2176 3200 2387 3253 tandem
2418 3199 2462 3253 si
2493 3198 2765 3259 brutorum
2795 3212 2886 3251 rex
2914 3195 3189 3260 esthomo,
3218 3203 3272 3249 et
3296 3194 3489 3248 robore
3518 3202 3574 3248 et
3592 3193 3756 3263 agili-

2177 3299 2283 3345 tate
2308 3298 2364 3345 et
2403 3289 2674 3344 celeritate
2725 3287 2888 3342 multa
2943 3288 3113 3357 ipsum
3157 3292 3410 3355 superant
3456 3284 3758 3338 animalia?

2173 3380 2368 3434 etenim
2400 3379 2614 3433 homine
2635 3376 2867 3432 velocior
2895 3390 3065 3447 equus
3113 3386 3168 3430 et
3193 3375 3505 3429 tolerantior
3531 3374 3654 3440 bos,
3696 3383 3755 3428 et

2173 3468 2340 3525 levior
2364 3468 2561 3538 aquila,
2594 3476 2646 3523 et
2669 3467 2855 3521 fortior
2881 3466 2985 3520 leo.
3014 3464 3148 3533 Quid
3189 3464 3348 3535 igitur
3382 3463 3448 3518 ad
3497 3463 3618 3518 hzrc
3668 3464 3755 3518 di-

2172 3578 2298 3619 cere
2323 3559 2651 3632 possumus?
2679 3558 2828 3625 Quod
2858 3567 2911 3614 et
2952 3557 3075 3611 hinc
3116 3556 3345 3612 maxime
3394 3555 3487 3609 Dei
3538 3556 3755 3624 sapien-

2174 3654 2300 3708 tiam
2339 3652 2725 3722 coguoscimus,
2761 3659 2814 3704 et
2860 3650 3116 3704 honorem
3154 3662 3260 3717 quo
3306 3660 3405 3701 nos
3446 3645 3752 3700 decoravit.

2173 3742 2420 3798 Velocior
2448 3742 2641 3811 quippe
2669 3754 2833 3810 equus
2854 3748 2934 3793 est
2962 3738 3198 3802 homine,
3228 3736 3320 3792 sed
3350 3737 3414 3792 ad
3438 3738 3755 3806 peregrina-

2172 3834 2330 3889 tionis
2382 3832 2715 3887 velocitatem
2764 3844 2900 3900 equo
2944 3827 3273 3884 commodior
3321 3826 3500 3880 homo.
3564 3827 3755 3897 Equus

2170 3941 2382 3995 nempe,
2423 3924 2662 3995 quamvis
2686 3916 2919 3976 omnium
2946 3919 3308 3974 velocissimus
3331 3926 3384 3973 et
3423 3917 3754 3972 fortissimus

2169 4020 2256 4085 sit,
2288 4020 2370 4074 vix
2392 4018 2615 4072 ducenta
2644 4015 2810 4070 stadia
2839 4028 2945 4067 uno
2972 4012 3059 4067 die
3096 4021 3304 4076 curret;
3357 4010 3518 4064 homo
3565 4019 3757 4064 autem

2169 4112 2363 4168 multos
2390 4125 2455 4166 ex
2475 4108 2812 4164 successione
2849 4120 3013 4176 equos
3060 4104 3126 4159 ad
3169 4119 3380 4159 currum
3420 4103 3652 4172 jungens
3693 4112 3753 4158 et.

2168 4204 2274 4259 duo
2300 4201 2588 4256 stadiorum
2632 4199 2794 4253 millia
2834 4195 3087 4265 expedire
3124 4193 3335 4263 poterit.
3376 4192 3559 4262 Itaque
3601 4191 3751 4262 quod

2168 4295 2245 4350 illi
2275 4293 2546 4356 velocitas,
2572 4290 2698 4344 huic
2721 4289 2855 4343 ratio
2886 4296 2939 4342 et
2965 4301 3053 4341 ars
3077 4300 3198 4341 cum
3225 4284 3412 4354 majori
3442 4284 3631 4338 tribuit
3653 4300 3749 4337 suo

2170 4382 2586 4456 perabanduntia
2614 4397 2629 4436 :
2660 4390 2715 4436 et
2740 4388 2844 4433 tam
2874 4377 3083 4432 veloces
3108 4375 3318 4446 quidem
3361 4374 3523 4444 pedes
3579 4373 3750 4429 homo

2170 4494 2275 4532 non
2318 4476 2478 4530 habet
2504 4490 2662 4545 quam
2698 4472 2804 4539 ille,
2856 4470 3015 4526 habet
3065 4484 3194 4524 vero
3237 4467 3400 4538 pedes
3443 4467 3583 4521 illius
3634 4481 3748 4521 non

2169 4571 2343 4625 minus
2369 4582 2527 4639 quam
2555 4581 2680 4620 suos
2710 4564 2809 4619 sibi
2838 4562 3219 4616 ministrantes.
3268 4560 3551 4615 Brutorum
3596 4558 3749 4613 enim

2168 4660 2367 4715 nullum
2395 4656 2586 4711 animal
2614 4653 2754 4709 aliud
2782 4652 2846 4707 ad
2874 4668 3025 4706 usum
3054 4666 3205 4705 suum
3250 4648 3533 4718 subjugare
3582 4656 3750 4715 pote-

2166 4753 2278 4818 rit,
2310 4750 2469 4805 homo
2502 4757 2679 4802 autem
2710 4744 2887 4800 omnia
2929 4740 3248 4812 aggreditur,
3295 4747 3350 4794 et
3394 4753 3490 4807 per
3535 4738 3749 4792 variam

2167 4839 2525 4899 artemaDeo
2563 4836 2663 4891 sibi
2713 4834 2977 4898 traditam,
3029 4831 3096 4885 ad
3145 4844 3300 4883 usum
3357 4827 3457 4883 sibi
3505 4828 3748 4885 maxime

2166 4932 2565 4990 convenientem
2607 4926 2909 4980 animalium
2951 4922 3194 4993 quodque
3238 4918 3450 4989 subigit.
3495 4918 3554 4974 Si
3609 4934 3749 4974 vero

2167 5036 2272 5080 tam
2305 5023 2465 5077 fortes
2497 5019 2763 5073 hominum
2792 5014 2954 5085 pedes
2979 5028 3134 5082 quam
3161 5024 3420 5080 equorum
3470 5008 3743 5076 fuissent;
3774 5074 3781 5077 Ἰ

2163 5117 2228 5170 ad
2255 5114 2355 5167 alia
2379 5112 2599 5166 fuissent
2621 5108 2852 5172 inutiles,
2895 5104 2963 5159 ad
3010 5105 3247 5159 locorum
3294 5101 3637 5156 difficultates
3685 5112 3747 5157 et

2163 5206 2422 5260 montium
2459 5203 2684 5257 vertices
2709 5207 2763 5254 et
2800 5197 3047 5252 arborum
3099 5193 3439 5248 ascensiones
3471 5209 3485 5248 :
3540 5193 3747 5262 ungula

2162 5299 2303 5352 enim
2333 5295 2398 5349 ad
2426 5293 2545 5348 talia
2570 5304 2786 5362 gressus
2803 5287 3058 5356 impedire
3082 5284 3238 5343 solet.
3263 5283 3446 5353 Itaque
3467 5282 3569 5338 etsi
3598 5283 3749 5338 mol-

2163 5390 2322 5444 liores
2348 5388 2582 5456 ipsorum
2612 5381 2792 5453 pedes,
2819 5388 2995 5434 tamen
3020 5377 3260 5447 pluribus
3287 5375 3569 5446 Opportuni
3600 5386 3743 5430 sunt

2162 5482 2495 5546 utilitatibus,
2540 5486 2595 5534 et
2639 5474 2769 5531 nihil
2812 5488 2879 5530 e1
2931 5470 3235 5527 infirmitate
3275 5468 3561 5536 lreduntur,
3615 5473 3752 5539 equi

2163 5586 2357 5632 Virtute
2383 5574 2482 5631 sibi
2512 5571 2789 5636 serviente,
2824 5573 2878 5623 et
2907 5581 3001 5635 per
3027 5578 3238 5635 gressus
3284 5561 3543 5616 varietate
3594 5573 3751 5627 pra:-

2158 5669 2377 5728 cellunt.
2401 5667 2626 5723 Rursum
2655 5673 2739 5723 est
2762 5661 2951 5738 aquila:
2979 5658 3149 5717 levior
3190 5654 3297 5725 ala,
3324 5651 3418 5710 sed
3474 5660 3557 5707 est
3606 5649 3751 5705 mihi

3777 5789 3810 5810 κ
