3920 6224
70 344 174 400 123

60 457 364 512 τοσοῦτοδέ
382 453 557 531 εὖρος,
580 460 833 530 οὐδεμιᾶς
860 458 1173 513 αἰσθάνεται
1189 460 1515 531 ἀρρωστίας.
1533 456 1748 528 Ἐπειδὴ

57 545 175 616 γὰρ
233 546 350 599 τῶν
412 549 667 601 ἁπάντων
723 546 901 618 μελῶν
958 548 1090 617 ἡμῖν
1151 546 1574 617 ἀναγκαιότερόν
1630 546 1745 597 ἐστι

56 632 246 698 τοῦτο,
282 635 385 687 οὐκ
414 635 621 704 ἀφῆκεν
650 634 782 687 αὐτὸ
815 633 1096 697 πιέζεσθαι
1127 634 1381 703 καμάτῳ,
1416 632 1553 686 ὣστε
1575 633 1741 702 ἀνεμ-

54 720 319 775 πόδιστον
356 724 485 792 ἡμῖν
514 720 679 775 αὑτοῦ
708 721 806 793 τὴν
833 721 1102 775 διακονίαν
1134 718 1272 774 εἷναι
1305 721 1400 774 καὶ
1444 719 1739 774 ἀκώλυτον.

53 809 288 863 Μᾶλλον
317 812 374 864 δὲ
404 812 551 873 ποῖος
580 811 739 878 λόγος
787 811 1136 881 παραστῆσαι
1179 811 1468 879 δυνήσεται
1507 808 1601 862 τοῦ
1645 809 1742 880 μέ-

51 896 191 961 λους
236 898 430 951 τούτου
490 898 590 969 τὴν
642 897 844 970 ἀρετὴν
891 897 1141 965 ἆπασαν;
1192 898 1288 953 καὶ
1323 898 1377 950 τί
1418 897 1561 966 λέγω
1611 897 1744 965 περὶ

50 985 237 1056 κόρης
275 987 495 1057 καὶτῆς
531 999 560 1027 ιι
590 986 823 1057 ὀπτικῆς
859 986 1172 1056 δυνάμεωςς
1215 986 1339 1039 Ἐἀν
1377 986 1508 1057 γὰρ,
1537 986 1567 1039 ὃ
1608 987 1744 1040 πάν-

50 1088 174 1125 των
207 1073 588 1144 εὐτελέστερον
620 1071 757 1127 εἶναι
786 1075 933 1129 δοκεῖ
956 1074 1064 1127 τῶν
1093 1073 1292 1144 μελῶν,
1323 1073 1416 1127 τοῦ
1461 1072 1742 1144 ὀφθαλμοῦ

53 1160 163 1223 τὰς
199 1159 530 1232 βλεφαρίδας
564 1162 823 1233 ἐξετάσῃς
860 1162 1038 1232 μόνον,
1063 1162 1155 1215 καὶ
1185 1163 1244 1214 ἐν
1276 1161 1498 1225 ταύταις
1540 1161 1742 1230 πολλὴν

53 1248 185 1317 ὄψει
208 1247 308 1301 τοῦ
332 1248 663 1319 δημιουργοῦ
690 1249 826 1302 Θεοῦ
853 1249 953 1321 τὴν
982 1250 1197 1318 σοφίαν.
1226 1249 1494 1320 Καθάπερ
1516 1249 1624 1318 γὰρ
1651 1248 1742 1302 ἐπὶ

52 1336 175 1389 τῶν
217 1336 509 1409 ἀσταχύων
543 1340 592 1390 οί
624 1334 905 1408 ἀνθέρικες
941 1337 1132 1409 ὥσπερ
1167 1337 1289 1392 τινὰ
1313 1337 1514 1409 δόρατα
1542 1336 1743 1408 προϐε-

54 1424 328 1496 ϐλημένοι
361 1426 487 1488 τοὺς
516 1425 736 1496 δρνιθας
781 1425 1162 1490 ἀποσοϐοῦσιν,
1209 1427 1309 1479 οὐκ
1356 1426 1741 1497 ἐπιτρέποντες

54 1511 459 1581 ἐγκαθέζεσθαι
479 1512 557 1583 τῷ
586 1512 783 1584 καρπῷ
811 1513 908 1565 καὶ
934 1513 1156 1584 διακλᾷν
1182 1514 1278 1584 τὴν
1302 1514 1555 1584 καλάμην
1581 1513 1742 1567 ἀσθε-

52 1600 328 1671 νεστέραν
355 1595 517 1654 οὖσαν
536 1618 551 1631 ·
581 1600 722 1654 οῦτω
746 1600 811 1672 δὴ
836 1601 929 1654 καὶ
958 1601 1051 1654 ἐπὶ
1077 1600 1185 1654 τῶν
1216 1600 1529 1671 ὀφθαλμῶν,
1550 1601 1740 1674 ὥσπερ

52 1688 209 1748 τινες
250 1688 537 1760 ἀνθέρικες
583 1689 677 1742 καὶ
702 1688 903 1759 δόρατα
948 1688 1345 1761 προϐέϐληνται
1388 1691 1443 1743 αἰ
1477 1690 1585 1743 τῶν
1621 1690 1741 1760 βλε-

52 1774 256 1844 φάρων
288 1775 493 1846 τρίχες,
530 1777 678 1830 κόνιν
715 1776 809 1829 καὶ
853 1776 1040 1849 κάρφη
1069 1777 1098 1817 δ
1152 1778 1246 1831 καὶ
1278 1778 1454 1831 πάντα
1489 1777 1557 1831 τά
1603 1779 1742 1832 διεν-

52 1861 325 1931 οχλοῦντα
352 1863 549 1929 ἔξωθεν
580 1866 1019 1937 ἀποκρουόμεναι
1050 1865 1159 1919 τῶν
1190 1866 1500 1934 ὀφθαλμῶν,
1532 1867 1625 1920 καὶ
1643 1867 1742 1920 οὐκ

53 1950 233 2003 ἐῶσαι
282 1951 614 2021 ἐνοχλεῖσθαι
658 1952 726 2006 τά
760 1952 1025 2023 βλέφαρα.
1063 1953 1220 2016 Ἰδοις
1259 1953 1326 2007 ἂν
1370 1955 1465 2008 καὶ
1512 1955 1603 2007 ἐπὶ
1635 1955 1741 2008 τῶν

50 2038 286 2109 ὀφρύων
362 2040 555 2110 ἑτέραν
623 2039 814 2110 σοφίαν
863 2040 961 2093 οὐκ
1020 2041 1277 2096 ἐλάττονα
1341 2042 1564 2113 ταύτης.
1646 2042 1742 2107 Τίς

51 2128 172 2198 γὰρ
230 2128 332 2180 οὑκ
385 2127 451 2181 ἂν
504 2128 805 2197 ἐκπλαγείη
862 2128 962 2200 τὴν
1022 2128 1172 2182 θέσιν
1219 2129 1426 2196 αὐτῶν;
1471 2130 1551 2183 ὅτι
1615 2129 1739 2184 οὔτε

52 2216 207 2285 πέρα
234 2214 331 2268 τοῦ
365 2216 564 2286 μέτρου
612 2215 1011 2288 προϐέϐληνται
1032 2255 1049 2282 ,
1096 2216 1236 2270 ὥστε
1278 2218 1584 2271 ἐπισκοτεῖν
1631 2221 1742 2282 τοῖς

49 2303 384 2372 ὀφθαλμοῖς,
430 2302 555 2358 οὔτε
612 2305 872 2374 ἐνδοτέρω
915 2305 1010 2358 τοῦ
1082 2306 1294 2370 δέοντος
1356 2307 1736 2375 ὑφιζάνουσιν·

50 2393 178 2445 ἀλλ’
212 2392 404 2464 ῶσπερ
431 2394 606 2457 οἰκίας
645 2397 850 2462 γεῖσος,
880 2394 1054 2459 οὕτως
1090 2394 1364 2467 ἐξέχουσιν
1396 2395 1620 2463 ἀνωθεν,
1649 2398 1740 2451 τὸν

52 2482 123 2533 ἐκ
167 2481 271 2551 τῆς
310 2482 554 2551 κεφαλῆς
598 2483 851 2536 κατιόντα
903 2483 1103 2554 ἱδρῶτα
1134 2483 1441 2553 δεχόμεναι,
1476 2486 1569 2538 καὶ
1614 2486 1741 2551 τοὺς

49 2568 376 2639 ὀφθαλμοὺς
408 2569 596 2623 λυπεῖν
623 2571 723 2623 οὑκ
770 2570 958 2625 ἐῶσαι.
991 2570 1091 2623 Διά
1121 2570 1185 2641 δὴ
1213 2569 1371 2624 τοῦτο
1420 2573 1513 2625 καὶ
1555 2573 1741 2644 τρίχες

49 2658 254 2720 αὑταῖς
285 2659 423 2710 εἰσιν
459 2660 849 2727 ἐμπεφυκυῖαι,
884 2661 952 2729 τῇ
989 2657 1246 2727 δασύτητι
1267 2657 1334 2711 τὰ
1365 2661 1738 2730 καταρρέοντα

52 2745 378 2814 ἐπέχουσαι,
430 2747 523 2799 καὶ
561 2746 699 2817 μετά
737 2745 936 2817 πολλῆς
975 2745 1261 2814 στέγουσαι
1293 2746 1391 2816 τῆς
1429 2748 1736 2819 ἀκριϐείας.

54 2834 153 2885 καὶ
200 2832 407 2905 πολλὴν
433 2836 554 2898 ταῖς
582 2834 735 2904 ὄψεσι
778 2835 876 2907 τὴν
917 2833 1219 2905 εὐμορφίαν
1255 2835 1609 2906 παρέχουσαι.
1660 2837 1736 2889 Οὐ

52 2920 218 2973 τοῦτο
247 2921 308 2973 δὲ
343 2921 502 2992 μόνον
535 2923 600 2977 ἀν
630 2940 712 2986 τις
738 2922 1086 2993 θαυμάσειεν,
1115 2922 1251 2976 ἀλλά
1292 2924 1387 2976 καὶ
1424 2924 1608 2996 ἕτερον
1637 2926 1737 2977 οὑκ

52 3009 282 3062 ἔλαττον
309 3008 520 3063 τούτου.
560 3011 715 3073 Τίνος
745 3010 853 3081 γάρ
881 3010 1086 3072 ἕνεκεν,
1122 3009 1245 3063 εἰπέ
1279 3027 1391 3080 μοι,
1423 3012 1479 3063 αἰ
1513 3013 1611 3080 μὲν
1636 3013 1737 3083 τῆς

53 3098 304 3168 κεφαλῆς
334 3096 588 3164 αὔξονται
636 3098 822 3169 τρίχες
866 3099 960 3151 καὶ
992 3096 1399 3170 ἀποκείρονται,
1439 3100 1497 3152 αἰ
1529 3099 1585 3151 δέ
1627 3100 1736 3153 τῶν

54 3186 278 3257 ὀφρύων
302 3187 404 3238 οὑκ
437 3184 552 3251 ἐτις
586 3183 735 3257 [119]
769 3184 888 3238 οὐδὲ
932 3185 1041 3256 γάρ
1068 3184 1226 3238 τοῦτο
1256 3185 1466 3250 ἁπλῶς,
1501 3187 1620 3240 οὐδὲ
1660 3188 1737 3251 ὡς

56 3275 248 3344 ἔτυχεν
282 3276 415 3345 ἡμῖν
442 3275 680 3343 γέγονεν,
716 3273 830 3328 ἀλλ’
865 3270 1006 3326 ὥστε
1051 3273 1125 3345 μὴ
1153 3275 1476 3346 χαλωμένας
1511 3277 1736 3330 ἐπισκο-

54 3366 169 3416 τεῖν
198 3366 315 3427 τοίς
356 3363 676 3433 ὀφθαλμοῖς,
705 3363 842 3434 ὅπερ
869 3361 919 3415 οἱ
951 3361 1088 3433 πρὸς
1124 3362 1260 3432 βαθὺ
1284 3365 1460 3435 γῆρας
1488 3365 1734 3429 ἐλθόντες

54 3455 352 3524 πάσχουσι.
397 3451 494 3514 Τίς
537 3451 583 3503 δ’
630 3449 698 3503 ἂν
740 3449 991 3521 δυνηθείη
1026 3449 1124 3521 τὴν
1156 3449 1243 3504 διά
1288 3451 1382 3505 τοῦ
1430 3453 1732 3522 ἐγκεφάλου

50 3539 415 3608 δεικνυμέντμ
442 3537 634 3605 σοφίαν
663 3536 880 3590 ἅπασαν
911 3537 1136 3600 διελθεῖν
1160 3548 1182 3577 ο
1204 3554 1219 3604 ;
1242 3537 1463 3609 Πρῶτον
1495 3540 1595 3610 μὲν
1625 3541 1734 3614 γὰρ

52 3626 220 3678 αὑτὸν
254 3623 461 3676 ἀπεῖλον
483 3625 756 3693 ἐποίησεν,
782 3623 970 3695 ἐπειδὴ
1004 3626 1124 3688 ταῖς
1150 3624 1469 3696 αἰσθήσεσιν
1492 3627 1732 3693 ἀπάσαις

53 3712 220 3774 αὐτὸς
248 3713 477 3781 χορηγεῖ
492 3709 591 3775 τάς
623 3711 805 3781 πηγάς
823 3728 836 3742 ·
868 3707 986 3765 εἶτα
1008 3711 1093 3765 ῖνα
1127 3713 1202 3783 μὴ
1227 3712 1376 3783 παρά
1401 3714 1501 3784 τὴν
1526 3716 1733 3771 οἰκείαν

53 3799 522 3870 παραϐλάπτηται
565 3797 748 3868 φύσιν,
796 3800 973 3863 ὀστοῖς
1007 3800 1167 3854 αὐτὸν
1204 3801 1468 3855 πάντοθεν
1516 3804 1731 3858 ἐπετεί-

54 3904 178 3957 χισε
198 3902 213 3919 ·
255 3886 415 3940 πάλιν
440 3887 526 3939 ἵνα
564 3886 638 3958 μὴ
669 3889 734 3957 τῇ
772 3886 1096 3958 σκληρότητι
1124 3887 1233 3940 τῶν
1258 3888 1430 3942 ὀστῶν
1464 3908 1733 3963 παρατρι-

53 3975 290 4044 ϐὀμενος
339 3973 642 4044 ἐνοχλῆται,
696 3974 870 4045 ὑμένα
923 3976 1090 4046 μέσον
1143 3976 1439 4039 ἐπέτεινεν,
1493 3980 1592 4049 οὐχ
1637 3981 1733 4034 ἕνα

58 4063 246 4133 μόνον,
270 4062 407 4115 ἀλλά
430 4062 522 4114 καὶ
544 4062 814 4132 δεύτερον.
831 4061 922 4115 τὸν
942 4062 1039 4133 μὲν
1068 4064 1354 4126 ὑποτείνας
1368 4064 1447 4135 τῷ
1463 4064 1732 4136 βρέγματι

55 4150 323 4211 κάτωθεν,
379 4149 468 4203 τὸν
497 4149 554 4203 δὲ
599 4148 803 4203 ἄνωθεν
835 4148 1140 4220 περιϐαλὼν
1187 4153 1253 4222 τῇ
1294 4150 1386 4204 τοῦ
1427 4153 1731 4223 ἐγκεφάλου

58 4238 259 4310 σαρκί·
298 4238 392 4291 καὶ
422 4237 567 4290 ἐστιν
594 4239 800 4300 ἐκεῖνος
826 4236 1015 4291 τούτου
1053 4238 1435 4311 σκληρότερος.
1478 4240 1647 4295 Τοῦτο
1673 4242 1731 4296 δὲ

59 4328 288 4396 ἐποίησε
315 4326 404 4379 διά
431 4342 490 4377 τε
518 4325 617 4396 τὴν
644 4326 938 4396 εἰρημένην
959 4326 1158 4390 αἰτίαν,
1188 4328 1282 4381 καὶ
1315 4329 1404 4381 ἵνα
1432 4329 1533 4392 τὰς
1566 4346 1731 4400 φερο-

60 4417 230 4486 μένας
262 4415 357 4467 ἐπὶ
389 4414 488 4484 τῆς
520 4413 759 4483 κεφαλῆς
795 4412 1009 4482 πληγὰς
1039 4413 1112 4484 μὴ
1141 4414 1352 4484 πρῶτος
1379 4416 1406 4467 ὀ
1430 4417 1733 4487 ἐγκέφαλος

56 4505 308 4572 δέχηται,
332 4501 492 4564 ,ἀλλά
541 4501 967 4572 προαπαντῶσαι
1014 4502 1068 4553 αἰ
1106 4503 1369 4572 μήνιγγες
1414 4501 1573 4558 αὗται
1613 4508 1733 4570 ταῖς

61 4591 246 4660 βολαῖς
270 4589 369 4660 τὴν
397 4587 600 4659 βλάϐην
628 4587 916 4641 διαλύωσιν
946 4587 1179 4651 ἃπασαν,
1208 4590 1300 4642 καὶ
1323 4590 1732 4660 ἀνεπηρέαστον

59 4678 224 4732 αὑτὸν
261 4675 577 4746 διατηρῶσι.
609 4676 720 4727 Καὶ
747 4675 806 4728 τὸ
836 4674 911 4745 μὴ
942 4674 1163 4744 συνεχές
1197 4692 1255 4726 τε
1288 4676 1382 4727 καὶ
1417 4674 1475 4728 ἓν
1507 4672 1644 4729 εἶναι
1673 4677 1734 4730 τὸ

58 4764 337 4820 καλύπτον
360 4762 522 4816 αὑτὸν
564 4761 777 4826 ὀστοῦν,
804 4760 941 4815 ἀλλὰ
981 4761 1182 4824 πολλὰς
1215 4762 1551 4833 πανταχόθεν
1589 4763 1734 4834 ἔχειν

60 4853 264 4925 ῥαφὰς,
300 4851 498 4920 πολλῆς
528 4851 827 4919 ἀσφαλείας
857 4850 1004 4920 αὑτῷ
1028 4849 1188 4903 πάλιν
1219 4850 1473 4914 ὑπόθεσις
1502 4851 1730 4919 γίνεται.

59 4942 185 4994 Τῶν
213 4957 273 4993 τε
306 4939 415 5010 γὰρ
444 4939 771 5008 συνεχόντων
814 4938 974 4990 αὐτὸν
1005 4937 1192 5007 ἀτμῶν
1224 4939 1305 5001 εἰς
1340 4938 1402 4991 τὸ
1441 4938 1546 5006 ἔξω
1574 4939 1732 5010 ῥᾳδία

60 5029 265 5097 γένοιτκ
286 5027 351 5081 ἂν
378 5029 622 5097 ἀναπνοὴ
654 5027 742 5080 διά
772 5026 881 5078 τῶν
922 5026 1107 5096 ραφῶν
1137 5025 1378 5090 ἐκείνων,
1403 5025 1543 5080 ὥστε
1572 5026 1733 5081 αὑτὸν

66 5118 140 5185 μὴ
181 5112 611 5184 συμπνίγεσθαι·
649 5112 830 5184 πληγή
865 5129 925 5164 τε
974 5112 1026 5165 εἰ
1060 5128 1145 5175 τις
1183 5112 1497 5184 ἐπενεχθείη
1546 5113 1730 5178 ποθὲν,

62 5208 161 5274 οὑχ
190 5203 487 5272 ὁλοσχερὴς
515 5201 723 5270 γίνεται
758 5200 1007 5272 ήβλάϐη.
1040 5201 1104 5254 Εἰ
1137 5200 1236 5270 μὲν
1269 5202 1376 5271 γὰρ
1394 5200 1451 5254 ἓν
1472 5202 1565 5254 καὶ
1594 5219 1727 5256 συν-

66 5294 184 5363 εχὲς
207 5288 273 5362 ἧν
296 5290 357 5343 τό
376 5290 585 5355 ὀστοῦν,
603 5290 697 5343 καὶ
715 5292 792 5351 εἰς
817 5289 874 5341 ἓν
898 5290 1062 5359 μέρος
1090 5288 1474 5358 κατενεχθεῖσα
1491 5292 1524 5360 ἡ
1551 5290 1731 5362 πληγὴ

67 5380 125 5430 τὸ
158 5381 263 5433 πᾶν
296 5378 600 5448 ἐλυμήνατο
629 5376 694 5429 ἄν
715 5391 728 5404 ³
754 5375 832 5443 τῷ
869 5375 925 5428 δέ
957 5378 1036 5438 εἰς
1063 5374 1232 5428 πολλά
1268 5374 1589 5447 διαιρεῖσθαι
1614 5377 1728 5443 νῦν,

70 5468 163 5519 οὐκ
202 5466 267 5519 ἂν
311 5465 522 5532 γένοιτο
570 5465 744 5517 τοῦτο.
783 5464 848 5516 Εἰ
881 5463 989 5534 γάρ
1035 5465 1127 5517 καὶ
1170 5462 1410 5534 συμϐαίη
1458 5464 1729 5536 τρωθῆναι

73 5556 230 5625 μέρος
258 5554 335 5617 ἓν,
372 5552 433 5605 τὸ
466 5552 585 5605 κατ’
620 5554 795 5604 ἐκεῖνο
827 5551 888 5603 τι
928 5550 1092 5622 μέρος
1118 5550 1310 5603 ὀστοῦν
1338 5550 1591 5620 κείμενον
1632 5570 1733 5607 πα-

73 5642 432 5712 ραϐλάπτεται
467 5641 648 5712 μόνον,
673 5640 742 5692 τὰ
765 5639 821 5692 δέ
843 5639 1005 5692 λοιπά
1027 5639 1185 5709 ἀσινῆ
1218 5640 1368 5709 μένει
1410 5639 1609 5702 πάντα,
1639 5638 1731 5691 τοῦ

72 5730 440 5802 συνεχοῦςτῆς
471 5727 688 5799 πληγῆς
710 5727 1128 5797 διακοπτομένου
1164 5730 1229 5797 τῇ
1259 5726 1368 5780 τῶν
1395 5726 1567 5781 ὀστῶν
1598 5726 1732 5779 διαι-

126 5851 150 5880 ³
178 5849 378 5909 Quidam
402 5865 517 5901 mss.
540 5852 646 5916 περὶ
668 5851 812 5917 κόρης
833 5848 1074 5915 ὀφθαλμοῦ
1099 5851 1179 5898 καὶ
1202 5857 1300 5911 τῆς.

130 5912 158 5953 ιι
183 5914 278 5961 Alii
298 5914 493 5961 κάοιοοε.

133 5928 160 6010 ἓ
546 5975 679 6028 Infra
699 5976 848 6031 Savil.
876 5982 929 6029 el.
945 5978 1027 6029 alii
1046 5978 1194 6037 ὑμένα
1212 5977 1363 6043 μέσον
1382 5940 1634 6025 ὑπέτιινινο

1097 342 1190 398 AD
1223 340 1551 399 POPULUM
1590 340 2093 399 ANTIOCUENUM
2132 341 2370 401 HOMIL.
2410 344 2502 402 XI.

3425 355 3527 415 ιρι

1857 460 2024 529 ρέσει,
2048 460 2142 512 καὶ
2168 460 2268 513 οὐκ
2303 460 2575 531 ἰσχύοντος
2603 462 2683 525 εἰς
2709 462 2779 517 τὰ
2800 462 3179 535 παρακείμενα
3207 465 3523 540 ἐκταθῆναι.

1853 547 1951 599 Διά
1975 546 2132 600 τοῦτο
2162 549 2225 600 ἐκ
2254 548 2464 602 πολλῶν
2485 549 2647 603 αὑτοῦ
2678 551 2779 622 τῆν
2808 550 3020 624 σκέπην
3035 553 3209 608 ὀστῶν
3229 557 3524 628 συνέθηκεν

1849 636 1880 687 ὁ
1907 634 2057 698 Θεὸς,
2074 638 2167 687 καὶ
2182 636 2428 707 καθάπερ
2456 638 2633 692 οἰκίαν
2656 656 2737 701 τις
2757 640 3076 711 οἰκοδομῶν,
3097 641 3298 713 στέγην
3318 646 3411 703 καί
3429 662 3525 698 κε-

1847 722 2075 791 ραμῖδας
2096 722 2296 776 ἀνωθεν
2321 723 2644 792 ἐπιτίθησιν·
2662 724 2803 779 οὕτω
2838 726 2936 780 καὶ
2969 727 3036 779 τὰ
3060 730 3193 782 ὀστᾶ
3227 728 3401 783 ταῦτα
3427 733 3525 785 ἐπ·-

1846 807 2040 880 έθηκεν
2059 811 2263 865 ἄνωθεν
2278 812 2374 864 ἐπὶ
2387 813 2486 883 τῆς
2501 813 2744 884 κεφαλῆς
2758 817 2786 868 ὀ
2800 814 2955 880 Θεὸς.
2976 817 3069 870 καὶ
3083 817 3273 888 τρίχας
3293 817 3526 887 βλαστάο

1843 912 1952 949 νειν
1982 899 2413 966 παρεσκεύασεν,
2445 901 2586 955 ὥστε
2616 903 2737 956 ἀντὶ
2766 904 3088 974 πιλημάτων
3104 906 3266 959 τινῶν
3296 903 3523 978 εἷναιτῇ

1842 984 2071 1055 κεφαλῇ.
2109 985 2182 1039 Τὸ
2206 987 2338 1041 αὐτὸ
2360 989 2418 1042 δέ
2440 989 2599 1043 τοῦτο
2628 992 2723 1043 καὶ
2752 992 2846 1045 ἐπὶ
2873 993 2973 1062 τῆς
2994 993 3216 1064 καρδίας
3244 994 3517 1062 ἐποίησεν.

1855 1070 2069 1144 Ἐπειδὴ
2098 1074 2205 1146 γάρ
2240 1076 2302 1128 τὸ
2328 1076 2663 1148 κυριώτατόν
2709 1080 2826 1132 ἐστι
2866 1080 2974 1133 τῶν
3009 1083 3067 1134 ἐν
3100 1083 3233 1152 ἡμῖν
3281 1081 3455 1152 μελῶν
3485 1080 3526 1155 ὴ

1844 1160 2057 1229 καρδία,
2072 1163 2166 1215 καί
2186 1163 2287 1233 τῆς
2314 1163 2461 1234 ζωῆς
2488 1164 2643 1236 ἡμῶν
2670 1166 2884 1238 ἀπάσης
2908 1167 3047 1238 αῦτη
3069 1168 3129 1220 τὸ
3160 1168 3328 1240 κῦρος
3357 1170 3514 1238 ἐγκεο

1841 1248 2127 1320 χείρισται,
2177 1253 2269 1306 καὶ
2302 1254 2364 1305 τὸ
2405 1254 2568 1324 τυχὸν
2605 1255 2902 1325 πληγείσης
2916 1257 3086 1327 αὐτῆς
3116 1255 3343 1321 θάνατος
3375 1259 3523 1326 γίνε-

1841 1352 1949 1400 ται,
1984 1343 2258 1407 στεγανοῖς
2279 1339 2370 1393 καὶ
2404 1341 2658 1413 σκληροῖς
2679 1343 2856 1406 ὀστοῖς
2888 1343 2981 1396 καὶ
3018 1343 3224 1414 ταύτην
3256 1346 3521 1415 πανταχτῖο

1843 1421 1934 1476 θεν
1966 1427 2318 1499 περιέφραξε,
2364 1432 2489 1494 ταῖς
2524 1429 2617 1483 τοῦ
2664 1430 2911 1502 θώρακος
2943 1430 3233 1502 προϐολαῖς
3277 1434 3370 1485 καὶ
3400 1435 3521 1497 ταῖς

1841 1511 2191 1583 ώμοπλάταις
2219 1515 2440 1570 ὄπισθεν
2478 1518 2721 1588 τειχίσας
2748 1519 2917 1589 αὑτήν
2939 1534 2953 1549 ·
2994 1520 3089 1572 καὶ
3122 1520 3259 1590 ὅπερ
3288 1520 3381 1572 ἐπὶ
3409 1520 3525 1573 τῶν

1843 1601 2123 1670 μηνίγγων
2168 1604 2413 1675 ἐποίησε,
2457 1606 2616 1659 τοῦτο
2658 1608 2753 1660 καὶ
2802 1607 2896 1659 ἐπὶ
2940 1605 3146 1677 ταύτης
3198 1607 3515 1678 εἰργάσατο.

1843 1687 2003 1742 Ὥστε
2035 1692 2144 1762 γὰρ
2176 1691 2250 1764 μὴ
2293 1694 2532 1764 συνεχῶς
2565 1693 2866 1766 ἁλλομένην
2914 1693 3086 1766 αὐτὴν
3132 1695 3228 1748 καί
3261 1695 3520 1767 πηδῶσαν

1840 1777 1898 1829 ἐν
1928 1782 2040 1842 τοῖς
2065 1779 2255 1851 θυμοῖς
2293 1782 2388 1835 καὶ
2415 1785 2536 1845 ταῖς
2562 1781 2840 1845 τοιαύταις
2870 1784 3069 1852 ὁρμαῖς
3106 1783 3202 1835 καὶ
3247 1786 3313 1853 τῇ
3348 1783 3517 1853 σκλη-

1843 1865 2026 1938 ρότητι
2070 1867 2179 1920 τῶν
2228 1868 2401 1922 ὀστῶν
2456 1869 2826 1940 ἐγκρούουσαν
2882 1869 2987 1923 τῶν
3036 1871 3518 1941 περιφραττόντων

1840 1953 2009 2025 αὐτὴν
2040 1956 2473 2028 παρα-τρίϐεσθαι
2507 1959 2600 2011 καὶ
2623 1956 2935 2023 ὀδυνᾶσθαι,
2968 1958 3175 2027 ὑμένας
3203 1974 3263 2010 τε
3294 1959 3511 2011 ὑπέτειδ

1839 2057 1929 2095 νεν
1966 2045 2081 2095 ἐκεῖ
2117 2044 2363 2109 πολλοὺς,
2418 2046 2636 2100 καὶτὸν
2676 2045 2957 2116 πνεύμονα
3005 2044 3278 2117 ὑπέθηκεν
3325 2044 3520 2114 ῶσπερ

1841 2128 2047 2182 ἁπαλὸν
2075 2131 2300 2202 στρῶμα
2331 2136 2443 2196 τοῖς
2466 2133 2703 2203 ἅλμασιν
2733 2134 2906 2203 αὐτῆς
2936 2134 3222 2205 παραθεὶς,
3263 2134 3352 2188 ἵνα
3381 2135 3515 2188 ἀλύ-

1840 2233 1958 2281 πως
1991 2220 2365 2291 ἐρρηγνυμένη
2402 2220 2595 2291 τούτῳ,
2636 2221 2805 2292 μηδὲν
2846 2222 3010 2292 ἀηδὲς
3056 2221 3261 2292 πάσχῃ.
3305 2222 3416 2273 Καὶ
3460 2221 3516 2274 τε

1838 2303 1983 2374 λέγω
2012 2310 2138 2378 περί
2171 2307 2473 2377 ἐγκεφάλου
2508 2310 2602 2362 καὶ
2646 2309 2895 2380 καρδίας,
2928 2311 3062 2362 ὅπου
3108 2326 3172 2377 γε
3218 2308 3379 2372 εἴτις
3423 2310 3516 2363 καὶ

1838 2394 2089 2463 περὶτῶν
2117 2395 2322 2465 ὀνύχων
2349 2396 2530 2449 αὑτῶν
2560 2394 2841 2466 ζητήσειε,
2872 2396 3072 2468 πολλὴν
3099 2397 3194 2451 καὶ
3221 2398 3280 2449 ἐν
3300 2396 3510 2461 τούτοις

1838 2480 2026 2549 ὄψεται
2058 2483 2157 2554 τὴν
2209 2483 2399 2552 σοφίαν
2449 2482 2543 2537 τοῦ
2591 2483 2726 2537 Θεοῦ
2770 2484 3236 2556 διαδεικνυμένην,
3272 2485 3367 2538 καὶ
3404 2484 3516 2538 ἀπὸ

1836 2567 1929 2620 τοῦ
1964 2571 2241 2641 σχήματος
2272 2571 2471 2634 αὐτῶν,
2505 2573 2598 2626 καί
2629 2572 2738 2626 ἀπὸ
2765 2572 2864 2643 τῆς
2895 2573 3105 2636 οὐσίας,
3136 2574 3231 2625 καὶ
3258 2570 3368 2625 ἀπὸ
3411 2572 3513 2640 τῆς

1837 2655 2058 2720 θέσεως.
2111 2659 2267 2729 Ἐνῆν
2291 2658 2347 2711 δὲ
2376 2662 2549 2712 εἰπεῖν
2577 2660 2670 2714 καὶ
2694 2659 2840 2723 τίνος
2859 2660 3045 2715 ἕνεκεν
3068 2659 3169 2714 οὐκ
3196 2659 3511 2731 ἰσόμετροιά

1834 2743 2035 2808 πάντες
2060 2746 2192 2816 ἡμῖν
2218 2748 2355 2799 εἰσιν
2381 2748 2431 2799 οἰ
2477 2747 2751 2810 δάκτυλοι,
2797 2748 2894 2800 καὶ
2920 2746 3091 2800 πολλά
3110 2747 3274 2816 ἐτερα
3297 2745 3507 2799 τούτων

1836 2828 1987 2905 [120]
2030 2832 2284 2887 πλείονα·
2316 2834 2431 2888 ἀλλ’
2461 2834 2777 2906 ἀρκούντως
2816 2835 2911 2888 καὶ
2952 2836 3019 2888 ἐκ
3062 2835 3171 2889 τῶν
3203 2835 3510 2906 εἰρημένων

1832 2922 1945 2980 τοῖς
1991 2921 2232 2973 ἐθέλουσι
2264 2923 2553 2991 προσέχειν
2593 2925 2627 2993 ἡ
2675 2922 2838 2992 σοφία
2874 2921 2969 2975 τοῦ
3006 2921 3512 2993 δημιουργήσαντος

1834 3007 1980 3077 ἡμᾶς
2005 3008 2302 3078 διαλάμπει
2333 3009 2468 3062 Θεοῦ
2489 3028 2503 3041 ·
2534 3009 2724 3082 διόπερ
2759 3010 2918 3079 ἀφεὶς
2939 3009 3096 3063 τοῦτο
3121 3008 3183 3062 τὸ
3209 3009 3373 3080 μέρος
3398 3012 3512 3072 τοῖς

1835 3095 2144 3162 φιλοπόνοις
2189 3096 2587 3165 ἐξεργάσασθαι
2643 3097 2780 3169 μετά
2830 3097 3137 3169 ἀκριϐείας,
3187 3096 3273 3167 ἐφ’
3319 3099 3511 3168 ἑτέραν

1831 3181 2104 3235 ἀντίθεσιν
2131 3183 2422 3254 τρέψομαι.

1905 3269 1965 3323 δ’.
1987 3270 2098 3325 Καὶ
2128 3271 2239 3343 γὰρ
2265 3272 2448 3327 πολλοὶ
2478 3272 2613 3344 μετά
2628 3274 2737 3328 τῶν
2752 3275 3057 3346 εἰρημένων
3082 3271 3298 3327 κάκεῖνο
3310 3272 3508 3328 ἀντιλέ-

1831 3373 2017 3424 γουσι·
2055 3359 2120 3413 Τί
2163 3360 2384 3432 δήποτε.
2422 3363 2469 3413 εἰ
2504 3360 2756 3430 βασιλεὺς
2778 3361 2887 3415 τῶν
2930 3361 3141 3430 ἀλόγων
3178 3365 3324 3414 ἐστὶν
3357 3363 3384 3412 ὀ
3417 3361 3509 3413 ἄν·

1831 3443 2068 3517 θρωπος,
2100 3449 2192 3502 καὶ
2226 3448 2386 3522 ῥώμῃ
2438 3449 2533 3503 καὶ
2581 3444 2800 3520 ὀξύτητι
2842 3450 2936 3503 καί¹
2980 3448 3137 3519 τάχει
3187 3447 3360 3501 πολλά
3397 3447 3512 3501 τῶν

1832 3533 1984 3597 ζώων
2010 3536 2174 3590 αὑτοῦ
2206 3537 2516 3591 πλεονεκτεῖ
2547 3548 2571 3576 ε
2595 3554 2610 3602 ;
2641 3537 2736 3590 καὶ
2764 3536 2872 3608 γὰρ
2899 3536 3193 3609 ταχύτερον
3221 3536 3384 3597 ἵππος
3414 3537 3506 3588 ἀν⁴

1833 3620 2072 3691 θρώπου,
2095 3641 2188 3677 και
2224 3623 2620 3695 τλητικώτερον
2659 3623 2805 3694 βοῦς,
2831 3625 2927 3677 καὶ
2958 3626 3286 3696 κουφότερον
3327 3621 3503 3685 ἀετὸς,

1831 3710 1926 3762 καὶ
1956 3711 2301 3781 ἰσχυρότερον
2327 3711 2483 3765 λέων.
2526 3712 2591 3764 Τί
2621 3708 2715 3765 οὖν
2743 3712 2809 3765 ἀν
2838 3711 3090 3781 εἴποιμεν
3122 3712 3257 3782 πρὸς
3299 3709 3465 3763 ταῦτα
3495 3725 3533 3775 ξ,

1834 3796 1955 3850 Ὅτι
1989 3798 2082 3850 καὶ
2111 3797 2360 3851 ἐντεῦθεν
2400 3798 2633 3868 μάλιστα
2674 3797 2931 3867 εἰσόμεθα
2972 3796 3065 3851 τοῦ
3096 3796 3231 3850 Θεοῦ
3277 3795 3376 3866 τὴν
3417 3812 3507 3847 σο·

1832 3885 1981 3952 φίαν,
2012 3886 2105 3939 καὶ
2135 3886 2232 3957 τὴν
2266 3887 2428 3956 τιμὴν
2475 3886 2542 3956 ἢν
2582 3887 2730 3956 ἡμᾶς
2767 3884 3016 3955 ἐτίμησε.
3051 3884 3360 3954 Ταχύτερον
3408 3883 3510 3950 μὲν

1830 3971 1937 4044 γὰρ
1984 3972 2148 4036 ἵππος
2176 3973 2486 4044 ἀνθρώπου,
2522 3973 2638 4026 ἀλλ’
2668 3975 2748 4037 εἰς
2772 3971 3084 4043 ἀποδημίας
3114 3972 3278 4039 τάχος
3322 3970 3506 4039 ἐπιτη-

1830 4061 2096 4132 δειότερον
2121 4061 2403 4130 ἄνθρωπος
2434 4059 2599 4113 ἵππου
2621 4078 2635 4093 ο
2669 4061 2835 4123 ἵππος
2861 4061 2958 4130 μὲν
2984 4058 3110 4131 γὰρ,
3150 4056 3256 4113 κᾶν
3287 4056 3509 4109 πάντων

1830 4149 2087 4216 ὀξύτατος
2131 4149 2223 4202 καὶ
2261 4148 2642 4217 ἀλκιμώτατος
2666 4146 2724 4222 ᾖ,
2761 4149 2913 4220 μόλις
2947 4148 3254 4210 διακοσίους
3279 4146 3505 4217 δραμεῖ-

1829 4255 1919 4291 ται
1960 4238 2059 4308 τῆς
2103 4237 2314 4311 ἡμέρας
2356 4237 2635 4301 σταδίους·
2677 4236 2961 4308 ἄνθρωπος
2984 4236 3043 4290 δέ
3087 4235 3386 4301 ὑποζεύξας
3414 4236 3503 4287 ἴπ-

1831 4343 1965 4390 πους
1987 4329 2051 4380 ἐκ
2069 4326 2321 4396 διαδοχῆς
2343 4325 2590 4390 πολλοὺς,
2621 4325 2714 4379 καὶ
2742 4323 3035 4395 δισχιλίους
3067 4323 3353 4394 δυνήσεται
3379 4338 3504 4373 στα.

1830 4414 1976 4478 δίους
2018 4414 2282 4468 διανύσαι.
2323 4415 2485 4467 Ὥστε
2534 4415 2673 4483 ὅπερ
2722 4412 2916 4482 ἐκείνῳ
2941 4411 3003 4464 τὸ
3052 4410 3237 4480 τάχος,
3268 4409 3441 4478 τούτῳ
3472 4410 3502 4460 ό

1831 4502 2085 4571 λογισμὸς
2122 4503 2215 4555 καὶ
2239 4504 2270 4571 ἡ
2304 4501 2468 4571 τέχνη
2495 4500 2737 4571 παρέσχε
2764 4498 2901 4571 μετὰ
2929 4496 3172 4559 πλείονος
3200 4495 3301 4560 τῆς
3331 4496 3500 4563 ὑπερ-

1830 4588 1991 4660 ϐολῆς
2010 4607 2025 4623 ο
2055 4590 2156 4642 οὐκ
2182 4588 2292 4660 ἔχει
2324 4589 2422 4659 μὲν
2461 4587 2571 4659 γὰρ
2609 4588 2777 4650 πόδας
2807 4586 3058 4656 ἰσχυροὺς
3087 4583 3107 4622 τ
3138 4583 3167 4636 ὀ
3190 4581 3496 4652 ἄνθρωπος,

1831 4676 2018 4748 ὥσπερ
2063 4678 2297 4739 ἐκεῖνος,
2334 4674 2448 4745 ἔχει
2494 4675 2552 4729 δὲ
2599 4674 2724 4737 τοὺς
2771 4672 2980 4727 ἐκείνου
3019 4669 3127 4724 τῶν
3156 4668 3350 4722 ἐαυτοῦ
3398 4669 3497 4722 οὐκ

1832 4764 2053 4818 ἔλαττον
2078 4762 2227 4834 αὑτῷ
2248 4761 2716 4833 διακονουμένους.
2740 4759 2861 4813 Τῶν
2888 4760 2984 4830 μὲν
3008 4757 3117 4828 γάρ
3143 4756 3350 4824 ἀλόγων
3377 4757 3498 4809 οὐδὲ

1832 4850 1888 4906 ἓν
1917 4850 2069 4916 ζώων
2102 4851 2286 4922 ἕτερον
2313 4849 2450 4921 πρὸς
2484 4849 2581 4919 τὴν
2622 4847 2814 4901 ἐαυτοῦ
2859 4846 3049 4917 χρείαν
3079 4842 3371 4908 ὑποζεῦξαι
3401 4843 3495 4896 δύ-

1830 4957 2006 5002 ναται,
2036 4939 2065 4990 ὀ
2087 4938 2141 4991 δέ
2162 4937 2261 4991 ἄνθ
2270 4954 2450 5008 ρωπος
2477 4938 2654 4990 πάντα
2682 4936 2879 4995 ἔπεισι,
2904 4934 2997 4987 καὶ
3017 4932 3102 4987 διά
3126 4933 3226 5003 τῆς
3248 4931 3498 5001 ποικίλης

1830 5027 2023 5096 τέχνης
2058 5025 2159 5094 τῆς
2200 5025 2349 5094 παρά
2387 5024 2481 5078 τοῦ
2519 5022 2653 5077 Θεοῦ
2701 5021 2945 5092 δοθείσης
2988 5020 3137 5091 αὑτῴ
3160 5061 3174 5083 ,
3221 5020 3358 5090 πρὸς
3394 5019 3493 5090 τὴν

1834 5114 2068 5184 μάλιστα
2097 5115 2477 5184 προσήκουσαν
2504 5111 2654 5181 αὑτῷ
2697 5110 3006 5180 οἰκονομίαν
3028 5110 3259 5161 ἕκαστον
3293 5107 3493 5172 ὑπάγει

1828 5200 1938 5253 τῶν
1968 5199 2139 5265 ζώων.
2182 5199 2245 5253 Εἰ
2285 5199 2342 5252 δὲ
2372 5194 2512 5271 ἦσαν
2539 5198 2712 5260 οὑτως
2758 5198 2967 5268 ἰσχυροί
2993 5197 3043 5249 οἰ
3077 5196 3233 5258 πόδες
3261 5196 3369 5248 τῶν
3396 5197 3494 5247 ἀν-

1830 5288 2063 5360 θρώπων
2085 5289 2159 5350 ὡς
2187 5289 2235 5340 οἱ
2263 5287 2370 5340 τῶν
2392 5289 2593 5347 ἵππων.
2620 5285 2756 5357 πρὸς
2785 5285 2945 5356 ἕτερα
2967 5283 3034 5337 ἂν
3059 5283 3303 5352 ἐγένοντο
3322 5279 3494 5350 ἀχρη-

1833 5393 1965 5438 στοι,
2000 5375 2135 5446 πρὸς
2175 5374 2501 5446 δυσχωρίας,
2549 5374 2687 5444 πρὸς
2734 5370 3061 5443 ἀκρωρείας,
3105 5369 3240 5439 πρὸς
3286 5366 3491 5420 ἀναϐά-

1831 5482 1941 5527 σεις
1968 5464 2230 5534 δένδρων·
2282 5465 2314 5533 ἡ
2353 5462 2458 5533 γὰρ
2490 5460 2627 5531 ὀπλὴ
2659 5463 2781 5523 ταῖς
2810 5460 2947 5530 πρὸς
2974 5458 3043 5510 τὰ
3092 5454 3317 5508 τοιαῦτα
3350 5453 3493 5524 βαδίο

1829 5569 1978 5605 σεσιν
2039 5550 2347 5621 ἐμποδίζειν
2395 5550 2603 5604 εἴωθεν.
2650 5550 2813 5601 Ὥστε
2860 5549 2909 5599 εἰ
2950 5546 3041 5599 καὶ
3073 5542 3409 5613 ἁπαλώτεροι
3441 5540 3491 5595 οι
3557 5596 3563 5603 ,

1829 5638 1989 5701 πόδες
2022 5638 2220 5702 αὐτῶν,
2261 5637 2395 5692 ἀλλά
2430 5638 2563 5708 πρὸς
2591 5636 2808 5698 πλείους
2832 5633 3250 5703 ἐπιτηδειότεροι
3280 5631 3490 5705 χρείας,

1828 5726 1922 5778 καὶ
1953 5724 2077 5779 οὐτε
2106 5725 2196 5780 διὰ
2224 5726 2323 5792 τὴν
2354 5725 2636 5779 ἀσθένειάν
2663 5742 2715 5776 τι
2756 5722 3097 5793 βλάπτονται,
3131 5720 3230 5791 τῆς
3260 5718 3357 5774 τοῦ
3401 5720 3494 5772 I7:-

1891 5845 1920 5885 ἆ
1943 5847 2040 5896 Alii
2064 5845 2307 5907 ἰσόμηκοι.

1896 5909 1922 5968 ε
1955 5908 2037 5968 Sic
2059 5901 2210 5957 Sav'ilI
2230 5916 2281 5956 et
2303 5905 2495 5968 plurimi
2518 5920 2627 5955 mss.
2660 5907 2831 5955 Morel.
2857 5920 2976 5958 vero
3005 5909 3136 5964 ζώων
3159 5906 3298 5955 αὑτὸν
3330 5901 3493 5950 πλέον.

1902 5961 1922 6003 ί
1952 5966 2101 6021 Sam.
2127 5974 2181 6019 ει
2204 5970 2288 6021 alii
2305 5961 2508 6030 ὶιιιίὀιιω
2530 5969 2871 6031 ἰσχυροτέρους.
