3920 6224
118 342 212 403 125

114 461 245 511 ratio
264 468 320 511 et
342 470 450 519 ars,
481 468 577 524 per
620 466 777 523 quam
834 463 1049 520 possum
1100 450 1276 501 omnia
1319 446 1547 499 volantia
1594 444 1686 500 de-

115 549 325 604 trahere
351 544 598 601 animalia
624 550 679 598 et
708 552 919 611 capere.
942 540 996 595 Si
1022 555 1146 594 vero
1174 540 1253 592 vis
1273 548 1325 591 et
1349 539 1491 592 alam
1516 551 1689 590 meam

115 641 314 695 videre:
338 637 508 693 habeo
529 636 617 690 illa
646 634 814 689 multo
842 632 1118 693 leviorem,
1151 646 1255 684 non
1286 643 1455 699 usque
1473 629 1538 683 ad
1569 638 1648 682 sta

1124 336 1213 391 AD
1250 331 1569 392 POPULUM
1605 328 2084 389 ANTIOCHENUM
2144 324 2370 384 HOMIL.
2403 324 2495 381 XI.
2528 344 2533 349 ο

3278 325 3375 379 196

1796 454 1899 497 tur.
1932 442 2057 496 llaec
2077 450 2131 497 ct
2158 440 2224 495 de
2245 439 2580 511 serpentibus
2604 447 2659 494 et
2673 440 2893 507 scorpiis
2919 447 2973 494 et
3013 440 3210 509 viperis
3250 442 3370 496 licet

1794 536 1994 599 dicere,
2019 533 2158 603 quod
2181 544 2395 602 prepter
2421 541 2695 602 peccatum
2726 532 2879 587 nobis
2901 532 3007 586 sint
3038 533 3324 588 terribiles.

1868 627 1921 681 5.
1956 624 2065 679 Nec
2086 639 2221 678 vero
2247 632 2445 677 tantum
2478 623 2529 676 in
2565 636 2790 692 corpore
2831 632 3011 676 nostro
3049 623 3371 678 conditioni-

114 732 198 785 dia
227 730 434 794 decem,
463 728 546 783 vel
577 722 784 800 viginti,
817 738 915 778 nec
937 737 1102 792 usque
1121 721 1415 781 ademlum.
1448 719 1540 774 sed
1596 733 1665 771 su-
1699 703 1766 769 Γ)
1800 719 2003 787 bttsqtte
2040 717 2200 771 variis
2222 758 2237 781 ,
2275 726 2329 771 et
2374 716 2428 770 in
2468 716 2656 779 brutis,
2698 729 2881 769 verum
2914 725 2969 770 et
3009 715 3059 769 in
3105 716 3383 771 arboribus

116 838 211 892 per
247 822 416 890 ipsum
441 818 629 874 emlum
657 817 953 872 evolantem
982 824 1035 867 et
1061 828 1222 882 super
1244 811 1433 866 coelum
1472 809 1590 864 (αειί
1618 824 1696 863 su-

122 911 320 979 perius,
350 910 439 964 ubi
466 918 548 964 est
566 907 808 963 Christus
835 906 884 959 in
911 903 1095 958 dextra
1139 902 1228 958 Dei
1277 902 1488 957 sedens.
1539 902 1697 955 Bruta

118 1017 327 1055 rursum
358 1001 408 1055 in
440 1014 665 1070 corpore
688 1004 879 1068 gerunt
922 1010 1069 1049 arma
1103 1012 1116 1048 :
1168 1002 1292 1063 puta
1338 993 1431 1047 bos
1477 1007 1694 1055 cornua,

117 1093 303 1146 dentes
320 1106 468 1161 aper,
494 1102 694 1160 Ungues
721 1089 802 1143 leo
832 1102 848 1154 ;
877 1086 1007 1141 mihi
1051 1099 1178 1139 vero
1209 1099 1313 1138 non
1362 1084 1412 1137 in
1458 1083 1700 1153 corporis

119 1194 304 1238 natura
334 1184 473 1238 Deus
499 1196 647 1235 arma
696 1179 953 1251 reposuit,
1000 1176 1093 1232 sed
1150 1184 1301 1231 extra
1339 1189 1531 1243 corpus
1557 1216 1569 1234 ,
1602 1173 1697 1227 de-

118 1282 420 1328 nmnstrans
440 1272 579 1341 quod
608 1251 804 1324 animal
826 1269 953 1322 mite
997 1268 1067 1321 sil.
1108 1266 1288 1332 homo,
1332 1263 1548 1333 etquod
1595 1277 1700 1317 non

119 1364 247 1418 mihi
294 1378 505 1431 semper
531 1363 716 1415 bormn
749 1372 958 1428 tempus
1000 1372 1270 1412 armorum
1307 1372 1320 1409 :
1355 1355 1550 1411 etenim
1599 1354 1704 1409 fre-

120 1464 347 1523 quenter
388 1452 598 1524 quidem
641 1453 750 1521 ip~a
801 1451 1045 1519 depono,
1104 1464 1479 1519 nonnunquam
1527 1456 1700 1501 autem

124 1547 368 1601 manibus
388 1561 564 1600 sumo.
603 1544 669 1601 Ut
702 1543 857 1614 igitur
885 1543 1017 1597 liber
1050 1552 1102 1596 et
1148 1540 1423 1595 absolutus
1466 1539 1588 1603 sim,
1636 1553 1703 1592 ne

120 1653 336 1706 semper
358 1646 570 1707 gestare
593 1649 753 1703 cogar
789 1649 961 1699 arma,
994 1648 1024 1686 a
1073 1643 1259 1686 natura
1289 1646 1405 1686 mea
1459 1639 1703 1699 separata

122 1728 249 1782 fecit
286 1729 399 1799 ipsa
440 1729 600 1783 Deus.
657 1727 772 1780 Non
826 1727 969 1781 enim
1018 1733 1242 1788 tantum,
1290 1724 1411 1794 quia
1461 1733 1703 1777 naturam

122 1818 382 1873 babemus
407 1818 741 1883 rationalem,
785 1816 944 1872 bruta
968 1830 1300 1886 superamus,
1350 1813 1443 1870 sed
1487 1822 1541 1869 et
1581 1828 1706 1868 cor-

123 1926 253 1980 pore
280 1910 408 1979 ipsis
430 1919 777 1979 praestamus:
830 1916 883 1961 et
911 1905 1012 1961 hoc
1039 1907 1179 1960 enim
1208 1906 1398 1960 animae
1436 1904 1709 1975 generosi-

123 2004 221 2056 tati
271 2002 609 2065 conveniens,
684 2007 739 2054 et
787 1998 1048 2052 mandatis
1098 1996 1214 2067 ejus
1261 1996 1509 2051 idoneum
1567 1996 1708 2051 Deus

123 2093 483 2163 prmparavit:
515 2090 710 2145 etenim
734 2104 928 2159 corpus
957 2088 1061 2143 tale
1079 2102 1185 2143 nor.
1209 2095 1405 2141 temere
1428 2087 1572 2154 fecit,
1614 2088 1707 2140 sed

122 2186 284 2255 quale
308 2184 600 2239 decetesse
640 2182 881 2236 rationali
918 2189 1118 2234 natura:
1145 2177 1452 2234 minis-trans
1501 2194 1513 2229 :
1567 2176 1709 2246 quod

123 2278 231 2332 nisi
261 2276 364 2331 tale
391 2282 555 2340 esset,
589 2275 931 2328 vehementer
959 2269 1226 2341 impedita:
1255 2269 1487 2325 fuissent
1518 2271 1711 2323 anima:

125 2368 510 2437 Operationes;
547 2377 600 2421 et
649 2366 752 2420 hoc
787 2380 852 2419 ex
900 2348 1299 2434 a-gritndinibus
1350 2361 1710 2419 manifestum.

125 2461 185 2513 Si
211 2459 351 2515 enim
381 2458 647 2511 modicum
678 2455 802 2526 quid
826 2470 857 2509 a
891 2469 1100 2523 propria
1136 2451 1516 2506 constitutione
1562 2466 1713 2505 averv

127 2561 272 2605 tatur
300 2552 411 2619 ipse
438 2549 617 2604 carnis
660 2556 849 2613 status,
881 2545 1060 2599 multa:
1086 2559 1149 2598 ex
1204 2544 1395 2596 animm
1444 2542 1713 2612 Operatio-

125 2642 288 2696 nibus
313 2640 691 2709 impediuntur,
724 2646 847 2706 puta
876 2636 919 2689 si
947 2634 1169 2688 calidius
1199 2632 1283 2687 vel
1337 2632 1576 2702 frigidius
1628 2646 1714 2686 ce-

126 2732 346 2788 rebrum
377 2730 483 2785 flat.
506 2730 686 2799 Itaque
716 2736 770 2782 et
791 2742 855 2781 ex
882 2742 1107 2795 Corpore
1131 2725 1350 2778 multam
1395 2723 1487 2777 Dei
1539 2723 1716 2792 provi-

124 2826 366 2881 dentiam
398 2838 617 2879 cernere
645 2822 786 2886 licet,
816 2836 919 2874 non
948 2829 1149 2872 tantum
1177 2818 1425 2886 quoniam
1454 2817 1521 2870 ab
1566 2816 1717 2870 initio

126 2919 307 2984 ipsum
336 2914 719 2981 melius,quam
748 2925 889 2964 nunc
913 2919 1014 2974 est,
1060 2908 1198 2962 Deus
1250 2906 1393 2971 fecit,
1440 2906 1533 2959 sed
1586 2919 1714 2976 quo-

125 3009 276 3061 niam
307 3016 359 3060 et
384 3004 449 3059 ad
478 3003 700 3074 gloriam
734 3001 899 3055 multo
926 2999 1179 3069 majorem
1227 3012 1435 3051 rursum
1486 2995 1712 3050 resusci-

130 3101 292 3154 lnltil.
319 3097 371 3152 Si
406 3113 529 3150 vero
555 3103 610 3148 et
635 3093 847 3147 aliunde
886 3092 1092 3146 discere
1132 3091 1230 3155 vis,
1272 3097 1522 3160 quantam
1583 3088 1720 3142 Deus

128 3191 453 3260 sapientiam
478 3190 618 3242 circa
646 3200 841 3255 corpus
869 3182 1331 3245 demonstraverit,
1378 3164 1551 3234 dicam
1598 3179 1718 3243 hoc,

130 3283 281 3354 quod
307 3283 541 3336 omnium
564 3279 792 3333 maxime
814 3278 1006 3333 Paulus
1026 3273 1276 3328 admirari
1320 3270 1532 3326 assidue
1572 3271 1721 3325 vidc-

130 3385 243 3430 tur.
300 3373 435 3441 Quid
479 3379 657 3426 autem
698 3371 799 3425 hoc
854 3368 976 3423 est?
1022 3365 1254 3421 Membra
1301 3364 1525 3420 alterum
1569 3363 1723 3418 alteri

135 3477 396 3536 pra-Stare
418 3460 563 3528 fecit,
594 3478 698 3515 non
729 3461 779 3513 in
809 3459 1013 3522 iisdem,
1046 3457 1139 3511 sed
1171 3455 1285 3510 [nec
1337 3454 1549 3525 quidem
1600 3454 1724 3525 pul-

130 3560 443 3617 ‘chritudiue
466 3558 754 3628 prwvalere
780 3556 982 3622 statuit,
1010 3554 1099 3606 illa
1119 3565 1244 3606 vero
1274 3550 1467 3605 robore
1499 3566 1514 3602 :
1573 3558 1722 3619 puta,

135 3654 367 3726 pulcher
391 3654 598 3715 oculus,
628 3651 722 3704 sed
751 3650 996 3705 fortiores
1026 3647 1188 3718 pedes
1216 3664 1228 3699 :
1255 3645 1543 3717 pretiosum
1570 3651 1729 3712 caput

139 3747 243 3801 sed
291 3745 470 3800 dicere
495 3760 598 3798 non
624 3749 794 3812 potest
826 3740 1066 3811 pedibus,
1094 3737 1245 3792 vobis
1269 3751 1402 3807 opus
1429 3750 1531 3790 non
1559 3734 1729 3790 habeo

136 3843 157 3908 (
190 3839 241 3892 l.
276 3836 393 3890 Cor.
429 3835 514 3889 12.
542 3835 605 3888 21
637 3834 681 3907 ).
714 3833 826 3888 Hoc
855 3842 910 3887 et
938 3832 990 3886 in
1010 3831 1177 3885 brutis
1202 3844 1421 3885 cernere
1446 3828 1589 3891 licet,
1623 3825 1727 3881 hoc

132 3941 200 3987 et.
226 3932 278 3985 iu
312 3938 421 3985 tota
448 3930 644 4000 pariter
665 3929 789 3982 vita.
813 3926 926 3982 Rex
954 3926 1110 3995 igitur
1130 3922 1356 3978 subditis
1377 3936 1510 3991 opus
1544 3918 1724 3985 habet,

134 4023 345 4078 subditi
378 4037 522 4092 rege,
552 4023 686 4080 sicut
707 4026 867 4089 caput
888 4017 1128 4088 pedibus.
1155 4016 1221 4070 Et
1242 4029 1449 4068 rursum
1481 4015 1533 4067 in
1562 4010 1733 4066 brutis

138 4118 267 4172 haec
304 4116 517 4187 quidem
561 4124 684 4171 sunt
730 4113 968 4175 fortiora,
1009 4110 1124 4165 bare
1169 4117 1347 4163 autem
1363 4102 1731 4172 speciosiora;

140 4210 259 4264 lutet
294 4198 391 4263 nos
417 4207 702 4269 delectant,
730 4205 844 4259 haec
871 4210 1049 4257 autem
1110 4199 1361 4254 amiciuut
1388 4214 1401 4251 :
1443 4205 1565 4267 puta
1588 4195 1736 4250 dele-

141 4307 264 4355 ctat
295 4314 427 4369 pavo
446 4340 461 4365 ,
510 4297 747 4352 nutriunt
775 4295 981 4364 gallina:
1006 4306 1069 4347 ac
1096 4305 1252 4356 sues;
1285 4306 1410 4343 oves
1435 4296 1609 4342 autem
1642 4301 1735 4340 ve-

140 4392 319 4446 stiunt
345 4398 400 4445 et
424 4404 619 4458 capue,
637 4386 963 4441 collabdrant
992 4383 1087 4437 bos
1108 4388 1163 4436 et
1183 4380 1380 4433 asinus.
1399 4378 1533 4432 Sunt
1558 4388 1736 4430 autem

140 4495 204 4540 et
226 4484 355 4548 alia,
383 4498 498 4552 qua:
526 4482 713 4535 horum
768 4478 980 4549 quidem
1007 4474 1134 4529 nihil
1178 4472 1434 4542 pnebent,
1481 4477 1738 4526 exercent

141 4585 335 4629 autem
356 4573 602 4626 virtutem
626 4578 885 4635 nostram,
924 4575 984 4622 ut
1005 4566 1131 4620 fera:
1178 4571 1489 4618 venatorum
1544 4568 1740 4631 augent

144 4664 517 4721 fortitudinem
556 4671 611 4717 et
655 4663 843 4725 timore
896 4673 1063 4728 genus
1107 4664 1346 4710 nostrum
1368 4652 1636 4717 erudiunt,
1686 4659 1740 4705 et

144 4758 363 4813 cautius
384 4757 630 4817 reddunt,
656 4769 752 4809 nec
774 4753 1037 4807 modicum
1064 4750 1128 4803 ad
1153 4748 1466 4802 medicinam
1487 4745 1738 4799 tributum

147 4850 315 4905 nobis
340 4849 406 4902 de
428 4848 655 4917 propriis
677 4845 955 4900 conferunt
986 4842 1258 4898 membris.
1286 4838 1467 4909 Itaque
1492 4854 1615 4895 cum
1645 4837 1740 4892 tibi

143 4942 281 5012 quis
307 4940 519 5005 dixerit,
542 4937 809 5008 quomodo
832 4936 1105 4989 brutorum
1125 4947 1185 4987 es
1232 4930 1500 4997 dominus,
1551 4944 1640 4999 qut
1672 4928 1739 4982 ti-

146 5046 277 5087 mes
300 5028 552 5084 leonem?
587 5026 850 5096 reSponde
883 5025 949 5079 ab
977 5023 1127 5078 initio
1149 5037 1253 5077 non
1289 5021 1359 5075 ita
1409 5036 1469 5075 se
1517 5034 1606 5074 res
1648 5017 1743 5071 ha-

148 5125 362 5189 buisse,
384 5122 596 5194 quando
640 5120 780 5191 apud
831 5119 997 5173 Deum
1050 5117 1104 5171 in
1154 5114 1544 5170 existimatione
1591 5120 1746 5167 erant

149 5217 408 5271 homines
429 5253 447 5281 ,
477 5212 687 5284 quando
712 5210 764 5265 in
788 5208 1036 5279 paradiso
1063 5206 1407 5261 morabantur
1432 5219 1447 5268 ;
1470 5203 1562 5258 sed
1596 5212 1743 5273 post-

148 5321 324 5377 quam
350 5304 631 5359 Dominum
659 5299 874 5366 oﬂ‘endi,
908 5298 1076 5354 servis
1106 5297 1274 5351 factus
1299 5311 1416 5349 sum
1444 5294 1739 5360 obnoxius,

150 5414 274 5454 non
301 5406 476 5451 tamen
514 5393 755 5461 omnino,
814 5392 908 5447 sed
952 5390 1121 5444 babeo
1160 5388 1388 5457 aliquant
1433 5394 1601 5439 artem
1651 5398 1745 5453 per

150 5504 322 5559 quam
344 5485 484 5540 feras
505 5483 881 5556 superem.Sic
908 5482 1042 5537 etin
1098 5480 1345 5535 domibus
1387 5476 1592 5547 magnis
1644 5490 1744 5531 usu

152 5578 329 5644 venit,
356 5586 411 5632 ut
439 5577 553 5641 lilii,
580 5575 820 5646 quamvis
843 5573 1050 5628 nobiles
1075 5571 1202 5636 sint,
1245 5569 1372 5624 dum
1416 5582 1603 5638 parum
1647 5582 1742 5620 va-

154 5672 270 5726 lent
299 5670 635 5734 auctoritate,
687 5681 964 5722 servorum
1012 5664 1207 5718 multos
1244 5659 1565 5722 formident;
1620 5672 1742 5712 cum

143 5776 344 5821 autent
371 5772 424 5819 et
440 5760 798 5836 peccaverint,
820 5757 987 5814 multo
1016 5753 1182 5828 magis
1221 5751 1456 5810 anxietas
1503 5748 1742 5807 intenda-

1800 809 2108 863 varietatcm
2134 809 2269 862 hanc
2297 815 2542 877 spectare
2563 809 2703 873 licet,
2731 818 2785 864 et
2810 809 3044 863 omnium
3072 810 3383 863 vilissinnun

1801 914 1944 969 smpe
1973 898 2154 954 videas
2185 899 2440 968 majorem
2470 914 2746 967 superare,
2782 916 2881 955 nec
2906 901 3083 955 omnia
3115 902 3165 954 in
3196 902 3375 972 singu-

1802 991 1868 1046 lis
1896 1006 2045 1058 esse,
2093 1000 2149 1045 ut
2190 991 2366 1046 omnia
2408 992 2560 1045 nobis
2600 993 2701 1046 sint
2738 994 3071 1058 necessaria,
3104 1005 3156 1049 et
3184 997 3383 1049 variam

1809 1081 2016 1136 Domini
2049 1082 2357 1137 noverimus
2386 1084 2719 1152 sapientiam.
2750 1084 2867 1139 Noli
2899 1085 3057 1155 igitur
3086 1087 3248 1140 Deam
3276 1104 3388 1155 prn-

1805 1182 1923 1241 pter
1948 1174 2189 1243 corporis
2210 1175 2601 1243 corruptionem
2627 1189 2897 1242 accusare,
2924 1178 3014 1231 sed
3050 1187 3265 1247 propter
3287 1179 3387 1232 hoc

1805 1268 1972 1337 tnagis
2012 1268 2183 1336 ipsum
2232 1268 2392 1323 adora
2419 1309 2434 1334 ,
2485 1278 2540 1324 et
2579 1270 2892 1339 sapientiam
2921 1283 2968 1325 et
3003 1273 3384 1339 providentiam

1807 1359 1974 1428 ipsius
1995 1360 2258 1415 admirare
2279 1379 2292 1414 :
2312 1361 2627 1430 sapientiam
2656 1362 2890 1433 quidem,
2918 1366 3165 1434 quoniam
3197 1365 3247 1419 in
3278 1375 3383 1418 tam

1806 1451 2136 1520 corruptibili
2177 1467 2400 1521 corpore
2437 1461 2635 1508 tantam
2665 1456 2834 1524 potttit
2869 1454 3197 1510 harmoniam
3234 1459 3388 1513 exhi—

1808 1538 1972 1606 bere;
2007 1542 2393 1610 providentiam
2443 1559 2605 1612 vero,
2634 1546 2881 1612 quoniam
2924 1547 3093 1617 ipsum
3129 1552 3388 1619 corrupti-

1810 1630 1916 1686 hile
1960 1632 2028 1687 ad
2072 1635 2261 1688 animae
2305 1634 2425 1689 fecit
2473 1636 2785 1701 utilitatem,
2836 1647 2887 1690 ut
2928 1638 3089 1706 ipsius
3128 1649 3388 1695 tumorem

1809 1726 2161 1795 comprimat,
2201 1736 2254 1781 et
2283 1727 2585 1795 superbiam
2616 1731 2853 1799 castiget.
2889 1732 3061 1797 Quare
3102 1734 3255 1801 igitur
3286 1749 3389 1787 non

1809 1817 1876 1871 ab
1902 1817 2051 1870 initio
2080 1817 2250 1886 ipsum
2280 1818 2385 1875 tale
2414 1818 2538 1872 fecit
2567 1819 2704 1873 Deus
2729 1861 2745 1887 ,
2777 1820 2942 1889 inquit
2967 1822 3193 1889 aliquis?
3216 1824 3391 1876 Exeu-

1811 1924 1934 1965 sans
1961 1925 2020 1965 se
2050 1910 2140 1965 tibi
2168 1925 2262 1979 per
2293 1910 2404 1980 ipsa
2429 1926 2611 1980 Opera,
2639 1921 2692 1967 et
2719 1922 2919 1967 tantum
2944 1931 3049 1968 non
3072 1915 3256 1971 dicens
3276 1932 3386 1989 per

1812 2010 2060 2055 eventum
2089 2017 2103 2055 :
2138 2001 2252 2071 Ego
2280 2000 2494 2071 quidem
2527 2011 2579 2057 te
2607 2002 2672 2057 ad
2712 2004 2969 2072 majorem
2999 2006 3248 2060 vocabam
3292 2008 3391 2061 ho-

1813 2109 2021 2158 norem,
2052 2102 2108 2148 tu
2136 2109 2263 2149 vero
2294 2094 2518 2165 teipsum
2548 2111 2770 2151 munere
2794 2096 3066 2167 indignum
3096 2098 3392 2164 reddidisti,

1815 2187 2061 2255 paradiso
2104 2186 2388 2252 excidens;
2421 2195 2785 2242 verumtamen
2817 2205 2987 2259 neque
3028 2190 3105 2244 sic
3147 2200 3196 2244 te
3223 2192 3397 2261 despi-

1815 2279 1973 2343 ciam,
2006 2279 2100 2335 sed
2146 2291 2417 2351 peccatum
2450 2292 2595 2335 tuum
2626 2283 2901 2353 corrigens
2932 2282 2983 2336 in
3011 2284 3201 2337 cwlum
3233 2284 3395 2338 redu-

1816 2385 1955 2423 cam.
1986 2370 2195 2425 Etenim
2230 2380 2510 2442 propterea
2542 2381 2591 2428 te
2623 2373 2893 2428 tabescere
2918 2383 2969 2428 et
2989 2376 3255 2444 corrumpi
3286 2384 3400 2429 tan-

1819 2468 1929 2515 tunt
1979 2463 2232 2530 temporis
2281 2463 2534 2533 permisi,
2584 2474 2643 2518 ut
2691 2463 2742 2518 itt
2795 2465 3051 2533 temporis
3103 2466 3399 2533 prolixitate

1818 2550 2021 2605 stabilis
2044 2553 2060 2583 ί
2095 2551 2185 2605 tibi
2232 2554 2322 2605 fiat
2352 2552 2665 2608 humilitatis
2692 2544 2968 2623 disciplina
2989 2595 3002 2618 ,
3036 2567 3089 2610 et
3114 2571 3400 2624 numquam

1819 2645 2051 2714 priorem
2096 2659 2336 2700 resumas
2380 2654 2634 2701 mentem.
2682 2645 2784 2700 Pro
2827 2645 2909 2701 his
2952 2646 3200 2700 omnibus
3249 2648 3402 2716 igitur

1819 2735 2014 2805 gratias
2034 2750 2250 2805 agamus
2276 2735 2505 2806 benigno
2532 2737 2659 2803 Deo,
2689 2745 2742 2791 et
2768 2753 2862 2806 pro
2891 2737 2978 2791 tali
3019 2753 3143 2792 cura
3178 2738 3401 2808 gratiam

1822 2826 2200 2895 rependamus,
2233 2842 2350 2897 qua:
2374 2829 2525 2883 nobis
2553 2829 2711 2882 etiam
2741 2829 2809 2883 sit
2846 2829 2987 2883 utilis
3015 2847 3026 2882 :
3057 2837 3111 2883 et
3149 2832 3401 2897 mandati,

1822 2916 1890 2972 de
1932 2933 2037 2987 quo
2085 2918 2234 2972 vobis
2281 2921 2473 2989 smpius
2524 2920 2786 2986 disserui,
2837 2916 3074 2975 studium
3118 2920 3405 2977 habeamus

1824 3010 2133 3063 maximum.
2180 3008 2364 3079 Neque
2399 3010 2539 3065 enim
2572 3011 2823 3065 desistam
2848 3053 2861 3075 ,
2889 3011 3059 3068 donec
3087 3013 3214 3067 illud
3240 3030 3405 3083 expe~

1823 3101 2027 3155 dieritis
2056 3121 2068 3155 :
2101 3100 2351 3172 quoniam
2382 3101 2482 3156 hoc
2504 3117 2608 3156 nou
2634 3106 2886 3172 quaeritur
2906 3119 2935 3158 a
2960 3104 3131 3171 nobis,
3158 3107 3408 3175 pane-istic.

1824 3208 1890 3247 an
1936 3192 2119 3248 multis
2159 3202 2372 3248 utamur
2414 3193 2902 3261 admonitionibus,
2940 3196 3033 3250 sed
3067 3206 3121 3250 ut
3148 3212 3213 3251 eo
3245 3179 3411 3266 usque

1827 3299 2140 3338 moneamus
2167 3323 2183 3351 ,
2211 3284 2382 3341 donec
2406 3284 2556 3340 vobis
2589 3287 3027 3355 persuaserimus.
3058 3286 3191 3341 ludi
3213 3288 3257 3341 is
3291 3290 3408 3357 qui-

1827 3375 1948 3432 dem
1975 3377 2113 3433 Deus
2145 3393 2238 3448 per
2279 3378 2591 3447 prophetam
2630 3378 2877 3433 dicebat:
2909 3379 2968 3435 Si
3013 3379 3081 3432 ad
3120 3380 3319 3449 judicia
3365 3388 3410 3432 et

1827 3471 2165 3525 contentiones
2179 3471 2446 3540 jejunalis,
2475 3480 2527 3524 ut
2555 3471 2676 3540 quid
2693 3470 2940 3540 jejunatis
2962 3469 3201 3541 (lsai.58.
3225 3470 3279 3524 4.
3310 3472 3362 3538 ἓν)
3387 3471 3409 3521 1'

1829 3563 1932 3615 Per
1960 3578 2057 3617 nos
2083 3576 2211 3615 vero
2238 3561 2385 3617 vobis
2414 3561 2574 3626 dicet,
2600 3561 2653 3616 Si
2681 3562 2747 3615 ad
2769 3562 3070 3630 juramenta
3099 3570 3153 3615 et
3184 3563 3411 3631 perjuria

1825 3651 2113 3723 jejunatis,
2143 3664 2203 3707 ut
2229 3652 2351 3723 quid
2385 3651 2679 3722 jejunatis?
2714 3653 2994 3721 Quomodo
3034 3654 3174 3709 enim
3204 3668 3414 3707 sae-runt

1832 3745 2131 3801 videbimus
2172 3745 2408 3816 pascha?
2453 3746 2721 3816 quomodo
2768 3758 3010 3801 sanetum
3064 3746 3415 3817 suscipiemus

1833 3837 2476 3908 sacrificiumiquomodo
2531 3836 2860 3891 mirabilibus
2908 3836 3416 3891 communicabimus

1835 3931 2106 4002 mysteriis
2138 3929 2312 4000 lingua
2342 3929 2431 3982 illa
2458 3945 2558 3998 qua
2587 3928 2681 3982 Dei
2714 3928 2745 3983 ιι
2763 3944 2879 3997 gem
2903 3927 3415 3990 conrulcaverintus,

1835 4023 2013 4092 lingua
2040 4022 2147 4086 illa,
2177 4036 2279 4091 qua
2308 4021 2540 4073 animam
2563 4018 3132 4075 contaminaverimus?
3161 4016 3215 4071 Si
3261 4032 3418 4071 nemo

1836 4128 2063 4183 namque
2094 4126 2377 4182 purpuram
2409 4110 2639 4181 regalem
2674 4109 2915 4163 manibus
2951 4109 3192 4177 accipere
3237 4108 3413 4178 inqui-

1837 4204 1975 4261 natis
2016 4203 2272 4268 auderet,
2315 4200 2582 4273 quomodo
2631 4200 2961 4254 Dominicum
3005 4214 3199 4268 corpus
3243 4197 3417 4268 lingua

1840 4296 2037 4366 polluta
2066 4293 2453 4365 suscipiemus?
2479 4292 2850 4348 Juramentum
2882 4291 3022 4344 enim
3052 4290 3263 4359 maligni
3287 4331 3301 4351 ,
3329 4306 3419 4344 sa-

1839 4388 2093 4444 criﬁcium
2125 4402 2252 4443 vero
2282 4386 2509 4441 Domini.
2545 4384 2672 4450 Qua;
2712 4384 2866 4451 igitur
2902 4383 3286 4436 communicatio
3323 4382 3422 4436 luci

1841 4480 1908 4534 ad
1951 4478 2207 4543 tenebras,
2247 4478 2323 4532 vel
2361 4492 2475 4547 qua:
2515 4475 2855 4530 convenientia
2901 4473 3098 4529 Christo
3147 4472 3213 4524 ad
3258 4470 3423 4525 Belial

1843 4572 1935 4642 (2.
1967 4570 2086 4628 Cor.
2121 4570 2176 4629 6.
2213 4572 2300 4625 Η.
2331 4570 2477 4641 15)?
2503 4567 2654 4633 Quod
2683 4567 2839 4635 igitur
2867 4564 2967 4619 hac
2994 4563 3204 4618 liberari
3235 4562 3421 4630 impie-

1842 4670 1951 4717 tate
1999 4661 2338 4724 studucritis,
2392 4658 2671 4713 manifeste
2718 4656 2862 4720 scio;
2909 4656 3004 4710 sed
3047 4654 3294 4724 quoniam
3333 4668 3425 4722 per

1843 4753 2077 4822 seipsum
2124 4766 2228 4806 non
2279 4750 2434 4805 facile
2479 4750 2702 4819 quisque
2746 4747 2874 4801 illud
2914 4746 3165 4816 expedire
3216 4757 3426 4816 potest,

1843 4845 2100 4902 faciamus
2143 4844 2385 4901 sodalitia
2424 4852 2479 4899 et
2520 4843 2762 4897 classes:
2795 4852 2851 4898 et
2890 4841 3032 4912 quod
3076 4841 3127 4896 in
3173 4842 3428 4897 conviviis

1847 4951 2106 5007 pauperes
2136 4933 2367 4998 faciunt,
2396 4934 2646 5004 quoniam
2676 4947 2781 4987 non
2823 4940 2999 5003 potest
3026 4932 3250 5003 quisque
3284 4933 3428 4986 Solus

1846 5027 2145 5083 convivium
2177 5024 2431 5080 exhibere
2474 5024 2766 5093 perfectura
2791 5064 2807 5092 ,
2836 5025 3216 5079 convenientes
3245 5038 3430 5078 omnes

1845 5135 1912 5174 ex
1956 5117 2200 5191 symbolo
2238 5116 2538 5172 convivium
2576 5114 2860 5171 conferunt
2891 5132 2904 5169 :
2936 5116 3037 5170 hoc
3064 5124 3115 5171 et
3144 5130 3242 5170 nos
3269 5113 3430 5169 facia-

1847 5225 1987 5277 mus,
2013 5207 2223 5279 quando
2249 5221 2344 5276 pcr
2375 5220 2471 5261 nos
2493 5205 2636 5275 ipsos
2668 5205 2859 5274 torpidi
2887 5219 3071 5260 sumus
3092 5245 3108 5272 ,
3137 5204 3326 5259 divisis
3350 5204 3431 5256 in-

1848 5310 1930 5356 ter
1954 5316 2051 5355 nos
2076 5300 2219 5354 curis
2245 5314 2311 5354 ex
2341 5308 2497 5367 pacto
2524 5306 2819 5353 statuamus
2849 5296 3095 5352 conferre
3124 5295 3427 5357 consilium,

1847 5391 2192 5446 munitionem
2213 5430 2227 5455 ,
2257 5388 2682 5446 exhortationem
2703 5429 2718 5455 ,
2749 5388 3160 5456 increpationem
3182 5426 3197 5449 ,
3222 5384 3390 5439 minas
3409 5422 3426 5452 ,

1846 5497 1905 5539 ut
1933 5499 1998 5540 ex
2027 5482 2355 5553 singulorum
2385 5482 2562 5537 studio
2599 5495 2787 5535 omnes
2833 5488 2977 5534 recte
3014 5491 3248 5547 agamus.
3278 5475 3425 5543 Quo-

1844 5574 1988 5630 niam
2030 5576 2172 5631 euitn
2215 5576 2578 5646 proximorum
2622 5587 2709 5628 res
2742 5572 2950 5626 acutius
2991 5571 3229 5625 videmus
3266 5582 3424 5640 quam

1912 5757 1929 5788 ⁸
1965 5752 2158 5815 Quidam
2182 5758 2288 5804 Mss.
2311 5765 2325 5803 :
2356 5748 2548 5817 Regula,
2575 5747 2698 5808 loco,
2723 5743 2924 5796 stabilis.

3512 5382 3531 5409 Ι
