3912 6230
525 327 625 386 127

517 455 746 507 nostras,
777 453 880 493 non
908 435 1037 489 alios
1063 433 1460 496 custodiamus,
1489 438 1544 484 et
1574 427 1740 482 nostri
1770 426 1873 481 illis
1901 433 2083 480 custo-

515 539 656 592 diam
687 532 1030 594 mandemus,
1067 537 1122 583 et
1164 527 1265 581 hoc
1302 523 1580 595 pulchrum
1624 520 1878 574 faciamus
1918 527 2094 572 certa-

516 646 660 693 men,
690 636 750 682 ut
781 627 847 680 ita
880 635 1085 693 turpem
1112 621 1250 675 hanc
1276 615 1719 673 consuetudinem
1749 619 2092 681 superantes,

517 735 638 774 eum
683 716 870 771 ﬁducia
908 714 976 767 ad
1007 713 1141 766 hanc
1184 718 1423 764 sanctam
1467 706 1745 762 veniamus
1787 698 2098 755 solemnita-

517 822 659 876 tem,
687 818 737 863 et
781 806 949 861 sancti
994 803 1278 874 participes
1314 802 1485 856 simus
1525 795 1770 853 sacriﬁcii
1793 807 1913 848 cum
1942 791 2100 846 beata

1229 319 1286 377 S.
1326 315 1605 375 JOANNIS
1630 312 2106 371 CHRYSOSTOMI
2145 313 2458 369 ARCHIEP.
2498 310 3029 368 CONSTANTINOP.
3428 323 3470 342 “

3691 314 3803 372 123

2203 438 2319 493 spe,
2347 433 2402 480 et
2426 422 2748 479 conscientia
2771 421 2929 485 bona,
2952 420 3117 491 gratia
3148 430 3204 476 et
3229 418 3554 490 benignitate
3575 421 3792 477 Domini

2205 518 2371 573 nostri
2419 515 2548 572 Iesu
2590 515 2823 580 Christi,
2878 529 2975 585 per
3017 529 3176 584 quem
3226 525 3280 568 et
3329 529 3449 569 cum
3492 530 3600 584 quo
3653 516 3798 571 l‘atri

2205 608 2373 678 gloria
2402 622 2505 661 una
2533 621 2653 662 cum
2679 604 2877 661 Sancto
2901 604 3121 676 Spiritu,
3150 604 3204 658 in
3234 605 3429 659 saecula
3447 606 3796 661 smeulorum.

2210 701 2402 753 Amen.

541 892 3798 940 _____,________________._________.—————————————————~

522 994 732 1042 ADHUC
775 993 860 1036 AD
901 990 1082 1033 DEUM
1124 984 1497 1033 GRATIARUM
1539 980 1726 1026 ACTIO
1768 977 1890 1021 PRO
1931 971 2212 1020 ACCEPTA
2257 965 2446 1012 VENIA
2487 960 2940 1006 COMMISSOBUM
2982 959 3230 1004 CONTRA
3272 960 3738 1005 IMPERATORI!!!
3778 964 3795 1001 ε

598 1093 679 1139 ΕΤ
720 1089 1072 1135 ΝΔΤυιιΔιιιε
1115 1088 1199 1130 DE
1240 1083 1465 1130 MUNDO
1506 1075 1976 1126 SEBHOCINATIO
2022 1075 2038 1114 ε

598 1192 679 1237 TU
688 1192 767 1233 BA
776 1190 902 1232 LEM
944 1184 1279 1231 lNDIDEBIT
1324 1184 1340 1224 ἶ

2084 1071 2164 1114 ΕΤ
2207 1065 2376 1120 QUOD
2419 1061 2719 1105 HOMINEM
2761 1060 2999 1103 αιιΕΑΝε
3044 1060 3206 1104 DEUS
3250 1059 3462 1104 LEGEM
3506 1061 3625 1105 IP51
3670 1063 3799 1105 ιιι-ο

1388 1183 1467 1225 ET
1510 1180 1593 1224 DE
1641 1173 2021 1221 JURAMENTO
2063 1168 2223 1214 OMNI
2267 1160 2634 1206 DILIGENTIA
2678 1158 2983 1202 VITANDO.

1949 1268 2368 1334 33850005333

1136 1408 1352 1449 HONILIA
1394 1405 1488 1443 XII.

592 1499 645 1553 1.
677 1496 744 1550 Et
787 1492 902 1548 beri
944 1488 1092 1551 dixi,
1137 1483 1461 1541 Benedictus
1490 1479 1664 1542 Deus,
1707 1482 1762 1530 et
1804 1469 1964 1524 hodie
1998 1466 2103 1520 hoc

520 1594 691 1661 ipsum
723 1597 907 1642 rursus
932 1583 1126 1637 dicam.
1156 1576 1267 1632 Etsi
1295 1575 1439 1629 enim
1482 1569 1660 1641 gravia
1698 1561 2098 1661 praeterierunt,

525 1649 700 1736 tamen
729 1675 970 1747 gravium
999 1668 1256 1725 memoria
1286 1681 1355 1719 ne
1382 1668 1687 1733 prmtereat,
1714 1671 1817 1711 non
1848 1662 1907 1707 ut
1929 1649 2102 1705 dolea-

520 1784 661 1835 mus,
691 1767 784 1823 sed
812 1775 868 1818 ut
889 1761 1083 1833 gratias
1107 1772 1344 1829 agamus.
1368 1754 1422 1808 Si
1443 1752 1585 1808 enim
1612 1749 1871 1804 malorum
1893 1754 2099 1798 memo-

524 1862 599 1914 ria
640 1857 928 1920 manserit,
967 1852 1229 1906 malorum
1275 1843 1603 1915 experientia
1629 1851 1917 1909 numquam
1946 1846 2101 1902 urge-

526 1954 618 2006 bit.
642 1949 782 2020 Quid
812 1948 953 2002 enim
980 1941 1310 2013 experientia
1338 1953 1474 2009 opus
1518 1943 1634 2000 est,
1680 1946 1802 1987 cum
1845 1925 2101 1983 memoria

526 2061 622 2097 nos
663 2037 928 2109 corrigat?
965 2036 1113 2091 Sicut
1153 2033 1313 2103 igitur
1355 2026 1624 2097 submergi
1671 2037 1769 2078 nos
1818 2022 1957 2075 Deus
1995 2030 2100 2071 non

524 2136 764 2207 permisit
793 2129 1145 2204 praesentibus
1188 2122 1468 2195 procellis,
1510 2120 1586 2175 sic
1634 2131 1804 2186 neque
1834 2127 1930 2167 nos
1958 2113 2103 2180 ipsos

526 2230 628 2282 illis
659 2225 880 2280 sublatis
904 2219 1101 2275 resolvi
1129 2217 1383 2271 sinamus.
1407 2210 1726 2268 Consulatus
1753 2214 1833 2260 est
1861 2218 1959 2257 nos
1977 2209 2103 2255 tunc

524 2328 809 2374 num-entes
832 2358 848 2383 ,
879 2314 1074 2386 gratias
1102 2310 1201 2380 ipsi
1234 2323 1374 2365 nunc
1413 2307 1652 2360 ltetantes
1680 2313 1898 2371 agamus
1928 2314 1941 2351 :
1973 2311 2104 2351 con-

522 2413 723 2466 5ulatus
746 2418 829 2463 est
857 2405 1208 2475 suSpirantes,
1240 2413 1412 2469 neque
1440 2393 1675 2450 deseruit
1699 2410 1714 2448 :
1745 2391 1901 2461 igitur
1929 2399 2103 2456 neque

526 2522 623 2563 nus
668 2505 813 2574 ipsos
854 2510 1107 2569 prospere
1149 2503 1369 2563 agentes
1398 2488 1714 2561 prodamus,
1751 2484 1804 2537 in
1834 2491 2099 2550 torporem

525 2568 902 2650 declinantes:
937 2603 1059 2642 nam
1095 2586 1351 2653 scriptum
1392 2590 1509 2636 est:
1542 2576 1828 2634 Recordare
1867 2568 2104 2640 temperis

525 2689 673 2758 {antis
717 2686 768 2738 in
810 2683 892 2736 die
929 2678 1169 2736 satietatis
1214 2673 1416 2747 (Ereti.
1445 2671 1532 2727 i8.
1559 2669 1633 2725 25
1658 2668 1698 2741 ).
1738 2663 2105 2758 Recordemur

523 2754 702 2849 itaque
731 2786 1031 2845 temporum
1059 2766 1368 2826 tentationis
1397 2773 1451 2819 et
1480 2776 1577 2817 nos
1607 2760 1659 2815 in
1699 2759 1787 2813 die
1825 2754 2101 2810 remissio-

525 2845 641 2937 nis;
672 2869 798 2941 quin
845 2876 900 2923 et
945 2865 1002 2921 in
1048 2861 1278 2934 peccatis
1304 2861 1408 2913 hoc
1436 2857 1610 2926 ipsum
1648 2851 1923 2907 faciamus.
1963 2847 2032 2935 η
2058 2845 2100 2899 si

523 2938 862 3034 peccaveris,
891 2967 944 3013 et
975 2955 1068 3010 tibi
1114 2959 1328 3025 peccata
1370 2949 1512 3003 Deus
1552 2943 1846 3006 remiserit,
1894 2938 2105 2995 veniam

528 3028 741 3124 quidem
770 3050 1000 3118 suscipe,
1032 3053 1086 3100 et
1109 3042 1304 3114 gratias
1331 3053 1463 3109 age;
1496 3035 1700 3106 peccati
1726 3047 1853 3088 vero
1879 3045 1947 3085 ne
1971 3028 2106 3083 obli—

524 3120 751 3205 viscere,
783 3155 891 3194 non
920 3147 976 3193 ιιι
1004 3136 1226 3206 teipsum
1251 3129 1569 3202 cogitatione
1595 3137 1897 3187 consumas,
1925 3120 2018 3176 sed
2048 3129 2106 3175 ut

526 3236 757 3289 anim-am
804 3229 996 3284 doceas
1042 3240 1145 3280 non
1188 3219 1469 3284 lascivire,
1499 3232 1669 3287 neque
1687 3228 1898 3269 rursum
1928 3212 1982 3266 in
2011 3225 2106 3266 ea-

525 3328 647 3379 dem
682 3321 866 3378 relabi.
896 3319 986 3375 Sic
1012 3327 1067 3373 et
1103 3316 1297 3372 Paulus
1325 3313 1448 3367 fecit
1477 3328 1490 3365 :
1521 3324 1641 3364 cum
1671 3307 1815 3362 enim
1840 3303 2103 3361 dixisset:

524 3416 752 3472 Fidelem
779 3429 859 3467 me
885 3408 1210 3470 existimavit,
1243 3419 1432 3476 ponens
1467 3402 1520 3456 in
1560 3398 1857 3463 ministerio,
1885 3394 2063 3450 intulit
2089 3410 2104 3448 :

530 3508 628 3574 Qui
656 3504 794 3575 prius
816 3501 1134 3570 blasphemus
1158 3496 1236 3566 [ui
1259 3503 1304 3547 et
1330 3500 1672 3565 persequutor,
1703 3496 1751 3542 et
1776 3485 2108 3541 contumelio-

527 3617 613 3652 sus
635 3599 712 3666 (1.
747 3594 876 3648 Tim.
903 3594 955 3647 1.
988 3591 1075 3645 η.
1100 3590 1213 3655 15).
1236 3586 1586 3649 Traducatur,
1608 3582 1795 3651 inquit,
1815 3578 1923 3633 vita
1945 3577 2105 3641 servi,

530 3701 588 3744 ut
615 3694 866 3757 appareat
890 3680 1190 3737 humanitas
1214 3676 1436 3732 domini.
1461 3673 1572 3728 Etsi
1600 3672 1743 3726 enim
1771 3678 2107 3738 peccaturum

533 3778 744 3833 veniam
774 3773 952 3844 accepi
977 3813 992 3837 ,
1020 3785 1126 3823 non
1153 3776 1328 3822 tamen
1354 3764 1510 3835 ejicio
1538 3769 1877 3833 peccatorum
1907 3772 2110 3812 memo-

527 3874 683 3926 riam.
706 3867 815 3922 Nec
839 3865 1009 3919 solum
1034 3859 1238 3915 Domini
1261 3857 1362 3911 hoc
1381 3854 1759 3924 benignitatem
1775 3849 2110 3904 demonstra-

527 3963 638 4026 hat,
665 3960 757 4016 sed
788 3967 842 4013 et
869 3956 1015 4010 iﬂum
1041 3952 1321 4008 clariorem
1349 3947 1590 4002 faciebat.
1618 3943 1750 4000 Cum
1789 3941 1931 3998 enim
1966 3939 2107 3995 didi-

525 4056 683 4117 ceris,
706 4052 826 4123 quis
845 4050 992 4121 prius
1012 4045 1188 4110 fuerit,
1207 4052 1334 4098 tunc
1354 4042 1522 4111 ipsum
1544 4038 1710 4107 magis
1730 4032 2107 4091 admiraberis:

525 4159 579 4201 et
606 4161 727 4200 cum
758 4141 954 4196 videris
978 4154 1043 4192 ex
1073 4150 1179 4207 quo
1208 4133 1327 4204 quis
1356 4131 1524 4186 factus
1553 4128 1745 4196 fuerit,
1784 4135 1907 4180 tunc
1930 4125 2108 4195 ipsum

528 4239 697 4309 magis
722 4229 1120 4289 commendabis
1146 4245 1161 4282 :
1187 4234 1244 4282 et
1270 4226 1314 4281 si
1342 4222 1563 4277 multum
1587 4218 1907 4290 peccaveris,
1938 4224 2114 4271 muta-

528 4342 611 4382 tus
640 4326 763 4381 inde
787 4325 978 4379 bonam
1007 4333 1154 4389 spem
1186 4314 1407 4371 habebis
1431 4330 1444 4369 :
1468 4325 1590 4365 nam
1628 4319 1820 4378 praeter
1855 4309 2026 4374 dicta,
2059 4314 2114 4362 et

529 4424 584 4477 in
611 4417 979 4487 desperatione
1007 4411 1205 4482 positos
1231 4405 1529 4475 exemplum
1557 4402 1720 4457 allicit
1746 4411 1799 4456 et
1827 4414 2114 4470 exsurgere

531 4514 676 4569 facit.
703 4507 855 4578 Quod
882 4504 1094 4576 quidem
1131 4510 1186 4557 et
1225 4501 1278 4555 in
1317 4497 1528 4554 civitate
1555 4503 1734 4549 nostra
1761 4493 1864 4548 erit
1891 4509 1905 4543 τ
1936 4490 2114 4545 omnia

531 4606 671 4661 enim
700 4618 817 4673 qua:
850 4596 1218 4667 contigerunt,
1260 4601 1314 4647 et
1343 4590 1590 4644 virtutem
1628 4593 1861 4641 vestram
1892 4584 2115 4638 demon-

531 4703 727 4758 strant,
757 4692 846 4763 qui
873 4703 968 4760 per
997 4684 1360 4756 pmnitentiam
1390 4690 1591 4736 tantum
1613 4679 1703 4733 ira:
1727 4675 1998 4746 depellere
2024 4687 2116 4744 po-

533 4786 773 4847 tueritis;
817 4791 873 4837 e-t
916 4779 1009 4836 Dei
1053 4774 1389 4833 clementiam
1423 4771 1741 4842 praedicant,
1780 4767 1869 4838 qui
1896 4767 1966 4822 ob
1998 4780 2117 4820 tno-

532 4879 704 4931 dicam
759 4872 1200 4932 conversionem,
1261 4875 1457 4919 tantam
1501 4864 1699 4919 nubem
1752 4860 2114 4916 imminentem

535 4967 750 5021 abstulit
774 4983 788 5019 :
817 4965 868 5018 iu
894 4961 1266 5032 desperatione
1294 4970 1507 5027 quoque
1530 4955 1732 5024 positos
1758 4965 1946 5008 omnes
1971 4948 2117 5003 exci-

538 5071 641 5123 tat,
671 5058 937 5112 discentes
967 5070 1031 5108 ex
1062 5051 1224 5107 rebus
1250 5048 1446 5104 nostris
1475 5061 1627 5111 eum,
1661 5045 1749 5116 qui
1777 5043 1842 5097 ad
1871 5040 2117 5097 sublimia

537 5164 589 5204 ιιι
619 5151 685 5205 ad
714 5148 803 5202 Dei
831 5145 1084 5200 auxilium
1110 5141 1382 5211 respiciat,
1405 5138 1646 5209 quamvis
1669 5134 1855 5191 inﬁniti
1888 5131 2120 5200 undique

537 5244 727 5296 [huius
771 5237 1116 5304 obstrepant,
1155 5230 1423 5302 submergi
1461 5245 1568 5284 non
1611 5242 1789 5297 posse.
1821 5225 1949 5292 Quis
1975 5224 2118 5279 enim

544 5336 699 5397 vidit,
731 5331 850 5402 quis
879 5326 1080 5383 audivit
1106 5340 1358 5394 umquam
1399 5323 1595 5378 nostris
1633 5319 1845 5375 casibus
1883 5316 2120 5373 similia?

540 5424 779 5493 quotidie
821 5420 1088 5476 civitatem
1136 5424 1373 5471 nostram
1417 5430 1537 5470 cum
1582 5413 1693 5467 suis
1736 5409 2121 5464 habitatoribus

540 5516 774 5569 funditus
803 5509 1089 5567 tollendam
1115 5519 1235 5563 esse
1263 5504 1661 5577 suSpicabamur
1684 5519 1699 5557 :
1723 5501 1817 5557 sed
1854 5517 1974 5557 cum
2001 5499 2121 5555 dia-

539 5607 695 5660 bolos
742 5603 1007 5672 navigium
1058 5599 1398 5664 submergere
1440 5593 1718 5665 sperabat,
1761 5601 1889 5648 tunc
1936 5605 2121 5661 puram

542 5697 774 5756 Reddidit
800 5697 942 5749 Deus
969 5690 1416 5761 tranquillitatem.
1454 5687 1530 5743 Ne
1557 5686 1716 5758 igitur
1742 5686 2120 5742 obliviscamur

546 5785 921 5857 magnitudinis
952 5784 1210 5841 malorum
1232 5823 1245 5848 ,
1280 5790 1337 5838 ut
1359 5781 1737 5839 beneﬁciorum
1768 5796 1799 5837 a
1825 5779 1930 5836 Deo
1957 5777 2118 5833 colla-

2219 1392 2392 1439 turum
2431 1383 2843 1456 magnitudinem
2876 1382 3257 1439 recordemur:
3290 1385 3485 1439 etenim
3521 1386 3611 1455 qui
3651 1402 3800 1441 mor-

2216 1475 2400 1529 borum
2432 1485 2672 1529 naturam
2703 1476 2891 1541 nescit,
2920 1474 3112 1530 medici
3137 1484 3304 1533 artem
3333 1492 3617 1546 numquam
3637 1479 3797 1534 sciet.

2215 1566 2342 1622 Hcce
2369 1577 2424 1622 et
2454 1569 2630 1638 pueris
2658 1569 2855 1621 nostris
2880 1568 3150 1632 dicamus,
3189 1578 3241 1623 et
3269 1570 3317 1622 in
3349 1570 3494 1626 mille
3523 1571 3799 1626 mittamus

2210 1660 2599 1728 generationes,
2628 1667 2683 1713 et
2708 1672 2896 1712 omnes
2919 1658 3148 1725 discant,
3174 1660 3442 1729 quomodo
3468 1660 3718 1716 diabolus
3744 1672 3801 1716 et

2210 1748 2438 1802 civitatis
2482 1749 2653 1803 solum
2682 1748 2865 1804 delere
2890 1749 3178 1815 studuerit,
3219 1759 3274 1805 et
3313 1754 3578 1821 quomodo
3622 1754 3795 1823 ipsam

2215 1839 2355 1894 Deus
2381 1840 2581 1909 lapsam
2613 1851 2666 1896 et
2692 1841 2953 1901 iacentem
2980 1856 3165 1895 rursus
3189 1842 3392 1912 erigere
3418 1845 3670 1913 potuerit,
3703 1860 3799 1900 ne-

2210 1947 2313 2001 que
2343 1933 2505 1986 ullum
2537 1932 2641 2002 pati
2671 1932 2922 1987 damnum
2950 1935 3294 1999 concesserit,
3321 1935 3386 1989 ad
3419 1936 3517 1989 hoc
3544 1945 3600 1989 et
3639 1938 3800 1991 timo-

2210 2039 2324 2079 rem
2352 2024 2658 2092 sustulerit,
2688 2033 2742 2080 et
2764 2024 3028 2093 repulerit
3057 2038 3175 2079 cum
3205 2026 3368 2080 multa
3395 2028 3673 2081 celeritate
3703 2044 3800 2098 pe-

2209 2117 2454 2171 riculum.
2475 2118 2682 2173 Etenim
2703 2118 3031 2173 Izebdomada
3056 2120 3316 2188 prarterita
3342 2119 3617 2176 facultates
3632 2121 3798 2192 diripi

2210 2221 2396 2261 omnes
2419 2207 2858 2277 exspectabamus
2879 2249 2893 2274 ,
2926 2215 2981 2263 et
3010 2208 3207 2264 milites
3238 2210 3391 2264 nobis
3434 2211 3644 2265 immitti
3670 2252 3689 2278 ,
3742 2222 3799 2267 et

2210 2295 2414 2350 inﬁnita
2443 2298 2545 2351 alia
2571 2298 2708 2352 mala
2735 2297 3168 2367 suSpicabamur;
3200 2299 3294 2354 sed
3322 2314 3447 2355 ecce
3485 2300 3571 2354 illa
3612 2303 3800 2357 omnia

2208 2387 2599 2457 praeterierunt,
2632 2396 2902 2459 tamquam
2929 2388 3118 2455 nubes,
3154 2397 3209 2444 et
3222 2389 3564 2444 velutumbra
3578 2397 3802 2459 praeter-

2212 2481 2353 2547 iens,
2414 2487 2467 2533 et
2496 2479 2610 2534 sola
2649 2481 3009 2535 calamitatum
3051 2480 3446 2549 exspectatione
3492 2481 3659 2550 puniti
3707 2495 3804 2536 su-

2209 2586 2358 2636 mus;
2405 2572 2513 2626 imo
2557 2586 2688 2628 vero
2731 2584 2831 2627 nec
2879 2572 3045 2642 puniti
3088 2587 3292 2639 sumus,
3335 2571 3429 2626 sed
3467 2574 3699 2628 correcti
3748 2584 3804 2630 et

2211 2663 2459 2719 meliores
2501 2661 2627 2719 facti
2650 2703 2665 2730 ,
2709 2665 2831 2734 quia
2860 2665 2997 2718 Deus
3022 2664 3365 2732 Imperatoris
3392 2679 3485 2718 cor
3510 2666 3799 2721 emollivit.

2213 2752 2459 2808 Dicamus
2485 2753 2644 2824 igitur
2668 2769 2882 2824 semper
2901 2764 2954 2809 et
2975 2755 3208 2825 quotidie
3238 2773 3251 2808 :
3278 2755 3600 2810 Benedictus
3625 2756 3802 2825 Deus,

2213 2856 2265 2901 et
2291 2862 2410 2901 cum
2443 2848 2629 2917 majori
2657 2848 2830 2902 studio
2852 2849 3038 2920 synaxi
3061 2864 3327 2911 vacemus,
3355 2857 3409 2903 et
3431 2864 3712 2904 curramus
3735 2852 3804 2906 ad

2215 2938 2495 2993 ecclesiam
2517 2980 2532 3005 ,
2560 2938 2704 2993 unde
2732 2939 3010 2994 utilitatem
3050 2947 3248 2992 tantam
3287 2938 3611 3008 accepimus.
3639 2940 3807 2995 Scitis

2212 3029 2354 3083 enim
2395 3029 2463 3084 ab
2503 3030 2652 3084 initio
2696 3045 2803 3100 quo
2841 3031 3217 3100 confugeritis,
3259 3044 3362 3100 quo
3395 3031 3806 3097 concurreritis,

2214 3120 2353 3174 unde
2383 3119 2517 3175 facta
2561 3121 2631 3175 sit
2671 3120 2826 3174 nobis
2854 3120 3017 3175 salus.
3051 3119 3354 3175 Teneamus
3394 3121 3554 3191 igitur
3588 3134 3805 3175 sacram

2212 3225 2461 3266 ancoram
2483 3253 2497 3277 ,
2539 3220 2593 3266 et
2634 3211 2769 3266 sicut
2800 3211 2856 3265 in
2888 3223 3124 3280 tempore
3151 3211 3504 3281 periculorum
3547 3226 3649 3265 nos
3695 3228 3805 3266 non

2214 3301 2465 3371 prodidit,
2495 3302 2571 3356 sic
2599 3316 2771 3372 neque
2798 3317 2896 3357 nos
2924 3302 3092 3371 ipsam
3118 3301 3170 3356 in
3200 3310 3438 3370 tempore
3463 3302 3803 3357 remissionis

2215 3394 2611 3463 relinquamus;
2654 3393 2750 3448 sed
2799 3407 2919 3447 cum
2962 3405 3086 3446 cura
3127 3407 3453 3455 maneamus,
3480 3401 3533 3446 et
3563 3392 3804 3463 quotidie

2215 3482 2469 3538 faciamus
2511 3495 2807 3539 conventus
2847 3496 3170 3553 precesque,
3203 3482 3482 3552 divinaque
3519 3483 3804 3538 audiamus

2218 3572 2428 3643 eloquia
2453 3589 2467 3627 :
2499 3583 2552 3629 et
2579 3573 2721 3645 quod
2752 3572 3189 3644 impendebamus
3220 3572 3386 3627 otium
3417 3582 3726 3642 satagentes
3751 3583 3804 3627 et

2214 3669 2425 3721 curiose
2451 3668 2799 3730 sciscitantes,
2822 3681 2852 3721 e
2874 3665 3064 3720 castris
3082 3665 3349 3735 profectos
3370 3664 3808 3719 circumcurren-

2217 3766 2316 3822 tes,
2351 3774 2444 3827 pro
2472 3759 2785 3813 instantibus
2815 3758 2970 3811 malis
2997 3768 3177 3811 curam
3209 3764 3471 3825 gerentes,
3505 3756 3608 3810 hoc
3633 3767 3808 3812 totum

2217 3849 2422 3907 divinas
2465 3852 2606 3922 leges
2648 3850 2912 3905 audiendo
2955 3848 3357 3918 impendamus,
3394 3864 3497 3901 non
3540 3858 3725 3903 autem
3757 3851 3808 3903 in

2220 3942 2550 4011 importunas
2593 3952 2647 3997 et
2694 3941 2906 3995 inutiles
2947 3939 3388 4002 exercitationes,
3422 3954 3490 3992 ne
3528 3954 3720 3994 rursus
3755 3942 3808 3994 in

2217 4035 2361 4089 illius
2385 4033 2583 4104 negotii
2611 4034 2980 4087 necessitatem
3012 4046 3106 4085 nos
3137 4031 3280 4099 ipsos
3306 4031 3632 4101 redigamus.

2285 4126 2341 4181 2.
2371 4125 2560 4179 Tribus
2588 4125 2746 4195 igitur
2774 4125 3051 4194 prmteritis
3076 4123 3261 4177 diebus
3287 4138 3447 4176 unum
3474 4124 3812 4193 cognitionis

2219 4219 2312 4273 Dei
2341 4217 2554 4272 modum
2584 4218 2968 4287 quaerebamus,
2998 4217 3274 4285 ipsumque
3303 4216 3354 4270 in
3382 4215 3541 4269 ﬁnem
3569 4216 3810 4271 deduxi-

2221 4324 2361 4371 mus,
2392 4308 2801 4376 interpretantes
2824 4349 2840 4374 ,
2882 4306 3147 4377 quomodo
3183 4305 3308 4361 (ἐωιὶ
3336 4316 3548 4360 narrant
3588 4309 3810 4379 gloriam

2220 4396 2317 4453 Dei
2343 4396 2519 4470 (Psal.
2554 4398 2636 4453 18.
2666 4397 2740 4469 2)
2767 4414 2778 4450 :
2808 4409 2861 4453 et
2889 4399 3041 4468 quale
3068 4398 3278 4451 tandem
3307 4400 3376 4452 sit
3402 4398 3543 4452 Pauli
3576 4400 3804 4463 dictum,

2220 4490 2501 4546 Invisibilia
2523 4492 2678 4561 ipsius
2692 4507 2722 4543 a
2740 4500 2964 4543 creatura
2981 4491 3156 4543 mundi
3180 4507 3269 4559 per
3288 4507 3364 4554 ea,
3383 4506 3497 4560 qua:
3515 4495 3654 4562 facta
3669 4502 3810 4557 sunt,

2218 4580 2472 4636 intellecta
2498 4584 2875 4650 conspiciuntur
2902 4580 2919 4651 (
2948 4580 3093 4634 Rum.
3134 4585 3178 4633 ι.
3209 4580 3317 4650 20)
3348 4599 3360 4633 :
3390 4592 3443 4635 et
3469 4582 3812 4636 demonstra-

2220 4673 2396 4728 vimus
2415 4714 2430 4740 ,
2459 4672 2724 4743 quomodo
2750 4687 2776 4724 ει
2807 4681 3045 4725 creatura
3073 4671 3252 4724 mundi
3279 4712 3292 4729 ,
3328 4682 3382 4725 et
3407 4672 3683 4740 quomodo
3714 4688 3813 4741 per

2220 4762 2411 4823 caelum
2441 4773 2495 4819 et
2521 4771 2714 4819 terram
2744 4771 2797 4817 et
2834 4778 2981 4816 mare
3011 4761 3227 4816 Creator
3251 4764 3594 4831 gloriﬁcatur.
3641 4763 3814 4820 [ludio

2221 4870 2348 4910 vero
2368 4854 2640 4926 paulisper
2659 4855 2711 4909 in
2733 4853 2868 4907 hanc
2889 4868 3095 4907 rursum
3119 4853 3472 4921 philosotihati
3501 4856 3808 4917 materiam,

2222 4946 2288 5001 ad
2336 4947 2495 5000 alium
2535 4944 2878 4999 transibimus
2916 4958 3214 4998 sermonem
3247 4962 3260 4997 :
3294 4959 3396 4996 non
3430 4946 3574 4998 enim
3604 4952 3811 4997 tantum

2220 5039 2347 5094 fecit
2368 5036 2638 5100 mundum,
2667 5036 2761 5091 scd
2781 5037 2940 5090 etiam
2965 5047 3018 5089 ut
3049 5037 3213 5089 factus
3239 5045 3571 5104 Operaretur,
3595 5035 3812 5092 eﬁ'ecit:

2222 5144 2395 5200 neque
2424 5138 2591 5183 totum
2620 5127 2941 5182 immobilem
2970 5125 3243 5180 dimittens
3270 5167 3285 5189 ,
3313 5141 3488 5193 neque
3517 5134 3690 5178 totum
3719 5126 3813 5195 ju-

2224 5222 2359 5277 bens
2387 5220 2586 5275 moveri
2612 5262 2625 5280 .
2659 5219 2750 5273 sed
2777 5218 2967 5275 caelum
2998 5217 3211 5287 quidem
3244 5220 3523 5270 immotum
3556 5232 3814 5286 perman-

2225 5314 2314 5379 sit,
2342 5314 2478 5368 sicut
2504 5309 2757 5381 propheta
2789 5308 2957 5377 inquit
2986 5326 2999 5361 :
3028 5308 3127 5375 Qui
3155 5309 3325 5361 statuit
3350 5308 3529 5360 ctt'lum
3557 5319 3818 5375 tamquam

2226 5404 2544 5464 testudinem,
2572 5410 2618 5454 et
2644 5398 2863 5454 extendit
2889 5399 3055 5469 ipsum
3082 5409 3336 5469 tamquam
3366 5400 3637 5452 tentorium
3666 5417 3810 5470 super

2225 5508 2409 5554 terram
2431 5496 2449 5566 (
2472 5494 2595 5548 Ism'.
2617 5492 2702 5547 40.
2726 5491 2829 5560 22)
2859 5509 2872 5546 :
2903 5492 2979 5546 Sel
3009 5508 3135 5546 vero
3155 5509 3273 5546 eum
3306 5492 3523 5562 reliquis
3550 5492 3823 5546 sideribus

2226 5587 2462 5659 quotidie
2490 5584 2654 5639 currit
2683 5599 2697 5637 :
2730 5593 2783 5637 et
2811 5598 3022 5636 rursum
3057 5592 3193 5636 terra
3228 5584 3327 5635 lixa
3359 5593 3443 5636 est
3463 5623 3476 5646 ,
3507 5597 3665 5650 aqua:
3693 5599 3822 5637 rem

2233 5697 2448 5753 semper
2471 5687 2752 5734 moventur
2780 5693 2795 5730 :
2828 5691 2926 5730 nec
2952 5691 3101 5746 aqum
3131 5685 3327 5728 tantum
3357 5716 3373 5735 ,
3407 5674 3499 5728 sed
3527 5684 3581 5729 et
3615 5676 3784 5729 nubes
3810 5718 3822 5740 ,

2229 5786 2282 5833 ct
2312 5776 2514 5831 imbres
2545 5773 2849 5843 frequentes
2892 5779 2945 5825 et
2986 5767 3275 5824 succcssivi
3319 5776 3563 5849 tempore
3596 5770 3820 5841 proprio
