  <div class='ocr_page' id='page_1' title='image "/cluster/home/n/w/nwhite01/storage/ocr_20150623/49/mdp.39015028539461/132.png"; bbox 0 0 3920 6224; ppageno 0'>
   <div class='ocr_carea' id='block_1_1' title="bbox 119 349 219 406">
    <p class='ocr_par' dir='ltr' id='par_1_1' title="bbox 119 349 219 406">
     <span class='ocr_line' id='line_1_1' title="bbox 119 349 219 406; baseline 0.04 -4"><span class='ocrx_word' id='word_1_1' title='bbox 119 349 219 406; x_wconf 71' lang='grc'>127</span> 
     </span>
    </p>
   </div>
   <div class='ocr_carea' id='block_1_2' title="bbox 116 466 1789 542">
    <p class='ocr_par' dir='ltr' id='par_1_2' title="bbox 116 466 1789 542">
     <span class='ocr_line' id='line_1_2' title="bbox 116 466 1789 542; baseline 0.002 -20"><span class='ocrx_word' id='word_1_2' title='bbox 116 484 326 536; x_wconf 81' lang='grc' dir='ltr'>σωμεν.</span> <span class='ocrx_word' id='word_1_3' title='bbox 364 468 579 538; x_wconf 81' lang='grc' dir='ltr'>Ἐπειδὴ</span> <span class='ocrx_word' id='word_1_4' title='bbox 605 467 713 537; x_wconf 70' lang='grc' dir='ltr'>γὰρ</span> <span class='ocrx_word' id='word_1_5' title='bbox 734 466 800 521; x_wconf 81' lang='grc' dir='ltr'>τὰ</span> <span class='ocrx_word' id='word_1_6' title='bbox 832 467 940 520; x_wconf 89' lang='grc' dir='ltr'>τῶν</span> <span class='ocrx_word' id='word_1_7' title='bbox 978 468 1205 539; x_wconf 80' lang='grc' dir='ltr'>πλησίον</span> <span class='ocrx_word' id='word_1_8' title='bbox 1237 469 1490 542; x_wconf 82' lang='grc' dir='ltr'>ὀξύτερον</span> <span class='ocrx_word' id='word_1_9' title='bbox 1521 470 1789 542; x_wconf 80' lang='grc' dir='ltr'>βλέπομεν</span> 
     </span>
    </p>
   </div>
   <div class='ocr_carea' id='block_1_3' title="bbox 113 553 1793 630">
    <p class='ocr_par' dir='ltr' id='par_1_3' title="bbox 113 553 1793 630">
     <span class='ocr_line' id='line_1_3' title="bbox 113 553 1793 630; baseline 0.004 -24"><span class='ocrx_word' id='word_1_10' title='bbox 113 554 148 623; x_wconf 78' lang='grc' dir='ltr'>ἡ</span> <span class='ocrx_word' id='word_1_11' title='bbox 175 554 244 606; x_wconf 78' lang='grc' dir='ltr'>τὰ</span> <span class='ocrx_word' id='word_1_12' title='bbox 272 553 536 625; x_wconf 87' lang='grc' dir='ltr'>ἡμέτερα,</span> <span class='ocrx_word' id='word_1_13' title='bbox 566 557 728 624; x_wconf 85' lang='grc' dir='ltr'>ἡμεῖς</span> <span class='ocrx_word' id='word_1_14' title='bbox 763 554 981 625; x_wconf 87' lang='grc' dir='ltr'>ἐτέρους</span> <span class='ocrx_word' id='word_1_15' title='bbox 1005 556 1381 628; x_wconf 79' lang='grc' dir='ltr'>φυλάττωμεν,</span> <span class='ocrx_word' id='word_1_16' title='bbox 1411 559 1504 611; x_wconf 78' lang='grc' dir='ltr'>καὶ</span> <span class='ocrx_word' id='word_1_17' title='bbox 1528 559 1627 630; x_wconf 81' lang='grc' dir='ltr'>τὴν</span> <span class='ocrx_word' id='word_1_18' title='bbox 1655 561 1793 628; x_wconf 88' lang='grc' dir='ltr'>ἡμε-</span> 
     </span>
    </p>
   </div>
   <div class='ocr_carea' id='block_1_4' title="bbox 112 640 1790 716">
    <p class='ocr_par' dir='ltr' id='par_1_4' title="bbox 112 640 1790 716">
     <span class='ocr_line' id='line_1_4' title="bbox 112 640 1790 716; baseline 0.002 -22"><span class='ocrx_word' id='word_1_19' title='bbox 112 640 283 712; x_wconf 84' lang='grc' dir='ltr'>τέραν</span> <span class='ocrx_word' id='word_1_20' title='bbox 328 641 569 712; x_wconf 78' lang='grc' dir='ltr'>φυλακὴν</span> <span class='ocrx_word' id='word_1_21' title='bbox 611 642 992 713; x_wconf 72' lang='grc' dir='ltr'>ἐπιτρέψωμεν</span> <span class='ocrx_word' id='word_1_22' title='bbox 1049 644 1306 708; x_wconf 88' lang='grc' dir='ltr'>ἐκείνοις,</span> <span class='ocrx_word' id='word_1_23' title='bbox 1350 645 1444 697; x_wconf 77' lang='grc' dir='ltr'>καὶ</span> <span class='ocrx_word' id='word_1_24' title='bbox 1485 645 1584 716; x_wconf 81' lang='grc' dir='ltr'>τὴν</span> <span class='ocrx_word' id='word_1_25' title='bbox 1621 645 1790 716; x_wconf 83' lang='grc' dir='ltr'>καλὴν</span> 
     </span>
    </p>
   </div>
   <div class='ocr_carea' id='block_1_5' title="bbox 113 728 1790 803">
    <p class='ocr_par' dir='ltr' id='par_1_5' title="bbox 113 728 1790 803">
     <span class='ocr_line' id='line_1_5' title="bbox 113 728 1790 803; baseline 0.003 -23"><span class='ocrx_word' id='word_1_26' title='bbox 113 728 352 798; x_wconf 78' lang='grc' dir='ltr'>ἆμιλλαν</span> <span class='ocrx_word' id='word_1_27' title='bbox 396 729 598 799; x_wconf 89' lang='grc' dir='ltr'>ταύτην</span> <span class='ocrx_word' id='word_1_28' title='bbox 647 731 1020 800; x_wconf 80' lang='grc' dir='ltr'>ποιησώμεθα,</span> <span class='ocrx_word' id='word_1_29' title='bbox 1064 732 1150 784; x_wconf 75' lang='grc' dir='ltr'>ἵνα</span> <span class='ocrx_word' id='word_1_30' title='bbox 1191 731 1333 785; x_wconf 78' lang='grc' dir='ltr'>οὕτω</span> <span class='ocrx_word' id='word_1_31' title='bbox 1381 733 1790 803; x_wconf 77' lang='grc' dir='ltr'>περιγενόμενοι</span> 
     </span>
    </p>
   </div>
   <div class='ocr_carea' id='block_1_6' title="bbox 113 815 1790 892">
    <p class='ocr_par' dir='ltr' id='par_1_6' title="bbox 113 815 1790 892">
     <span class='ocr_line' id='line_1_6' title="bbox 113 815 1790 892; baseline 0.002 -23"><span class='ocrx_word' id='word_1_32' title='bbox 113 815 214 885; x_wconf 79' lang='grc' dir='ltr'>τῆς</span> <span class='ocrx_word' id='word_1_33' title='bbox 234 817 472 886; x_wconf 81' lang='grc' dir='ltr'>πονηρᾶς</span> <span class='ocrx_word' id='word_1_34' title='bbox 492 815 693 886; x_wconf 88' lang='grc' dir='ltr'>ταύτης</span> <span class='ocrx_word' id='word_1_35' title='bbox 723 817 1010 887; x_wconf 72' lang='grc' dir='ltr'>συνηθείαις</span> <span class='ocrx_word' id='word_1_36' title='bbox 1028 817 1201 890; x_wconf 66' lang='lat'>,[123]</span> <span class='ocrx_word' id='word_1_37' title='bbox 1225 820 1362 890; x_wconf 85' lang='grc' dir='ltr'>μετά</span> <span class='ocrx_word' id='word_1_38' title='bbox 1378 820 1684 892; x_wconf 77' lang='grc' dir='ltr'>παρρησίας</span> <span class='ocrx_word' id='word_1_39' title='bbox 1699 819 1790 873; x_wconf 78' lang='grc' dir='ltr'>ἐπὶ</span> 
     </span>
    </p>
   </div>
   <div class='ocr_carea' id='block_1_7' title="bbox 1137 353 2561 414">
    <p class='ocr_par' dir='ltr' id='par_1_7' title="bbox 1137 353 2561 414">
     <span class='ocr_line' id='line_1_7' title="bbox 1137 353 2561 414; baseline 0.001 -7"><span class='ocrx_word' id='word_1_40' title='bbox 1137 353 1230 408; x_wconf 78' lang='grc' dir='ltr'>Μ)</span> <span class='ocrx_word' id='word_1_41' title='bbox 1263 354 1590 412; x_wconf 78' lang='lat' dir='ltr'>POPULUM</span> <span class='ocrx_word' id='word_1_42' title='bbox 1633 355 2129 414; x_wconf 76' lang='lat' dir='ltr'>ANTIOCHENUM</span> <span class='ocrx_word' id='word_1_43' title='bbox 2169 354 2405 412; x_wconf 79' lang='lat' dir='ltr'>HOMIL.</span> <span class='ocrx_word' id='word_1_44' title='bbox 2450 353 2561 409; x_wconf 76' lang='grc' dir='ltr'>ΧΠ.</span> 
     </span>
    </p>
   </div>
   <div class='ocr_carea' id='block_1_8' title="bbox 3473 360 3568 409">
    <p class='ocr_par' dir='ltr' id='par_1_8' title="bbox 3473 360 3568 409">
     <span class='ocr_line' id='line_1_8' title="bbox 3521 361 3528 375; baseline 0 0"><span class='ocrx_word' id='word_1_45' title='bbox 3521 361 3528 375; x_wconf 72' lang='grc'><strong><em>1</em></strong></span> 
     </span>
     <span class='ocr_line' id='line_1_9' title="bbox 3473 360 3568 409; baseline 0.032 -3"><span class='ocrx_word' id='word_1_46' title='bbox 3473 360 3568 409; x_wconf 75' lang='lat' dir='ltr'>L8</span> 
     </span>
    </p>
   </div>
   <div class='ocr_carea' id='block_1_9' title="bbox 1894 465 3568 543">
    <p class='ocr_par' dir='ltr' id='par_1_9' title="bbox 1894 465 3568 543">
     <span class='ocr_line' id='line_1_10' title="bbox 1894 465 3568 543; baseline -0.002 -18"><span class='ocrx_word' id='word_1_47' title='bbox 1894 472 1989 543; x_wconf 81' lang='grc' dir='ltr'>τὴν</span> <span class='ocrx_word' id='word_1_48' title='bbox 2022 470 2183 540; x_wconf 87' lang='grc' dir='ltr'>ἁγίαν</span> <span class='ocrx_word' id='word_1_49' title='bbox 2211 469 2415 538; x_wconf 88' lang='grc' dir='ltr'>ταύτην</span> <span class='ocrx_word' id='word_1_50' title='bbox 2446 469 2687 539; x_wconf 75' lang='grc' dir='ltr'>ἔλθωμεν</span> <span class='ocrx_word' id='word_1_51' title='bbox 2720 465 2931 542; x_wconf 79' lang='grc' dir='ltr'>ἑορτὴν,</span> <span class='ocrx_word' id='word_1_52' title='bbox 2961 467 3055 520; x_wconf 62' lang='grc' dir='ltr'>καλ⁸</span> <span class='ocrx_word' id='word_1_53' title='bbox 3086 467 3184 536; x_wconf 82' lang='grc' dir='ltr'>τῆς</span> <span class='ocrx_word' id='word_1_54' title='bbox 3216 467 3375 534; x_wconf 84' lang='grc' dir='ltr'>ἁγίας</span> <span class='ocrx_word' id='word_1_55' title='bbox 3406 471 3568 538; x_wconf 83' lang='grc' dir='ltr'>μετά-</span> 
     </span>
    </p>
   </div>
   <div class='ocr_carea' id='block_1_10' title="bbox 1895 555 3572 629">
    <p class='ocr_par' dir='ltr' id='par_1_10' title="bbox 1895 555 3572 629">
     <span class='ocr_line' id='line_1_11' title="bbox 1895 555 3572 629; baseline -0.001 -19"><span class='ocrx_word' id='word_1_56' title='bbox 1895 575 2111 629; x_wconf 85' lang='grc' dir='ltr'>σχωμεν</span> <span class='ocrx_word' id='word_1_57' title='bbox 2160 557 2352 621; x_wconf 77' lang='grc' dir='ltr'>θυσίας</span> <span class='ocrx_word' id='word_1_58' title='bbox 2394 556 2531 626; x_wconf 78' lang='grc' dir='ltr'>μετὰ</span> <span class='ocrx_word' id='word_1_59' title='bbox 2561 556 2807 627; x_wconf 87' lang='grc' dir='ltr'>χρηστῆς</span> <span class='ocrx_word' id='word_1_60' title='bbox 2848 555 3081 618; x_wconf 90' lang='grc' dir='ltr'>ἐλπίδος,</span> <span class='ocrx_word' id='word_1_61' title='bbox 3124 555 3217 608; x_wconf 71' lang='grc' dir='ltr'>καὶ</span> <span class='ocrx_word' id='word_1_62' title='bbox 3271 557 3572 618; x_wconf 73' lang='grc' dir='ltr'>συνειδότος</span> 
     </span>
    </p>
   </div>
   <div class='ocr_carea' id='block_1_11' title="bbox 1891 641 3573 715">
    <p class='ocr_par' dir='ltr' id='par_1_11' title="bbox 1891 641 3573 715">
     <span class='ocr_line' id='line_1_12' title="bbox 1891 641 3573 715; baseline -0.002 -18"><span class='ocrx_word' id='word_1_63' title='bbox 1891 644 2118 711; x_wconf 78' lang='grc' dir='ltr'>ἀγαθοῦ,</span> <span class='ocrx_word' id='word_1_64' title='bbox 2151 644 2332 714; x_wconf 81' lang='grc' dir='ltr'>χάριτι</span> <span class='ocrx_word' id='word_1_65' title='bbox 2359 645 2452 697; x_wconf 76' lang='grc' dir='ltr'>καὶ</span> <span class='ocrx_word' id='word_1_66' title='bbox 2483 644 2864 715; x_wconf 76' lang='grc' dir='ltr'>φιλανθρωπίᾳ</span> <span class='ocrx_word' id='word_1_67' title='bbox 2898 642 2992 695; x_wconf 86' lang='grc' dir='ltr'>τοῦ</span> <span class='ocrx_word' id='word_1_68' title='bbox 3033 643 3238 713; x_wconf 80' lang='grc' dir='ltr'>Κυρίου</span> <span class='ocrx_word' id='word_1_69' title='bbox 3269 641 3428 712; x_wconf 89' lang='grc' dir='ltr'>ἡμῶν</span> <span class='ocrx_word' id='word_1_70' title='bbox 3469 644 3573 712; x_wconf 81' lang='grc' dir='ltr'>Ἰη-</span> 
     </span>
    </p>
   </div>
   <div class='ocr_carea' id='block_1_12' title="bbox 1895 726 3574 802">
    <p class='ocr_par' dir='ltr' id='par_1_12' title="bbox 1895 726 3574 802">
     <span class='ocr_line' id='line_1_13' title="bbox 1895 726 3574 802; baseline -0.002 -18"><span class='ocrx_word' id='word_1_71' title='bbox 1895 731 1988 784; x_wconf 89' lang='grc' dir='ltr'>σοῦ</span> <span class='ocrx_word' id='word_1_72' title='bbox 2022 731 2278 802; x_wconf 86' lang='grc' dir='ltr'>Χριστοῦ,</span> <span class='ocrx_word' id='word_1_73' title='bbox 2315 733 2381 784; x_wconf 84' lang='grc' dir='ltr'>δι’</span> <span class='ocrx_word' id='word_1_74' title='bbox 2411 726 2471 785; x_wconf 77' lang='grc' dir='ltr'>οὗ</span> <span class='ocrx_word' id='word_1_75' title='bbox 2506 731 2599 784; x_wconf 76' lang='grc' dir='ltr'>καὶ</span> <span class='ocrx_word' id='word_1_76' title='bbox 2629 731 2746 800; x_wconf 90' lang='grc' dir='ltr'>μεθ’</span> <span class='ocrx_word' id='word_1_77' title='bbox 2796 726 2856 784; x_wconf 74' lang='grc' dir='ltr'>οὗ</span> <span class='ocrx_word' id='word_1_78' title='bbox 2897 730 2974 800; x_wconf 81' lang='grc' dir='ltr'>τῷ</span> <span class='ocrx_word' id='word_1_79' title='bbox 3006 730 3180 800; x_wconf 74' lang='grc' dir='ltr'>Πατρὶ</span> <span class='ocrx_word' id='word_1_80' title='bbox 3220 731 3252 799; x_wconf 92' lang='grc' dir='ltr'>ἡ</span> <span class='ocrx_word' id='word_1_81' title='bbox 3295 729 3422 794; x_wconf 77' lang='grc' dir='ltr'>δόξα</span> <span class='ocrx_word' id='word_1_82' title='bbox 3455 728 3574 798; x_wconf 73' lang='grc' dir='ltr'>ἅμα</span> 
     </span>
    </p>
   </div>
   <div class='ocr_carea' id='block_1_13' title="bbox 1891 817 3566 890">
    <p class='ocr_par' dir='ltr' id='par_1_13' title="bbox 1891 817 3566 890">
     <span class='ocr_line' id='line_1_14' title="bbox 1891 817 3566 890; baseline -0.002 -19"><span class='ocrx_word' id='word_1_83' title='bbox 1891 820 1970 889; x_wconf 87' lang='grc' dir='ltr'>τῷ</span> <span class='ocrx_word' id='word_1_84' title='bbox 2002 821 2140 890; x_wconf 84' lang='grc' dir='ltr'>ἁγίῳ</span> <span class='ocrx_word' id='word_1_85' title='bbox 2168 819 2468 889; x_wconf 89' lang='grc' dir='ltr'>Πνεύματι,</span> <span class='ocrx_word' id='word_1_86' title='bbox 2495 821 2573 882; x_wconf 90' lang='grc' dir='ltr'>είς</span> <span class='ocrx_word' id='word_1_87' title='bbox 2597 820 2723 881; x_wconf 78' lang='grc' dir='ltr'>τοὺς</span> <span class='ocrx_word' id='word_1_88' title='bbox 2743 818 2944 881; x_wconf 79' lang='grc' dir='ltr'>αἰῶνας</span> <span class='ocrx_word' id='word_1_89' title='bbox 2971 817 3079 870; x_wconf 86' lang='grc' dir='ltr'>τῶν</span> <span class='ocrx_word' id='word_1_90' title='bbox 3103 817 3333 871; x_wconf 84' lang='grc' dir='ltr'>αἰώνων.</span> <span class='ocrx_word' id='word_1_91' title='bbox 3374 818 3566 888; x_wconf 83' lang='grc' dir='ltr'>Ἀμήν.</span> 
     </span>
    </p>
   </div>
   <div class='ocr_carea' id='block_1_14' title="bbox 120 1007 3575 1105">
    <p class='ocr_par' dir='ltr' id='par_1_14' title="bbox 120 1007 3575 1105">
     <span class='ocr_line' id='line_1_15' title="bbox 120 1007 3575 1105; baseline 0.001 -20"><span class='ocrx_word' id='word_1_92' title='bbox 120 1035 245 1085; x_wconf 84' lang='grc' dir='ltr'>Ἔτι</span> <span class='ocrx_word' id='word_1_93' title='bbox 283 1033 640 1100; x_wconf 82' lang='grc' dir='ltr'>εὐχαριστία</span> <span class='ocrx_word' id='word_1_94' title='bbox 683 1033 834 1101; x_wconf 76' lang='grc' dir='ltr'>πρὸς</span> <span class='ocrx_word' id='word_1_95' title='bbox 872 1035 977 1087; x_wconf 74' lang='grc' dir='ltr'>τὸν</span> <span class='ocrx_word' id='word_1_96' title='bbox 1012 1034 1158 1090; x_wconf 72' lang='grc' dir='ltr'>Θεὸν</span> <span class='ocrx_word' id='word_1_97' title='bbox 1187 1035 1317 1103; x_wconf 74' lang='grc' dir='ltr'>περὶ</span> <span class='ocrx_word' id='word_1_98' title='bbox 1353 1035 1463 1102; x_wconf 79' lang='grc' dir='ltr'>τῆς</span> <span class='ocrx_word' id='word_1_99' title='bbox 1491 1036 1928 1105; x_wconf 69' lang='grc' dir='ltr'>συγχωρήσεως</span> <span class='ocrx_word' id='word_1_100' title='bbox 1994 1035 2109 1090; x_wconf 83' lang='grc' dir='ltr'>τῶν</span> <span class='ocrx_word' id='word_1_101' title='bbox 2135 1037 2562 1104; x_wconf 73' lang='grc' dir='ltr'>ἡμαρτηκότων</span> <span class='ocrx_word' id='word_1_102' title='bbox 2723 1035 2829 1089; x_wconf 82' lang='grc' dir='ltr'>τὸν</span> <span class='ocrx_word' id='word_1_103' title='bbox 2868 1035 3168 1100; x_wconf 75' lang='grc' dir='ltr'>βασιλέα·</span> <span class='ocrx_word' id='word_1_104' title='bbox 3215 1035 3313 1090; x_wconf 78' lang='grc' dir='ltr'>καὶ</span> <span class='ocrx_word' id='word_1_105' title='bbox 3366 1052 3575 1104; x_wconf 70' lang='grc' dir='ltr'>φυσιο-</span> 
     </span>
    </p>
   </div>
   <div class='ocr_carea' id='block_1_15' title="bbox 187 1124 3576 1198">
    <p class='ocr_par' dir='ltr' id='par_1_15' title="bbox 187 1124 3576 1198">
     <span class='ocr_line' id='line_1_16' title="bbox 187 1124 3576 1198; baseline 0.001 -19"><span class='ocrx_word' id='word_1_106' title='bbox 187 1125 365 1194; x_wconf 69' lang='grc' dir='ltr'>λογιά</span> <span class='ocrx_word' id='word_1_107' title='bbox 396 1124 528 1191; x_wconf 80' lang='grc' dir='ltr'>περὶ</span> <span class='ocrx_word' id='word_1_108' title='bbox 565 1124 678 1192; x_wconf 79' lang='grc' dir='ltr'>τῆς</span> <span class='ocrx_word' id='word_1_109' title='bbox 709 1126 961 1190; x_wconf 78' lang='grc' dir='ltr'>κτίσεως</span> <span class='ocrx_word' id='word_1_110' title='bbox 981 1143 994 1157; x_wconf 89' lang='grc'><strong>·</strong></span> <span class='ocrx_word' id='word_1_111' title='bbox 1023 1127 1119 1180; x_wconf 77' lang='grc' dir='ltr'>καὶ</span> <span class='ocrx_word' id='word_1_112' title='bbox 1153 1127 1241 1180; x_wconf 85' lang='grc' dir='ltr'>ὅτι</span> <span class='ocrx_word' id='word_1_113' title='bbox 1266 1126 1526 1193; x_wconf 83' lang='grc' dir='ltr'>ποιήσας</span> <span class='ocrx_word' id='word_1_114' title='bbox 1551 1130 1584 1181; x_wconf 82' lang='grc' dir='ltr'><em>ὁ</em></span> <span class='ocrx_word' id='word_1_115' title='bbox 1609 1128 1752 1192; x_wconf 80' lang='grc' dir='ltr'>Θεὸς</span> <span class='ocrx_word' id='word_1_116' title='bbox 1774 1128 1880 1181; x_wconf 78' lang='grc' dir='ltr'>τὸν</span> <span class='ocrx_word' id='word_1_117' title='bbox 1913 1127 2225 1195; x_wconf 80' lang='grc' dir='ltr'>ἄνθρωπον</span> <span class='ocrx_word' id='word_1_118' title='bbox 2268 1129 2455 1197; x_wconf 82' lang='grc' dir='ltr'>νόμον</span> <span class='ocrx_word' id='word_1_119' title='bbox 2501 1128 2767 1196; x_wconf 72' lang='grc' dir='ltr'>φυσικὸν</span> <span class='ocrx_word' id='word_1_120' title='bbox 2797 1127 3193 1198; x_wconf 78' lang='grc' dir='ltr'>ἑγκατέθηκεν</span> <span class='ocrx_word' id='word_1_121' title='bbox 3230 1127 3389 1193; x_wconf 83' lang='grc' dir='ltr'>αὐτῷ</span> <span class='ocrx_word' id='word_1_122' title='bbox 3410 1145 3422 1158; x_wconf 90' lang='grc'><strong>·</strong></span> <span class='ocrx_word' id='word_1_123' title='bbox 3476 1128 3576 1182; x_wconf 79' lang='grc' dir='ltr'>καί</span> 
     </span>
    </p>
   </div>
   <div class='ocr_carea' id='block_1_16' title="bbox 185 1215 1697 1288">
    <p class='ocr_par' dir='ltr' id='par_1_16' title="bbox 185 1215 1697 1288">
     <span class='ocr_line' id='line_1_17' title="bbox 185 1215 1697 1288; baseline 0.001 -18"><span class='ocrx_word' id='word_1_124' title='bbox 185 1216 324 1285; x_wconf 75' lang='grc' dir='ltr'>περὶ</span> <span class='ocrx_word' id='word_1_125' title='bbox 358 1215 466 1271; x_wconf 86' lang='grc' dir='ltr'>τοῦ</span> <span class='ocrx_word' id='word_1_126' title='bbox 501 1215 672 1284; x_wconf 83' lang='grc' dir='ltr'>πάσῃ</span> <span class='ocrx_word' id='word_1_127' title='bbox 702 1216 949 1286; x_wconf 78' lang='grc' dir='ltr'>σπουδῇ</span> <span class='ocrx_word' id='word_1_128' title='bbox 975 1219 1305 1286; x_wconf 82' lang='grc' dir='ltr'>ἀπέχεσθαι</span> <span class='ocrx_word' id='word_1_129' title='bbox 1339 1217 1454 1272; x_wconf 86' lang='grc' dir='ltr'>τῶν</span> <span class='ocrx_word' id='word_1_130' title='bbox 1485 1219 1697 1288; x_wconf 83' lang='grc' dir='ltr'>ὅρκων.</span> 
     </span>
    </p>
   </div>
   <div class='ocr_carea' id='block_1_17' title="bbox 781 1419 1142 1487">
    <p class='ocr_par' dir='ltr' id='par_1_17' title="bbox 781 1419 1142 1487">
     <span class='ocr_line' id='line_1_18' title="bbox 781 1419 1142 1487; baseline -0.014 -14"><span class='ocrx_word' id='word_1_131' title='bbox 781 1419 1013 1487; x_wconf 76' lang='grc' dir='ltr'>Ὀμιλία</span> <span class='ocrx_word' id='word_1_132' title='bbox 1047 1422 1142 1484; x_wconf 74' lang='grc' dir='ltr'>ιβ’.</span> 
     </span>
    </p>
   </div>
   <div class='ocr_carea' id='block_1_18' title="bbox 187 1565 1798 1647">
    <p class='ocr_par' dir='ltr' id='par_1_18' title="bbox 187 1565 1798 1647">
     <span class='ocr_line' id='line_1_19' title="bbox 187 1565 1798 1647; baseline 0.001 -21"><span class='ocrx_word' id='word_1_133' title='bbox 187 1580 258 1628; x_wconf 85' lang='grc' dir='ltr'>α’.</span> <span class='ocrx_word' id='word_1_134' title='bbox 294 1571 404 1626; x_wconf 71' lang='grc' dir='ltr'>Καὶ</span> <span class='ocrx_word' id='word_1_135' title='bbox 434 1571 558 1642; x_wconf 86' lang='grc' dir='ltr'>χθές</span> <span class='ocrx_word' id='word_1_136' title='bbox 589 1565 760 1636; x_wconf 80' lang='grc' dir='ltr'>εἷπον,</span> <span class='ocrx_word' id='word_1_137' title='bbox 781 1573 1082 1644; x_wconf 77' lang='grc' dir='ltr'>Εὐλογητὸς</span> <span class='ocrx_word' id='word_1_138' title='bbox 1110 1576 1138 1627; x_wconf 99' lang='lat'>6</span> <span class='ocrx_word' id='word_1_139' title='bbox 1161 1574 1312 1640; x_wconf 83' lang='grc' dir='ltr'>Θεὸς,</span> <span class='ocrx_word' id='word_1_140' title='bbox 1346 1576 1442 1628; x_wconf 70' lang='grc' dir='ltr'>καὶ</span> <span class='ocrx_word' id='word_1_141' title='bbox 1477 1576 1716 1647; x_wconf 81' lang='grc' dir='ltr'>σήμερον</span> <span class='ocrx_word' id='word_1_142' title='bbox 1738 1575 1798 1628; x_wconf 88' lang='grc' dir='ltr'>τὸ</span> 
     </span>
    </p>
   </div>
   <div class='ocr_carea' id='block_1_19' title="bbox 115 1659 1793 1734">
    <p class='ocr_par' dir='ltr' id='par_1_19' title="bbox 115 1659 1793 1734">
     <span class='ocr_line' id='line_1_20' title="bbox 115 1659 1793 1734; baseline 0.003 -22"><span class='ocrx_word' id='word_1_143' title='bbox 115 1659 254 1712; x_wconf 79' lang='grc' dir='ltr'>αὐτὸ</span> <span class='ocrx_word' id='word_1_144' title='bbox 290 1660 446 1713; x_wconf 87' lang='grc' dir='ltr'>τοῦτο</span> <span class='ocrx_word' id='word_1_145' title='bbox 480 1660 641 1712; x_wconf 86' lang='grc' dir='ltr'>πάλιν</span> <span class='ocrx_word' id='word_1_146' title='bbox 680 1659 808 1731; x_wconf 89' lang='grc' dir='ltr'>ἐρῶ.</span> <span class='ocrx_word' id='word_1_147' title='bbox 835 1661 898 1712; x_wconf 69' lang='lat' dir='ltr'>El</span> <span class='ocrx_word' id='word_1_148' title='bbox 924 1660 1030 1732; x_wconf 79' lang='grc' dir='ltr'>γάρ</span> <span class='ocrx_word' id='word_1_149' title='bbox 1070 1663 1165 1714; x_wconf 75' lang='grc' dir='ltr'>καὶ</span> <span class='ocrx_word' id='word_1_150' title='bbox 1200 1662 1268 1715; x_wconf 76' lang='grc' dir='ltr'>τά</span> <span class='ocrx_word' id='word_1_151' title='bbox 1306 1662 1456 1716; x_wconf 88' lang='grc' dir='ltr'>δεινὰ</span> <span class='ocrx_word' id='word_1_152' title='bbox 1488 1663 1793 1734; x_wconf 75' lang='grc' dir='ltr'>παρῆλθεν,</span> 
     </span>
    </p>
   </div>
   <div class='ocr_carea' id='block_1_20' title="bbox 115 1747 1795 1820">
    <p class='ocr_par' dir='ltr' id='par_1_20' title="bbox 115 1747 1795 1820">
     <span class='ocr_line' id='line_1_21' title="bbox 115 1747 1795 1820; baseline 0.003 -22"><span class='ocrx_word' id='word_1_153' title='bbox 115 1747 234 1799; x_wconf 83' lang='grc' dir='ltr'>ἀλλ’</span> <span class='ocrx_word' id='word_1_154' title='bbox 271 1749 302 1818; x_wconf 93' lang='grc' dir='ltr'>ἡ</span> <span class='ocrx_word' id='word_1_155' title='bbox 347 1749 535 1818; x_wconf 84' lang='grc' dir='ltr'>μνήμη</span> <span class='ocrx_word' id='word_1_156' title='bbox 570 1747 677 1800; x_wconf 90' lang='grc' dir='ltr'>τῶν</span> <span class='ocrx_word' id='word_1_157' title='bbox 701 1747 891 1801; x_wconf 88' lang='grc' dir='ltr'>δεινῶν</span> <span class='ocrx_word' id='word_1_158' title='bbox 920 1747 994 1818; x_wconf 84' lang='grc' dir='ltr'>μὴ</span> <span class='ocrx_word' id='word_1_159' title='bbox 1024 1749 1401 1820; x_wconf 85' lang='grc' dir='ltr'>παρερχέσθω,</span> <span class='ocrx_word' id='word_1_160' title='bbox 1450 1751 1547 1819; x_wconf 91' lang='grc' dir='ltr'>οὐχ</span> <span class='ocrx_word' id='word_1_161' title='bbox 1587 1750 1672 1803; x_wconf 81' lang='grc' dir='ltr'>ἵνα</span> <span class='ocrx_word' id='word_1_162' title='bbox 1702 1751 1795 1803; x_wconf 87' lang='grc' dir='ltr'>ἀλ-</span> 
     </span>
    </p>
   </div>
   <div class='ocr_carea' id='block_1_21' title="bbox 114 1833 1793 1908">
    <p class='ocr_par' dir='ltr' id='par_1_21' title="bbox 114 1833 1793 1908">
     <span class='ocr_line' id='line_1_22' title="bbox 114 1833 1793 1908; baseline 0.004 -23"><span class='ocrx_word' id='word_1_163' title='bbox 114 1833 326 1903; x_wconf 83' lang='grc' dir='ltr'>γῶμεν,</span> <span class='ocrx_word' id='word_1_164' title='bbox 364 1834 474 1887; x_wconf 83' lang='grc' dir='ltr'>ἀλλ’</span> <span class='ocrx_word' id='word_1_165' title='bbox 505 1835 591 1886; x_wconf 84' lang='grc' dir='ltr'>ἵνα</span> <span class='ocrx_word' id='word_1_166' title='bbox 623 1835 1055 1906; x_wconf 84' lang='grc' dir='ltr'>εύχαριστῶμεν.</span> <span class='ocrx_word' id='word_1_167' title='bbox 1107 1837 1231 1889; x_wconf 71' lang='grc' dir='ltr'>Ἐὰν</span> <span class='ocrx_word' id='word_1_168' title='bbox 1265 1837 1374 1908; x_wconf 80' lang='grc' dir='ltr'>γὰρ</span> <span class='ocrx_word' id='word_1_169' title='bbox 1403 1839 1435 1906; x_wconf 93' lang='grc' dir='ltr'>ἡ</span> <span class='ocrx_word' id='word_1_170' title='bbox 1466 1839 1653 1907; x_wconf 84' lang='grc' dir='ltr'>μνήμη</span> <span class='ocrx_word' id='word_1_171' title='bbox 1685 1837 1793 1891; x_wconf 88' lang='grc' dir='ltr'>τῶν</span> 
     </span>
    </p>
   </div>
   <div class='ocr_carea' id='block_1_22' title="bbox 115 1919 1793 1995">
    <p class='ocr_par' dir='ltr' id='par_1_22' title="bbox 115 1919 1793 1995">
     <span class='ocr_line' id='line_1_23' title="bbox 115 1919 1793 1995; baseline 0.005 -24"><span class='ocrx_word' id='word_1_172' title='bbox 115 1919 307 1972; x_wconf 79' lang='grc' dir='ltr'>δεινῶν</span> <span class='ocrx_word' id='word_1_173' title='bbox 331 1920 484 1995; x_wconf 75' lang='grc' dir='ltr'>μένῃ.</span> <span class='ocrx_word' id='word_1_174' title='bbox 515 1923 547 1990; x_wconf 94' lang='grc' dir='ltr'>ἡ</span> <span class='ocrx_word' id='word_1_175' title='bbox 579 1924 738 1991; x_wconf 90' lang='grc' dir='ltr'>πεῖρα</span> <span class='ocrx_word' id='word_1_176' title='bbox 775 1921 883 1976; x_wconf 89' lang='grc' dir='ltr'>τῶν</span> <span class='ocrx_word' id='word_1_177' title='bbox 916 1922 1103 1975; x_wconf 89' lang='grc' dir='ltr'>δεινῶν</span> <span class='ocrx_word' id='word_1_178' title='bbox 1143 1925 1384 1977; x_wconf 89' lang='grc' dir='ltr'>οὐδέποτ’</span> <span class='ocrx_word' id='word_1_179' title='bbox 1415 1926 1793 1995; x_wconf 88' lang='grc' dir='ltr'>ἐπιστήσεται.</span> 
     </span>
    </p>
   </div>
   <div class='ocr_carea' id='block_1_23' title="bbox 118 2007 1793 2082">
    <p class='ocr_par' dir='ltr' id='par_1_23' title="bbox 118 2007 1793 2082">
     <span class='ocr_line' id='line_1_24' title="bbox 118 2007 1793 2082; baseline 0.002 -23"><span class='ocrx_word' id='word_1_180' title='bbox 118 2007 188 2059; x_wconf 85' lang='grc' dir='ltr'>Τί</span> <span class='ocrx_word' id='word_1_181' title='bbox 217 2008 328 2076; x_wconf 79' lang='grc' dir='ltr'>γὰρ</span> <span class='ocrx_word' id='word_1_182' title='bbox 361 2007 441 2059; x_wconf 88' lang='grc' dir='ltr'>δεῖ</span> <span class='ocrx_word' id='word_1_183' title='bbox 470 2009 566 2077; x_wconf 86' lang='grc' dir='ltr'>τῆς</span> <span class='ocrx_word' id='word_1_184' title='bbox 599 2009 815 2078; x_wconf 86' lang='grc' dir='ltr'>πείρας,</span> <span class='ocrx_word' id='word_1_185' title='bbox 839 2009 938 2079; x_wconf 87' lang='grc' dir='ltr'>τῆς</span> <span class='ocrx_word' id='word_1_186' title='bbox 979 2010 1201 2080; x_wconf 83' lang='grc' dir='ltr'>μνήμης</span> <span class='ocrx_word' id='word_1_187' title='bbox 1236 2013 1380 2081; x_wconf 75' lang='grc' dir='ltr'>ἡμᾶς</span> <span class='ocrx_word' id='word_1_188' title='bbox 1424 2011 1793 2082; x_wconf 64' lang='grc' dir='ltr'>σωρρονιζού-</span> 
     </span>
    </p>
   </div>
   <div class='ocr_carea' id='block_1_24' title="bbox 117 2091 1794 2167">
    <p class='ocr_par' dir='ltr' id='par_1_24' title="bbox 117 2091 1794 2167">
     <span class='ocr_line' id='line_1_25' title="bbox 117 2091 1794 2167; baseline 0.003 -20"><span class='ocrx_word' id='word_1_189' title='bbox 117 2109 258 2166; x_wconf 83' lang='grc' dir='ltr'>σης;</span> <span class='ocrx_word' id='word_1_190' title='bbox 297 2095 504 2164; x_wconf 81' lang='grc' dir='ltr'>Ὠσπερ</span> <span class='ocrx_word' id='word_1_191' title='bbox 531 2091 622 2147; x_wconf 70' lang='grc' dir='ltr'>οὖν</span> <span class='ocrx_word' id='word_1_192' title='bbox 659 2097 759 2148; x_wconf 77' lang='grc' dir='ltr'>οὐκ</span> <span class='ocrx_word' id='word_1_193' title='bbox 795 2097 1004 2166; x_wconf 68' lang='grc' dir='ltr'>ἀφῆκεν</span> <span class='ocrx_word' id='word_1_194' title='bbox 1044 2099 1192 2167; x_wconf 80' lang='grc' dir='ltr'>ἡμᾶς</span> <span class='ocrx_word' id='word_1_195' title='bbox 1223 2100 1250 2149; x_wconf 90' lang='grc' dir='ltr'>ὁ</span> <span class='ocrx_word' id='word_1_196' title='bbox 1293 2099 1422 2162; x_wconf 84' lang='grc' dir='ltr'>Θεὸς</span> <span class='ocrx_word' id='word_1_197' title='bbox 1458 2117 1794 2153; x_wconf 85' lang='grc' dir='ltr'>καταποντι-</span> 
     </span>
    </p>
   </div>
   <div class='ocr_carea' id='block_1_25' title="bbox 119 2180 1799 2256">
    <p class='ocr_par' dir='ltr' id='par_1_25' title="bbox 119 2180 1799 2256">
     <span class='ocr_line' id='line_1_26' title="bbox 119 2180 1799 2256; baseline 0.001 -19"><span class='ocrx_word' id='word_1_198' title='bbox 119 2180 318 2249; x_wconf 79' lang='grc' dir='ltr'>σθῆναι</span> <span class='ocrx_word' id='word_1_199' title='bbox 342 2182 624 2251; x_wconf 78' lang='grc' dir='ltr'>παρόντων</span> <span class='ocrx_word' id='word_1_200' title='bbox 663 2183 772 2235; x_wconf 87' lang='grc' dir='ltr'>τῶν</span> <span class='ocrx_word' id='word_1_201' title='bbox 810 2183 1091 2254; x_wconf 81' lang='grc' dir='ltr'>λυπηρῶν,</span> <span class='ocrx_word' id='word_1_202' title='bbox 1131 2185 1271 2237; x_wconf 74' lang='grc' dir='ltr'>οὕτω</span> <span class='ocrx_word' id='word_1_203' title='bbox 1301 2186 1373 2256; x_wconf 83' lang='grc' dir='ltr'>μὴ</span> <span class='ocrx_word' id='word_1_204' title='bbox 1404 2187 1631 2256; x_wconf 66' lang='grc' dir='ltr'>ἀφῶμεν</span> <span class='ocrx_word' id='word_1_205' title='bbox 1674 2188 1799 2239; x_wconf 87' lang='grc' dir='ltr'>ἐαυ-</span> 
     </span>
    </p>
   </div>
   <div class='ocr_carea' id='block_1_26' title="bbox 115 2270 1797 2346">
    <p class='ocr_par' dir='ltr' id='par_1_26' title="bbox 115 2270 1797 2346">
     <span class='ocr_line' id='line_1_27' title="bbox 115 2270 1797 2346; baseline 0.004 -25"><span class='ocrx_word' id='word_1_206' title='bbox 115 2270 248 2332; x_wconf 74' lang='grc' dir='ltr'>τοῦς</span> <span class='ocrx_word' id='word_1_207' title='bbox 306 2270 596 2340; x_wconf 78' lang='grc' dir='ltr'>ἐκλυθῆναι</span> <span class='ocrx_word' id='word_1_208' title='bbox 655 2273 1034 2341; x_wconf 77' lang='grc' dir='ltr'>παρελθόντων</span> <span class='ocrx_word' id='word_1_209' title='bbox 1102 2274 1343 2328; x_wconf 81' lang='grc' dir='ltr'>ἐκείνων.</span> <span class='ocrx_word' id='word_1_210' title='bbox 1416 2276 1797 2346; x_wconf 83' lang='grc' dir='ltr'>Παρεκάλεσεν</span> 
     </span>
    </p>
   </div>
   <div class='ocr_carea' id='block_1_27' title="bbox 118 2357 1798 2434">
    <p class='ocr_par' dir='ltr' id='par_1_27' title="bbox 118 2357 1798 2434">
     <span class='ocr_line' id='line_1_28' title="bbox 118 2357 1798 2434; baseline 0.004 -27"><span class='ocrx_word' id='word_1_211' title='bbox 118 2357 272 2425; x_wconf 74' lang='grc' dir='ltr'>ἡμᾶς</span> <span class='ocrx_word' id='word_1_212' title='bbox 300 2357 639 2426; x_wconf 83' lang='grc' dir='ltr'>ἀθυμοῦντας</span> <span class='ocrx_word' id='word_1_213' title='bbox 659 2359 803 2424; x_wconf 88' lang='grc' dir='ltr'>τότε,</span> <span class='ocrx_word' id='word_1_214' title='bbox 835 2361 1316 2432; x_wconf 87' lang='grc' dir='ltr'>εὐχαριστήσωμεν</span> <span class='ocrx_word' id='word_1_215' title='bbox 1346 2361 1491 2431; x_wconf 85' lang='grc' dir='ltr'>αύτῴ</span> <span class='ocrx_word' id='word_1_216' title='bbox 1519 2363 1798 2434; x_wconf 89' lang='grc' dir='ltr'>χαίροντες</span> 
     </span>
    </p>
   </div>
   <div class='ocr_carea' id='block_1_28' title="bbox 117 2444 1796 2522">
    <p class='ocr_par' dir='ltr' id='par_1_28' title="bbox 117 2444 1796 2522">
     <span class='ocr_line' id='line_1_29' title="bbox 117 2444 1796 2522; baseline 0.005 -28"><span class='ocrx_word' id='word_1_217' title='bbox 117 2444 246 2495; x_wconf 87' lang='grc' dir='ltr'>νῦν·</span> <span class='ocrx_word' id='word_1_218' title='bbox 280 2446 702 2515; x_wconf 85' lang='grc' dir='ltr'>παρεμυθήσατο</span> <span class='ocrx_word' id='word_1_219' title='bbox 731 2447 1092 2517; x_wconf 88' lang='grc' dir='ltr'>όδυνωμένους</span> <span class='ocrx_word' id='word_1_220' title='bbox 1149 2449 1243 2500; x_wconf 75' lang='grc' dir='ltr'>καὶ</span> <span class='ocrx_word' id='word_1_221' title='bbox 1283 2449 1342 2500; x_wconf 82' lang='grc' dir='ltr'>οὐ</span> <span class='ocrx_word' id='word_1_222' title='bbox 1375 2450 1674 2520; x_wconf 84' lang='grc' dir='ltr'>προέδωκε.</span> <span class='ocrx_word' id='word_1_223' title='bbox 1722 2453 1796 2522; x_wconf 79' lang='grc' dir='ltr'>μὴ</span> 
     </span>
    </p>
   </div>
   <div class='ocr_carea' id='block_1_29' title="bbox 118 2530 1797 2606">
    <p class='ocr_par' dir='ltr' id='par_1_29' title="bbox 118 2530 1797 2606">
     <span class='ocr_line' id='line_1_30' title="bbox 118 2530 1797 2606; baseline 0.005 -26"><span class='ocrx_word' id='word_1_224' title='bbox 118 2530 299 2582; x_wconf 80' lang='grc' dir='ltr'>τοίνυν</span> <span class='ocrx_word' id='word_1_225' title='bbox 326 2532 461 2601; x_wconf 77' lang='grc' dir='ltr'>μηδὲ</span> <span class='ocrx_word' id='word_1_226' title='bbox 484 2534 641 2602; x_wconf 88' lang='grc' dir='ltr'>ἡμεῖς</span> <span class='ocrx_word' id='word_1_227' title='bbox 672 2535 895 2598; x_wconf 73' lang='grc' dir='ltr'>ἐαυτοῦς</span> <span class='ocrx_word' id='word_1_228' title='bbox 924 2535 1349 2606; x_wconf 86' lang='grc' dir='ltr'>εὐθηνουμένους</span> <span class='ocrx_word' id='word_1_229' title='bbox 1395 2535 1797 2605; x_wconf 51' lang='grc' dir='ltr'>προδῶμενρίς</span> 
     </span>
    </p>
   </div>
   <div class='ocr_carea' id='block_1_30' title="bbox 121 2617 1792 2693">
    <p class='ocr_par' dir='ltr' id='par_1_30' title="bbox 121 2617 1792 2693">
     <span class='ocr_line' id='line_1_31' title="bbox 121 2617 1792 2693; baseline 0.005 -25"><span class='ocrx_word' id='word_1_230' title='bbox 121 2617 396 2687; x_wconf 75' lang='grc' dir='ltr'>ῥαθυμίαν</span> <span class='ocrx_word' id='word_1_231' title='bbox 445 2621 808 2684; x_wconf 81' lang='grc' dir='ltr'>ἐκκλίνοντες’</span> <span class='ocrx_word' id='word_1_232' title='bbox 848 2622 1161 2690; x_wconf 77' lang='grc' dir='ltr'>Μνήσθηει</span> <span class='ocrx_word' id='word_1_233' title='bbox 1195 2623 1302 2693; x_wconf 79' lang='grc' dir='ltr'>γὰρ</span> <span class='ocrx_word' id='word_1_234' title='bbox 1347 2622 1556 2689; x_wconf 75' lang='grc' dir='ltr'>καιρὸν</span> <span class='ocrx_word' id='word_1_235' title='bbox 1596 2622 1792 2691; x_wconf 74' lang='grc' dir='ltr'>λιμοῦ,</span> 
     </span>
    </p>
   </div>
   <div class='ocr_carea' id='block_1_31' title="bbox 121 2705 1796 2780">
    <p class='ocr_par' dir='ltr' id='par_1_31' title="bbox 121 2705 1796 2780">
     <span class='ocr_line' id='line_1_32' title="bbox 121 2705 1796 2780; baseline -0.005 -10"><span class='ocrx_word' id='word_1_236' title='bbox 121 2705 309 2772; x_wconf 70' lang='grc' dir='ltr'>φησὶν,</span> <span class='ocrx_word' id='word_1_237' title='bbox 347 2705 416 2756; x_wconf 76' lang='grc' dir='ltr'>ἐν</span> <span class='ocrx_word' id='word_1_238' title='bbox 457 2706 642 2775; x_wconf 68' lang='grc' dir='ltr'>ἰἰμέρςῑ</span> <span class='ocrx_word' id='word_1_239' title='bbox 671 2709 1052 2777; x_wconf 79' lang='grc' dir='ltr'>πλησμονῆς.</span> <span class='ocrx_word' id='word_1_240' title='bbox 1090 2709 1434 2780; x_wconf 81' lang='grc' dir='ltr'>Μνησθῶμεν</span> <span class='ocrx_word' id='word_1_241' title='bbox 1467 2705 1558 2762; x_wconf 76' lang='grc' dir='ltr'>οῦν</span> <span class='ocrx_word' id='word_1_242' title='bbox 1606 2709 1796 2780; x_wconf 83' lang='grc' dir='ltr'>καιρὸν</span> 
     </span>
    </p>
   </div>
   <div class='ocr_carea' id='block_1_32' title="bbox 121 2790 1794 2868">
    <p class='ocr_par' dir='ltr' id='par_1_32' title="bbox 121 2790 1794 2868">
     <span class='ocr_line' id='line_1_33' title="bbox 121 2790 1794 2868; baseline 0.003 -24"><span class='ocrx_word' id='word_1_243' title='bbox 121 2790 432 2862; x_wconf 71' lang='grc' dir='ltr'>πειρασμοῦ</span> <span class='ocrx_word' id='word_1_244' title='bbox 477 2794 569 2846; x_wconf 74' lang='grc' dir='ltr'>καὶ</span> <span class='ocrx_word' id='word_1_245' title='bbox 605 2796 762 2864; x_wconf 80' lang='grc' dir='ltr'>ἡμεῖς</span> <span class='ocrx_word' id='word_1_246' title='bbox 792 2796 847 2848; x_wconf 88' lang='grc' dir='ltr'>ἐν</span> <span class='ocrx_word' id='word_1_247' title='bbox 889 2797 1070 2868; x_wconf 76' lang='grc' dir='ltr'>ἡμέρα</span> <span class='ocrx_word' id='word_1_248' title='bbox 1112 2797 1372 2860; x_wconf 88' lang='grc' dir='ltr'>ἀνέσεως·</span> <span class='ocrx_word' id='word_1_249' title='bbox 1431 2798 1524 2849; x_wconf 76' lang='grc' dir='ltr'>καὶ</span> <span class='ocrx_word' id='word_1_250' title='bbox 1563 2798 1654 2848; x_wconf 79' lang='grc' dir='ltr'>ἐπὶ</span> <span class='ocrx_word' id='word_1_251' title='bbox 1686 2797 1794 2850; x_wconf 82' lang='grc' dir='ltr'>τῶν</span> 
     </span>
    </p>
   </div>
   <div class='ocr_carea' id='block_1_33' title="bbox 122 2879 1797 2956">
    <p class='ocr_par' dir='ltr' id='par_1_33' title="bbox 122 2879 1797 2956">
     <span class='ocr_line' id='line_1_34' title="bbox 122 2879 1797 2956; baseline 0.005 -26"><span class='ocrx_word' id='word_1_252' title='bbox 122 2879 537 2950; x_wconf 78' lang='grc' dir='ltr'>ἁμαρτημάτων</span> <span class='ocrx_word' id='word_1_253' title='bbox 569 2881 627 2934; x_wconf 88' lang='grc' dir='ltr'>δέ</span> <span class='ocrx_word' id='word_1_254' title='bbox 661 2883 720 2935; x_wconf 82' lang='grc' dir='ltr'>τὸ</span> <span class='ocrx_word' id='word_1_255' title='bbox 753 2883 883 2936; x_wconf 90' lang='grc' dir='ltr'>αὐτὸ</span> <span class='ocrx_word' id='word_1_256' title='bbox 912 2885 1068 2937; x_wconf 82' lang='grc' dir='ltr'>τοῦτο</span> <span class='ocrx_word' id='word_1_257' title='bbox 1097 2885 1360 2955; x_wconf 87' lang='grc' dir='ltr'>ποιῶμεν.</span> <span class='ocrx_word' id='word_1_258' title='bbox 1397 2885 1513 2938; x_wconf 80' lang='grc' dir='ltr'>Κᾶν</span> <span class='ocrx_word' id='word_1_259' title='bbox 1548 2885 1797 2956; x_wconf 78' lang='grc' dir='ltr'>ἁμάρτῃς</span> 
     </span>
    </p>
   </div>
   <div class='ocr_carea' id='block_1_34' title="bbox 121 2967 1798 3043">
    <p class='ocr_par' dir='ltr' id='par_1_34' title="bbox 121 2967 1798 3043">
     <span class='ocr_line' id='line_1_35' title="bbox 121 2967 1798 3043; baseline 0.005 -27"><span class='ocrx_word' id='word_1_260' title='bbox 121 2967 220 3017; x_wconf 69' lang='grc' dir='ltr'>καὶ</span> <span class='ocrx_word' id='word_1_261' title='bbox 281 2970 611 3040; x_wconf 83' lang='grc' dir='ltr'>συγχωρήσῃ</span> <span class='ocrx_word' id='word_1_262' title='bbox 654 2988 734 3023; x_wconf 90' lang='grc' dir='ltr'>σοι</span> <span class='ocrx_word' id='word_1_263' title='bbox 785 2971 884 3042; x_wconf 86' lang='grc' dir='ltr'>τὴν</span> <span class='ocrx_word' id='word_1_264' title='bbox 939 2973 1214 3042; x_wconf 74' lang='grc' dir='ltr'>ἁμαρτίαν</span> <span class='ocrx_word' id='word_1_265' title='bbox 1269 2974 1296 3024; x_wconf 90' lang='grc' dir='ltr'>ό</span> <span class='ocrx_word' id='word_1_266' title='bbox 1345 2972 1496 3036; x_wconf 85' lang='grc' dir='ltr'>Θεὸς,</span> <span class='ocrx_word' id='word_1_267' title='bbox 1549 2972 1647 3043; x_wconf 77' lang='grc' dir='ltr'>τὴν</span> <span class='ocrx_word' id='word_1_268' title='bbox 1701 2973 1798 3040; x_wconf 82' lang='grc' dir='ltr'>μὲν</span> 
     </span>
    </p>
   </div>
   <div class='ocr_carea' id='block_1_35' title="bbox 125 3053 1801 3130">
    <p class='ocr_par' dir='ltr' id='par_1_35' title="bbox 125 3053 1801 3130">
     <span class='ocr_line' id='line_1_36' title="bbox 125 3053 1801 3130; baseline 0.001 -20"><span class='ocrx_word' id='word_1_269' title='bbox 125 3053 470 3124; x_wconf 71' lang='grc' dir='ltr'>συγχώρησιν</span> <span class='ocrx_word' id='word_1_270' title='bbox 492 3058 637 3123; x_wconf 77' lang='grc' dir='ltr'>δέξαι</span> <span class='ocrx_word' id='word_1_271' title='bbox 695 3060 789 3112; x_wconf 71' lang='grc' dir='ltr'>καὶ</span> <span class='ocrx_word' id='word_1_272' title='bbox 843 3060 1254 3130; x_wconf 79' lang='grc' dir='ltr'>εὐχαρίστησον,</span> <span class='ocrx_word' id='word_1_273' title='bbox 1287 3060 1387 3128; x_wconf 88' lang='grc' dir='ltr'>τῆς</span> <span class='ocrx_word' id='word_1_274' title='bbox 1426 3060 1482 3112; x_wconf 85' lang='grc' dir='ltr'>δέ</span> <span class='ocrx_word' id='word_1_275' title='bbox 1525 3061 1801 3130; x_wconf 87' lang='grc' dir='ltr'>ἁμαρτίας</span> 
     </span>
    </p>
   </div>
   <div class='ocr_carea' id='block_1_36' title="bbox 127 3142 1798 3220">
    <p class='ocr_par' dir='ltr' id='par_1_36' title="bbox 127 3142 1798 3220">
     <span class='ocr_line' id='line_1_37' title="bbox 127 3142 1798 3220; baseline 0.004 -27"><span class='ocrx_word' id='word_1_276' title='bbox 127 3142 204 3213; x_wconf 82' lang='grc' dir='ltr'>μὴ</span> <span class='ocrx_word' id='word_1_277' title='bbox 246 3145 493 3216; x_wconf 79' lang='grc' dir='ltr'>ἐπιλάθῃ,</span> <span class='ocrx_word' id='word_1_278' title='bbox 523 3149 618 3217; x_wconf 82' lang='grc' dir='ltr'>οὐχ</span> <span class='ocrx_word' id='word_1_279' title='bbox 665 3148 752 3200; x_wconf 84' lang='grc' dir='ltr'>ἵνα</span> <span class='ocrx_word' id='word_1_280' title='bbox 799 3149 990 3202; x_wconf 87' lang='grc' dir='ltr'>σαυτὸν</span> <span class='ocrx_word' id='word_1_281' title='bbox 1030 3148 1378 3220; x_wconf 80' lang='grc' dir='ltr'>κατατρύχης</span> <span class='ocrx_word' id='word_1_282' title='bbox 1419 3149 1496 3220; x_wconf 82' lang='grc' dir='ltr'>τῷ</span> <span class='ocrx_word' id='word_1_283' title='bbox 1534 3148 1798 3218; x_wconf 79' lang='grc' dir='ltr'>λογισμῷ,</span> 
     </span>
    </p>
   </div>
   <div class='ocr_carea' id='block_1_37' title="bbox 124 3231 1800 3307">
    <p class='ocr_par' dir='ltr' id='par_1_37' title="bbox 124 3231 1800 3307">
     <span class='ocr_line' id='line_1_38' title="bbox 124 3231 1800 3307; baseline 0.003 -24"><span class='ocrx_word' id='word_1_284' title='bbox 124 3231 242 3283; x_wconf 84' lang='grc' dir='ltr'>ἀλλ’</span> <span class='ocrx_word' id='word_1_285' title='bbox 280 3232 364 3285; x_wconf 83' lang='grc' dir='ltr'>ἵνα</span> <span class='ocrx_word' id='word_1_286' title='bbox 397 3235 494 3304; x_wconf 80' lang='grc' dir='ltr'>τὴν</span> <span class='ocrx_word' id='word_1_287' title='bbox 533 3235 709 3306; x_wconf 70' lang='grc' dir='ltr'>ψυχὴν</span> <span class='ocrx_word' id='word_1_288' title='bbox 761 3235 1056 3306; x_wconf 80' lang='grc' dir='ltr'>παιδεύσῃς</span> <span class='ocrx_word' id='word_1_289' title='bbox 1099 3236 1172 3306; x_wconf 78' lang='grc' dir='ltr'>μὴ</span> <span class='ocrx_word' id='word_1_290' title='bbox 1205 3238 1431 3306; x_wconf 78' lang='grc' dir='ltr'>σκιρτᾷν</span> <span class='ocrx_word' id='word_1_291' title='bbox 1474 3237 1608 3307; x_wconf 85' lang='grc' dir='ltr'>μηδὲ</span> <span class='ocrx_word' id='word_1_292' title='bbox 1643 3253 1800 3306; x_wconf 84' lang='grc' dir='ltr'>περι-</span> 
     </span>
    </p>
   </div>
   <div class='ocr_carea' id='block_1_38' title="bbox 127 3320 1798 3391">
    <p class='ocr_par' dir='ltr' id='par_1_38' title="bbox 127 3320 1798 3391">
     <span class='ocr_line' id='line_1_39' title="bbox 127 3320 1798 3391; baseline 0.002 -21"><span class='ocrx_word' id='word_1_293' title='bbox 127 3320 350 3372; x_wconf 85' lang='grc' dir='ltr'>πίπτειν</span> <span class='ocrx_word' id='word_1_294' title='bbox 381 3321 538 3374; x_wconf 84' lang='grc' dir='ltr'>πάλιν</span> <span class='ocrx_word' id='word_1_295' title='bbox 560 3326 672 3384; x_wconf 85' lang='grc' dir='ltr'>τοῖς</span> <span class='ocrx_word' id='word_1_296' title='bbox 694 3323 891 3385; x_wconf 88' lang='grc' dir='ltr'>αὐτοῖς.</span> <span class='ocrx_word' id='word_1_297' title='bbox 923 3322 1076 3375; x_wconf 76' lang='grc' dir='ltr'>Οὕτω</span> <span class='ocrx_word' id='word_1_298' title='bbox 1104 3325 1195 3376; x_wconf 67' lang='grc' dir='ltr'>καὶ</span> <span class='ocrx_word' id='word_1_299' title='bbox 1221 3325 1248 3376; x_wconf 87' lang='grc' dir='ltr'>ό</span> <span class='ocrx_word' id='word_1_300' title='bbox 1273 3323 1485 3386; x_wconf 80' lang='grc' dir='ltr'>Παῦλος</span> <span class='ocrx_word' id='word_1_301' title='bbox 1510 3323 1764 3391; x_wconf 85' lang='grc' dir='ltr'>ἐποίησεν</span> <span class='ocrx_word' id='word_1_302' title='bbox 1784 3340 1798 3354; x_wconf 86' lang='grc'><strong>·</strong></span> 
     </span>
    </p>
   </div>
   <div class='ocr_carea' id='block_1_39' title="bbox 126 3407 1802 3479">
    <p class='ocr_par' dir='ltr' id='par_1_39' title="bbox 126 3407 1802 3479">
     <span class='ocr_line' id='line_1_40' title="bbox 126 3407 1802 3479; baseline 0.002 -21"><span class='ocrx_word' id='word_1_303' title='bbox 126 3407 300 3459; x_wconf 83' lang='grc' dir='ltr'>είπὼν</span> <span class='ocrx_word' id='word_1_304' title='bbox 326 3409 432 3479; x_wconf 77' lang='grc' dir='ltr'>γάρ</span> <span class='ocrx_word' id='word_1_305' title='bbox 465 3410 564 3470; x_wconf 77' lang='grc' dir='ltr'>ὅτι,</span> <span class='ocrx_word' id='word_1_306' title='bbox 599 3413 823 3463; x_wconf 80' lang='grc' dir='ltr'>Πιστόν</span> <span class='ocrx_word' id='word_1_307' title='bbox 849 3427 926 3477; x_wconf 80' lang='grc' dir='ltr'>με</span> <span class='ocrx_word' id='word_1_308' title='bbox 967 3409 1238 3478; x_wconf 69' lang='grc' dir='ltr'>ἡγήσατο</span> <span class='ocrx_word' id='word_1_309' title='bbox 1266 3409 1514 3478; x_wconf 84' lang='grc' dir='ltr'>θέμενος</span> <span class='ocrx_word' id='word_1_310' title='bbox 1550 3413 1638 3475; x_wconf 81' lang='grc' dir='ltr'>εἰς</span> <span class='ocrx_word' id='word_1_311' title='bbox 1673 3409 1802 3462; x_wconf 78' lang='grc' dir='ltr'>δια-</span> 
     </span>
    </p>
   </div>
   <div class='ocr_carea' id='block_1_40' title="bbox 125 3496 1804 3566">
    <p class='ocr_par' dir='ltr' id='par_1_40' title="bbox 125 3496 1804 3566">
     <span class='ocr_line' id='line_1_41' title="bbox 125 3496 1804 3566; baseline 0.005 -21"><span class='ocrx_word' id='word_1_312' title='bbox 125 3496 362 3557; x_wconf 79' lang='grc' dir='ltr'>κονίαν,</span> <span class='ocrx_word' id='word_1_313' title='bbox 416 3498 685 3566; x_wconf 88' lang='grc' dir='ltr'>ἐπήγαγε.</span> <span class='ocrx_word' id='word_1_314' title='bbox 744 3498 858 3550; x_wconf 82' lang='grc' dir='ltr'>Τὸν</span> <span class='ocrx_word' id='word_1_315' title='bbox 898 3498 1185 3565; x_wconf 79' lang='grc' dir='ltr'>πρότερον</span> <span class='ocrx_word' id='word_1_316' title='bbox 1235 3497 1378 3550; x_wconf 83' lang='grc' dir='ltr'>ὄντα</span> <span class='ocrx_word' id='word_1_317' title='bbox 1425 3496 1804 3564; x_wconf 62' lang='grc' dir='ltr'>,ϐλάσφημον</span> 
     </span>
    </p>
   </div>
   <div class='ocr_carea' id='block_1_41' title="bbox 127 3581 1804 3653">
    <p class='ocr_par' dir='ltr' id='par_1_41' title="bbox 127 3581 1804 3653">
     <span class='ocr_line' id='line_1_42' title="bbox 127 3581 1804 3653; baseline 0.002 -21"><span class='ocrx_word' id='word_1_318' title='bbox 127 3581 229 3633; x_wconf 76' lang='grc' dir='ltr'>παὶ</span> <span class='ocrx_word' id='word_1_319' title='bbox 269 3581 523 3650; x_wconf 81' lang='grc' dir='ltr'>διώκτην</span> <span class='ocrx_word' id='word_1_320' title='bbox 549 3585 643 3636; x_wconf 77' lang='grc' dir='ltr'>καὶ</span> <span class='ocrx_word' id='word_1_321' title='bbox 676 3584 986 3652; x_wconf 69' lang='grc' dir='ltr'>ὑϐριστήν.</span> <span class='ocrx_word' id='word_1_322' title='bbox 1033 3584 1522 3652; x_wconf 82' lang='grc' dir='ltr'>Ἐκπομπευέσθω,</span> <span class='ocrx_word' id='word_1_323' title='bbox 1561 3583 1745 3653; x_wconf 67' lang='grc' dir='ltr'>φησὶν,</span> <span class='ocrx_word' id='word_1_324' title='bbox 1777 3585 1804 3636; x_wconf 92' lang='grc' dir='ltr'>ό</span> 
     </span>
    </p>
   </div>
   <div class='ocr_carea' id='block_1_42' title="bbox 130 3667 1801 3742">
    <p class='ocr_par' dir='ltr' id='par_1_42' title="bbox 130 3667 1801 3742">
     <span class='ocr_line' id='line_1_43' title="bbox 130 3667 1801 3742; baseline 0.002 -22"><span class='ocrx_word' id='word_1_325' title='bbox 130 3667 247 3737; x_wconf 79' lang='grc' dir='ltr'>βίος</span> <span class='ocrx_word' id='word_1_326' title='bbox 268 3669 360 3722; x_wconf 87' lang='grc' dir='ltr'>τοῦ</span> <span class='ocrx_word' id='word_1_327' title='bbox 385 3671 723 3730; x_wconf 81' lang='grc' dir='ltr'>οἰκέτου,ἴνα</span> <span class='ocrx_word' id='word_1_328' title='bbox 746 3676 882 3742; x_wconf 80' lang='grc' dir='ltr'>φανῇ</span> <span class='ocrx_word' id='word_1_329' title='bbox 910 3673 942 3742; x_wconf 88' lang='grc' dir='ltr'>ἡ</span> <span class='ocrx_word' id='word_1_330' title='bbox 978 3670 1352 3741; x_wconf 73' lang='grc' dir='ltr'>φιλανθρωπία</span> <span class='ocrx_word' id='word_1_331' title='bbox 1383 3671 1475 3722; x_wconf 84' lang='grc' dir='ltr'>τοῦ</span> <span class='ocrx_word' id='word_1_332' title='bbox 1505 3669 1801 3724; x_wconf 84' lang='grc' dir='ltr'>Δεσπότου.</span> 
     </span>
    </p>
   </div>
   <div class='ocr_carea' id='block_1_43' title="bbox 130 3754 1806 3829">
    <p class='ocr_par' dir='ltr' id='par_1_43' title="bbox 130 3754 1806 3829">
     <span class='ocr_line' id='line_1_44' title="bbox 130 3754 1806 3829; baseline 0.002 -23"><span class='ocrx_word' id='word_1_333' title='bbox 130 3755 194 3806; x_wconf 81' lang='grc' dir='ltr'>ΕΞ</span> <span class='ocrx_word' id='word_1_334' title='bbox 218 3754 325 3827; x_wconf 77' lang='grc' dir='ltr'>γάρ</span> <span class='ocrx_word' id='word_1_335' title='bbox 354 3757 446 3810; x_wconf 69' lang='grc' dir='ltr'>καὶ</span> <span class='ocrx_word' id='word_1_336' title='bbox 487 3759 832 3829; x_wconf 81' lang='grc' dir='ltr'>συγχώρησιν</span> <span class='ocrx_word' id='word_1_337' title='bbox 859 3760 1044 3812; x_wconf 73' lang='grc' dir='ltr'>ἔλαϐον</span> <span class='ocrx_word' id='word_1_338' title='bbox 1073 3758 1180 3810; x_wconf 86' lang='grc' dir='ltr'>τῶν</span> <span class='ocrx_word' id='word_1_339' title='bbox 1211 3757 1642 3829; x_wconf 83' lang='grc' dir='ltr'>ἁμαρτημάτων,</span> <span class='ocrx_word' id='word_1_340' title='bbox 1673 3756 1806 3810; x_wconf 90' lang='grc' dir='ltr'>ἀλλά</span> 
     </span>
    </p>
   </div>
   <div class='ocr_carea' id='block_1_44' title="bbox 127 3844 1803 3916">
    <p class='ocr_par' dir='ltr' id='par_1_44' title="bbox 127 3844 1803 3916">
     <span class='ocr_line' id='line_1_45' title="bbox 127 3844 1803 3916; baseline 0.002 -22"><span class='ocrx_word' id='word_1_341' title='bbox 127 3845 230 3914; x_wconf 76' lang='grc' dir='ltr'>τὴν</span> <span class='ocrx_word' id='word_1_342' title='bbox 268 3847 485 3916; x_wconf 87' lang='grc' dir='ltr'>μνήμην</span> <span class='ocrx_word' id='word_1_343' title='bbox 525 3846 624 3898; x_wconf 90' lang='grc' dir='ltr'>οὐκ</span> <span class='ocrx_word' id='word_1_344' title='bbox 663 3846 906 3899; x_wconf 70' lang='grc' dir='ltr'>ἐκϐάλλω</span> <span class='ocrx_word' id='word_1_345' title='bbox 947 3847 1053 3898; x_wconf 85' lang='grc' dir='ltr'>τῶν</span> <span class='ocrx_word' id='word_1_346' title='bbox 1095 3845 1525 3914; x_wconf 85' lang='grc' dir='ltr'>ἁμαρτημάτων.</span> <span class='ocrx_word' id='word_1_347' title='bbox 1579 3845 1653 3897; x_wconf 85' lang='grc' dir='ltr'>Οὐ</span> <span class='ocrx_word' id='word_1_348' title='bbox 1712 3844 1803 3898; x_wconf 86' lang='grc' dir='ltr'>τοῦ</span> 
     </span>
    </p>
   </div>
   <div class='ocr_carea' id='block_1_45' title="bbox 131 3931 1804 4003">
    <p class='ocr_par' dir='ltr' id='par_1_45' title="bbox 131 3931 1804 4003">
     <span class='ocr_line' id='line_1_46' title="bbox 131 3931 1804 4003; baseline 0.001 -22"><span class='ocrx_word' id='word_1_349' title='bbox 131 3931 405 3984; x_wconf 83' lang='grc' dir='ltr'>Δεσπότου</span> <span class='ocrx_word' id='word_1_350' title='bbox 449 3932 504 3984; x_wconf 70' lang='grc' dir='ltr'>δὲ</span> <span class='ocrx_word' id='word_1_351' title='bbox 548 3931 644 4003; x_wconf 84' lang='grc' dir='ltr'>τὴν</span> <span class='ocrx_word' id='word_1_352' title='bbox 697 3933 1102 4002; x_wconf 67' lang='grc' dir='ltr'>φιλανθρωπίαν</span> <span class='ocrx_word' id='word_1_353' title='bbox 1144 3932 1350 3985; x_wconf 77' lang='grc' dir='ltr'>ἐδείκνυ</span> <span class='ocrx_word' id='word_1_354' title='bbox 1404 3932 1562 3984; x_wconf 87' lang='grc' dir='ltr'>τοῦτο</span> <span class='ocrx_word' id='word_1_355' title='bbox 1613 3931 1804 4000; x_wconf 87' lang='grc' dir='ltr'>μόνον,</span> 
     </span>
    </p>
   </div>
   <div class='ocr_carea' id='block_1_46' title="bbox 127 4015 1810 4091">
    <p class='ocr_par' dir='ltr' id='par_1_46' title="bbox 127 4015 1810 4091">
     <span class='ocr_line' id='line_1_47' title="bbox 127 4015 1810 4091; baseline 0.002 -24"><span class='ocrx_word' id='word_1_356' title='bbox 127 4015 271 4067; x_wconf 82' lang='grc' dir='ltr'>ἀλλά</span> <span class='ocrx_word' id='word_1_357' title='bbox 299 4019 550 4070; x_wconf 80' lang='grc' dir='ltr'>κάκεῖνον</span> <span class='ocrx_word' id='word_1_358' title='bbox 579 4018 954 4091; x_wconf 80' lang='grc' dir='ltr'>λαμπρότερον</span> <span class='ocrx_word' id='word_1_359' title='bbox 981 4018 1172 4071; x_wconf 81' lang='grc' dir='ltr'>ἐποίει.</span> <span class='ocrx_word' id='word_1_360' title='bbox 1201 4019 1366 4071; x_wconf 88' lang='grc' dir='ltr'>Ὅταν</span> <span class='ocrx_word' id='word_1_361' title='bbox 1393 4018 1500 4088; x_wconf 81' lang='grc' dir='ltr'>γάρ</span> <span class='ocrx_word' id='word_1_362' title='bbox 1526 4018 1702 4088; x_wconf 82' lang='grc' dir='ltr'>μάθῃς</span> <span class='ocrx_word' id='word_1_363' title='bbox 1725 4020 1810 4082; x_wconf 90' lang='grc' dir='ltr'>τίς</span> 
     </span>
    </p>
   </div>
   <div class='ocr_carea' id='block_1_47' title="bbox 128 4099 1809 4175">
    <p class='ocr_par' dir='ltr' id='par_1_47' title="bbox 128 4099 1809 4175">
     <span class='ocr_line' id='line_1_48' title="bbox 128 4099 1809 4175; baseline 0.002 -20"><span class='ocrx_word' id='word_1_364' title='bbox 128 4101 199 4173; x_wconf 76' lang='grc' dir='ltr'>ἦν</span> <span class='ocrx_word' id='word_1_365' title='bbox 233 4105 564 4174; x_wconf 72' lang='grc' dir='ltr'>ἔμπροσθεν,</span> <span class='ocrx_word' id='word_1_366' title='bbox 591 4107 710 4158; x_wconf 67' lang='grc' dir='ltr'>τότε</span> <span class='ocrx_word' id='word_1_367' title='bbox 750 4107 912 4159; x_wconf 83' lang='grc' dir='ltr'>αὐτὸν</span> <span class='ocrx_word' id='word_1_368' title='bbox 953 4106 1255 4175; x_wconf 84' lang='grc' dir='ltr'>θαυμάσεις</span> <span class='ocrx_word' id='word_1_369' title='bbox 1298 4105 1490 4158; x_wconf 77' lang='grc' dir='ltr'>πλέον’</span> <span class='ocrx_word' id='word_1_370' title='bbox 1543 4099 1635 4158; x_wconf 70' lang='grc' dir='ltr'>καὶ</span> <span class='ocrx_word' id='word_1_371' title='bbox 1681 4107 1809 4158; x_wconf 79' lang='grc' dir='ltr'>ὅταν</span> 
     </span>
    </p>
   </div>
   <div class='ocr_carea' id='block_1_48' title="bbox 133 4191 1806 4263">
    <p class='ocr_par' dir='ltr' id='par_1_48' title="bbox 133 4191 1806 4263">
     <span class='ocr_line' id='line_1_49' title="bbox 133 4191 1806 4263; baseline 0.003 -23"><span class='ocrx_word' id='word_1_372' title='bbox 133 4191 251 4261; x_wconf 85' lang='grc' dir='ltr'>ἱδῃς</span> <span class='ocrx_word' id='word_1_373' title='bbox 278 4194 342 4244; x_wconf 85' lang='grc' dir='ltr'>ἐκ</span> <span class='ocrx_word' id='word_1_374' title='bbox 365 4194 504 4254; x_wconf 87' lang='grc' dir='ltr'>τίνος</span> <span class='ocrx_word' id='word_1_375' title='bbox 528 4195 610 4256; x_wconf 89' lang='grc' dir='ltr'>τίς</span> <span class='ocrx_word' id='word_1_376' title='bbox 636 4195 869 4261; x_wconf 86' lang='grc' dir='ltr'>ἐγένετο,</span> <span class='ocrx_word' id='word_1_377' title='bbox 902 4194 1020 4246; x_wconf 82' lang='grc' dir='ltr'>τότε</span> <span class='ocrx_word' id='word_1_378' title='bbox 1062 4194 1221 4246; x_wconf 77' lang='grc' dir='ltr'>αὐτὸν</span> <span class='ocrx_word' id='word_1_379' title='bbox 1249 4193 1480 4263; x_wconf 77' lang='grc' dir='ltr'>ἀποδέξῃ</span> <span class='ocrx_word' id='word_1_380' title='bbox 1511 4192 1771 4263; x_wconf 79' lang='grc' dir='ltr'>μειζόνως</span> <span class='ocrx_word' id='word_1_381' title='bbox 1794 4211 1806 4223; x_wconf 92' lang='grc'><strong>·</strong></span> 
     </span>
    </p>
   </div>
   <div class='ocr_carea' id='block_1_49' title="bbox 131 4275 1808 4350">
    <p class='ocr_par' dir='ltr' id='par_1_49' title="bbox 131 4275 1808 4350">
     <span class='ocr_line' id='line_1_50' title="bbox 131 4275 1808 4350; baseline 0.001 -20"><span class='ocrx_word' id='word_1_382' title='bbox 131 4280 236 4330; x_wconf 78' lang='grc' dir='ltr'>κ’Ξν</span> <span class='ocrx_word' id='word_1_383' title='bbox 265 4279 472 4347; x_wconf 85' lang='grc' dir='ltr'>μεγάλα</span> <span class='ocrx_word' id='word_1_384' title='bbox 495 4275 559 4349; x_wconf 81' lang='grc' dir='ltr'>ᾗς</span> <span class='ocrx_word' id='word_1_385' title='bbox 587 4279 940 4350; x_wconf 81' lang='grc' dir='ltr'>ἡμαρτηκὼς.</span> <span class='ocrx_word' id='word_1_386' title='bbox 969 4280 1214 4350; x_wconf 68' lang='grc' dir='ltr'>χρηστὰς</span> <span class='ocrx_word' id='word_1_387' title='bbox 1257 4279 1400 4344; x_wconf 71' lang='grc' dir='ltr'>ἕξεις</span> <span class='ocrx_word' id='word_1_388' title='bbox 1426 4277 1676 4331; x_wconf 85' lang='grc' dir='ltr'>ἐντεῦθεν</span> <span class='ocrx_word' id='word_1_389' title='bbox 1710 4279 1808 4341; x_wconf 75' lang='grc' dir='ltr'>τάς</span> 
     </span>
    </p>
   </div>
   <div class='ocr_carea' id='block_1_50' title="bbox 132 4365 1812 4437">
    <p class='ocr_par' dir='ltr' id='par_1_50' title="bbox 132 4365 1812 4437">
     <span class='ocr_line' id='line_1_51' title="bbox 132 4365 1812 4437; baseline 0 -19"><span class='ocrx_word' id='word_1_390' title='bbox 132 4365 355 4427; x_wconf 79' lang='grc' dir='ltr'>ἐλπίδας</span> <span class='ocrx_word' id='word_1_391' title='bbox 387 4367 867 4436; x_wconf 71' lang='grc' dir='ltr'>μεταϐαλλόμενος·</span> <span class='ocrx_word' id='word_1_392' title='bbox 913 4367 1047 4436; x_wconf 86' lang='grc' dir='ltr'>πρὸς</span> <span class='ocrx_word' id='word_1_393' title='bbox 1071 4366 1176 4437; x_wconf 75' lang='grc' dir='ltr'>γαρ</span> <span class='ocrx_word' id='word_1_394' title='bbox 1217 4369 1324 4429; x_wconf 88' lang='grc' dir='ltr'>τοῖς</span> <span class='ocrx_word' id='word_1_395' title='bbox 1359 4366 1686 4437; x_wconf 77' lang='grc' dir='ltr'>εἰρημένοις,</span> <span class='ocrx_word' id='word_1_396' title='bbox 1720 4367 1812 4418; x_wconf 77' lang='grc' dir='ltr'>καὶ</span> 
     </span>
    </p>
   </div>
   <div class='ocr_carea' id='block_1_51' title="bbox 133 4453 1814 4524">
    <p class='ocr_par' dir='ltr' id='par_1_51' title="bbox 133 4453 1814 4524">
     <span class='ocr_line' id='line_1_52' title="bbox 133 4453 1814 4524; baseline 0 -20"><span class='ocrx_word' id='word_1_397' title='bbox 133 4455 259 4515; x_wconf 70' lang='grc' dir='ltr'>τοὺς</span> <span class='ocrx_word' id='word_1_398' title='bbox 294 4457 350 4505; x_wconf 90' lang='grc' dir='ltr'>ἐν</span> <span class='ocrx_word' id='word_1_399' title='bbox 391 4454 698 4522; x_wconf 77' lang='grc' dir='ltr'>ἀπογνώσει</span> <span class='ocrx_word' id='word_1_400' title='bbox 742 4455 801 4506; x_wconf 90' lang='grc' dir='ltr'>τὸ</span> <span class='ocrx_word' id='word_1_401' title='bbox 847 4455 1149 4524; x_wconf 79' lang='grc' dir='ltr'>ὑπόδειγμα</span> <span class='ocrx_word' id='word_1_402' title='bbox 1183 4453 1340 4506; x_wconf 89' lang='grc' dir='ltr'>τοῦτο</span> <span class='ocrx_word' id='word_1_403' title='bbox 1387 4453 1692 4523; x_wconf 87' lang='grc' dir='ltr'>παρακαλεῖ</span> <span class='ocrx_word' id='word_1_404' title='bbox 1721 4454 1814 4506; x_wconf 74' lang='grc' dir='ltr'>καὶ</span> 
     </span>
    </p>
   </div>
   <div class='ocr_carea' id='block_1_52' title="bbox 133 4539 1812 4614">
    <p class='ocr_par' dir='ltr' id='par_1_52' title="bbox 133 4539 1812 4614">
     <span class='ocr_line' id='line_1_53' title="bbox 133 4539 1812 4614; baseline 0.001 -23"><span class='ocrx_word' id='word_1_405' title='bbox 133 4540 458 4593; x_wconf 86' lang='grc' dir='ltr'>ἀνίστασθαι</span> <span class='ocrx_word' id='word_1_406' title='bbox 500 4545 661 4596; x_wconf 86' lang='grc' dir='ltr'>ποιεῖ.</span> <span class='ocrx_word' id='word_1_407' title='bbox 694 4541 870 4614; x_wconf 84' lang='grc' dir='ltr'>Ὅπερ</span> <span class='ocrx_word' id='word_1_408' title='bbox 904 4539 995 4595; x_wconf 70' lang='grc' dir='ltr'>οὖν</span> <span class='ocrx_word' id='word_1_409' title='bbox 1039 4543 1130 4594; x_wconf 78' lang='grc' dir='ltr'>καὶ</span> <span class='ocrx_word' id='word_1_410' title='bbox 1158 4542 1250 4593; x_wconf 69' lang='grc' dir='ltr'>ἐπὶ</span> <span class='ocrx_word' id='word_1_411' title='bbox 1281 4542 1376 4610; x_wconf 86' lang='grc' dir='ltr'>τῆς</span> <span class='ocrx_word' id='word_1_412' title='bbox 1408 4541 1617 4603; x_wconf 87' lang='grc' dir='ltr'>πόλεως</span> <span class='ocrx_word' id='word_1_413' title='bbox 1659 4540 1812 4594; x_wconf 72' lang='grc' dir='ltr'>ἔσται</span> 
     </span>
    </p>
   </div>
   <div class='ocr_carea' id='block_1_53' title="bbox 135 4627 1811 4701">
    <p class='ocr_par' dir='ltr' id='par_1_53' title="bbox 135 4627 1811 4701">
     <span class='ocr_line' id='line_1_54' title="bbox 135 4627 1811 4701; baseline 0 -21"><span class='ocrx_word' id='word_1_414' title='bbox 135 4627 239 4696; x_wconf 81' lang='grc' dir='ltr'>τῆς</span> <span class='ocrx_word' id='word_1_415' title='bbox 275 4628 578 4698; x_wconf 84' lang='grc' dir='ltr'>ἡμετέρας·</span> <span class='ocrx_word' id='word_1_416' title='bbox 622 4629 689 4681; x_wconf 73' lang='grc' dir='ltr'>τά</span> <span class='ocrx_word' id='word_1_417' title='bbox 717 4629 826 4701; x_wconf 71' lang='grc' dir='ltr'>γὰρ</span> <span class='ocrx_word' id='word_1_418' title='bbox 855 4630 1138 4700; x_wconf 71' lang='grc' dir='ltr'>συμεάντα</span> <span class='ocrx_word' id='word_1_419' title='bbox 1170 4630 1382 4682; x_wconf 74' lang='grc' dir='ltr'>ἅπαντα</span> <span class='ocrx_word' id='word_1_420' title='bbox 1413 4631 1510 4699; x_wconf 89' lang='grc' dir='ltr'>τήν</span> <span class='ocrx_word' id='word_1_421' title='bbox 1531 4646 1589 4681; x_wconf 87' lang='grc' dir='ltr'>τε</span> <span class='ocrx_word' id='word_1_422' title='bbox 1612 4629 1811 4701; x_wconf 76' lang='grc' dir='ltr'>ἀρετὴν</span> 
     </span>
    </p>
   </div>
   <div class='ocr_carea' id='block_1_54' title="bbox 136 4715 1812 4788">
    <p class='ocr_par' dir='ltr' id='par_1_54' title="bbox 136 4715 1812 4788">
     <span class='ocr_line' id='line_1_55' title="bbox 136 4715 1812 4788; baseline 0.001 -20"><span class='ocrx_word' id='word_1_423' title='bbox 136 4715 295 4784; x_wconf 81' lang='grc' dir='ltr'>ὑμῶν</span> <span class='ocrx_word' id='word_1_424' title='bbox 321 4716 579 4780; x_wconf 85' lang='grc' dir='ltr'>δείκνυσι,</span> <span class='ocrx_word' id='word_1_425' title='bbox 616 4718 952 4788; x_wconf 78' lang='grc' dir='ltr'>δυνηθέντων</span> <span class='ocrx_word' id='word_1_426' title='bbox 984 4718 1072 4770; x_wconf 76' lang='grc' dir='ltr'>διὰ</span> <span class='ocrx_word' id='word_1_427' title='bbox 1101 4718 1200 4788; x_wconf 80' lang='grc' dir='ltr'>τῆς</span> <span class='ocrx_word' id='word_1_428' title='bbox 1231 4717 1518 4787; x_wconf 86' lang='grc' dir='ltr'>μετανοίας</span> <span class='ocrx_word' id='word_1_429' title='bbox 1546 4717 1812 4786; x_wconf 78' lang='grc' dir='ltr'>τοσαύτην</span> 
     </span>
    </p>
   </div>
   <div class='ocr_carea' id='block_1_55' title="bbox 129 4801 1813 4875">
    <p class='ocr_par' dir='ltr' id='par_1_55' title="bbox 129 4801 1813 4875">
     <span class='ocr_line' id='line_1_56' title="bbox 129 4801 1813 4875; baseline 0.001 -21"><span class='ocrx_word' id='word_1_430' title='bbox 129 4801 305 4873; x_wconf 70' lang='grc' dir='ltr'>ὀργὴν</span> <span class='ocrx_word' id='word_1_431' title='bbox 350 4803 812 4874; x_wconf 72' lang='grc' dir='ltr'>ἀποκρούσασθαι,</span> <span class='ocrx_word' id='word_1_432' title='bbox 857 4808 956 4874; x_wconf 88' lang='grc' dir='ltr'>τήν</span> <span class='ocrx_word' id='word_1_433' title='bbox 1000 4823 1060 4857; x_wconf 90' lang='grc' dir='ltr'>τε</span> <span class='ocrx_word' id='word_1_434' title='bbox 1104 4804 1196 4857; x_wconf 83' lang='grc' dir='ltr'>τοῦ</span> <span class='ocrx_word' id='word_1_435' title='bbox 1227 4804 1813 4875; x_wconf 73' lang='grc' dir='ltr'>Θεοῦ’φιλανθρωπίαν</span> 
     </span>
    </p>
   </div>
   <div class='ocr_carea' id='block_1_56' title="bbox 131 4889 1813 4963">
    <p class='ocr_par' dir='ltr' id='par_1_56' title="bbox 131 4889 1813 4963">
     <span class='ocr_line' id='line_1_57' title="bbox 131 4889 1813 4963; baseline 0.002 -21"><span class='ocrx_word' id='word_1_436' title='bbox 131 4889 418 4957; x_wconf 78' lang='grc' dir='ltr'>κηρύττει,</span> <span class='ocrx_word' id='word_1_437' title='bbox 475 4891 532 4955; x_wconf 78' lang='grc' dir='ltr'>ἐξ</span> <span class='ocrx_word' id='word_1_438' title='bbox 577 4893 762 4963; x_wconf 77' lang='grc' dir='ltr'>ὀλίγης</span> <span class='ocrx_word' id='word_1_439' title='bbox 830 4895 929 4963; x_wconf 85' lang='grc' dir='ltr'>τῆς</span> <span class='ocrx_word' id='word_1_440' title='bbox 981 4893 1312 4963; x_wconf 74' lang='grc' dir='ltr'>ἐπιστροφῆς</span> <span class='ocrx_word' id='word_1_441' title='bbox 1362 4892 1614 4946; x_wconf 86' lang='grc' dir='ltr'>τοσοῦτον</span> <span class='ocrx_word' id='word_1_442' title='bbox 1669 4908 1813 4962; x_wconf 80' lang='grc' dir='ltr'>παρ-</span> 
     </span>
    </p>
   </div>
   <div class='ocr_carea' id='block_1_57' title="bbox 124 4975 1808 5048">
    <p class='ocr_par' dir='ltr' id='par_1_57' title="bbox 124 4975 1808 5048">
     <span class='ocr_line' id='line_1_58' title="bbox 124 4975 1808 5048; baseline 0.004 -24"><span class='ocrx_word' id='word_1_443' title='bbox 124 4981 146 5025; x_wconf 65' lang='grc' dir='ltr'>ε</span> <span class='ocrx_word' id='word_1_444' title='bbox 163 4975 456 5040; x_wconf 82' lang='grc' dir='ltr'>νέγκαντος</span> <span class='ocrx_word' id='word_1_445' title='bbox 478 4978 654 5047; x_wconf 66' lang='grc' dir='ltr'>νέφος,</span> <span class='ocrx_word' id='word_1_446' title='bbox 681 4980 805 5042; x_wconf 87' lang='grc' dir='ltr'>τούς</span> <span class='ocrx_word' id='word_1_447' title='bbox 829 4997 885 5032; x_wconf 91' lang='grc' dir='ltr'>τε</span> <span class='ocrx_word' id='word_1_448' title='bbox 909 4983 963 5032; x_wconf 87' lang='grc' dir='ltr'>ἐν</span> <span class='ocrx_word' id='word_1_449' title='bbox 991 4979 1295 5047; x_wconf 78' lang='grc' dir='ltr'>ἀπογνώσει</span> <span class='ocrx_word' id='word_1_450' title='bbox 1334 4980 1538 5039; x_wconf 84' lang='grc' dir='ltr'>πάντας</span> <span class='ocrx_word' id='word_1_451' title='bbox 1566 4979 1808 5048; x_wconf 85' lang='grc' dir='ltr'>ἀνίστησι</span> 
     </span>
    </p>
   </div>
   <div class='ocr_carea' id='block_1_58' title="bbox 139 5061 1814 5138">
    <p class='ocr_par' dir='ltr' id='par_1_58' title="bbox 139 5061 1814 5138">
     <span class='ocr_line' id='line_1_59' title="bbox 139 5061 1814 5138; baseline 0.002 -25"><span class='ocrx_word' id='word_1_452' title='bbox 139 5061 414 5130; x_wconf 76' lang='grc' dir='ltr'>μαθόντας</span> <span class='ocrx_word' id='word_1_453' title='bbox 443 5066 505 5117; x_wconf 82' lang='grc' dir='ltr'>ἐκ</span> <span class='ocrx_word' id='word_1_454' title='bbox 539 5066 644 5119; x_wconf 83' lang='grc' dir='ltr'>τῶν</span> <span class='ocrx_word' id='word_1_455' title='bbox 666 5068 968 5138; x_wconf 82' lang='grc' dir='ltr'>ἡμετέρων,</span> <span class='ocrx_word' id='word_1_456' title='bbox 1002 5068 1083 5119; x_wconf 85' lang='grc' dir='ltr'>ὃτι</span> <span class='ocrx_word' id='word_1_457' title='bbox 1109 5067 1199 5120; x_wconf 91' lang='grc' dir='ltr'>τὸν</span> <span class='ocrx_word' id='word_1_458' title='bbox 1230 5065 1379 5137; x_wconf 57' lang='lat' dir='ltr'>[lii]</span> <span class='ocrx_word' id='word_1_459' title='bbox 1405 5067 1514 5118; x_wconf 85' lang='grc' dir='ltr'>ἄνω</span> <span class='ocrx_word' id='word_1_460' title='bbox 1552 5064 1646 5118; x_wconf 75' lang='grc' dir='ltr'>καὶ</span> <span class='ocrx_word' id='word_1_461' title='bbox 1681 5065 1814 5134; x_wconf 86' lang='grc' dir='ltr'>πρὸς</span> 
     </span>
    </p>
   </div>
   <div class='ocr_carea' id='block_1_59' title="bbox 137 5149 1809 5224">
    <p class='ocr_par' dir='ltr' id='par_1_59' title="bbox 137 5149 1809 5224">
     <span class='ocr_line' id='line_1_60' title="bbox 137 5149 1809 5224; baseline 0.001 -22"><span class='ocrx_word' id='word_1_462' title='bbox 137 5151 236 5219; x_wconf 70' lang='grc' dir='ltr'>τῆν</span> <span class='ocrx_word' id='word_1_463' title='bbox 269 5149 362 5201; x_wconf 86' lang='grc' dir='ltr'>τοῦ</span> <span class='ocrx_word' id='word_1_464' title='bbox 399 5150 531 5203; x_wconf 86' lang='grc' dir='ltr'>Θεοῦ</span> <span class='ocrx_word' id='word_1_465' title='bbox 563 5151 824 5219; x_wconf 85' lang='grc' dir='ltr'>βλέποντα</span> <span class='ocrx_word' id='word_1_466' title='bbox 855 5154 1046 5224; x_wconf 78' lang='grc' dir='ltr'>ῥοπὴν,</span> <span class='ocrx_word' id='word_1_467' title='bbox 1081 5155 1181 5206; x_wconf 80' lang='grc' dir='ltr'>κᾶν</span> <span class='ocrx_word' id='word_1_468' title='bbox 1211 5154 1377 5223; x_wconf 88' lang='grc' dir='ltr'>μυρία</span> <span class='ocrx_word' id='word_1_469' title='bbox 1413 5151 1642 5222; x_wconf 87' lang='grc' dir='ltr'>περιστῇ</span> <span class='ocrx_word' id='word_1_470' title='bbox 1679 5170 1809 5204; x_wconf 66' lang='grc' dir='ltr'>πανι</span> 
     </span>
    </p>
   </div>
   <div class='ocr_carea' id='block_1_60' title="bbox 127 5236 1808 5312">
    <p class='ocr_par' dir='ltr' id='par_1_60' title="bbox 127 5236 1808 5312">
     <span class='ocr_line' id='line_1_61' title="bbox 127 5236 1808 5312; baseline 0.001 -23"><span class='ocrx_word' id='word_1_471' title='bbox 127 5237 364 5306; x_wconf 81' lang='grc' dir='ltr'>ταχόθεν</span> <span class='ocrx_word' id='word_1_472' title='bbox 385 5239 620 5308; x_wconf 82' lang='grc' dir='ltr'>κύματα,</span> <span class='ocrx_word' id='word_1_473' title='bbox 656 5242 1143 5312; x_wconf 74' lang='grc' dir='ltr'>καταποντισθῆναι</span> <span class='ocrx_word' id='word_1_474' title='bbox 1170 5242 1268 5294; x_wconf 89' lang='grc' dir='ltr'>οὐκ</span> <span class='ocrx_word' id='word_1_475' title='bbox 1295 5240 1394 5293; x_wconf 85' lang='grc' dir='ltr'>ἕνι.</span> <span class='ocrx_word' id='word_1_476' title='bbox 1426 5241 1521 5302; x_wconf 90' lang='grc' dir='ltr'>Τίς</span> <span class='ocrx_word' id='word_1_477' title='bbox 1543 5241 1651 5308; x_wconf 70' lang='grc' dir='ltr'>γὰρ</span> <span class='ocrx_word' id='word_1_478' title='bbox 1683 5236 1808 5302; x_wconf 75' lang='grc' dir='ltr'>εἶδε,</span> 
     </span>
    </p>
   </div>
   <div class='ocr_carea' id='block_1_61' title="bbox 127 5326 1812 5400">
    <p class='ocr_par' dir='ltr' id='par_1_61' title="bbox 127 5326 1812 5400">
     <span class='ocr_line' id='line_1_62' title="bbox 127 5326 1812 5400; baseline 0.001 -23"><span class='ocrx_word' id='word_1_479' title='bbox 127 5327 218 5387; x_wconf 75' lang='grc' dir='ltr'>’τίς</span> <span class='ocrx_word' id='word_1_480' title='bbox 247 5326 445 5395; x_wconf 77' lang='grc' dir='ltr'>ἤκουσέ</span> <span class='ocrx_word' id='word_1_481' title='bbox 493 5345 618 5380; x_wconf 89' lang='grc' dir='ltr'>ποτε</span> <span class='ocrx_word' id='word_1_482' title='bbox 665 5329 733 5380; x_wconf 69' lang='grc' dir='ltr'>τά</span> <span class='ocrx_word' id='word_1_483' title='bbox 774 5329 1018 5400; x_wconf 86' lang='grc' dir='ltr'>ἡμέτερα</span> <span class='ocrx_word' id='word_1_484' title='bbox 1064 5328 1245 5398; x_wconf 87' lang='grc' dir='ltr'>πάοη;</span> <span class='ocrx_word' id='word_1_485' title='bbox 1292 5331 1355 5381; x_wconf 86' lang='grc' dir='ltr'>ἐκ</span> <span class='ocrx_word' id='word_1_486' title='bbox 1390 5328 1602 5398; x_wconf 85' lang='grc' dir='ltr'>βάθρων</span> <span class='ocrx_word' id='word_1_487' title='bbox 1637 5328 1812 5380; x_wconf 78' lang='grc' dir='ltr'>αὐτῶν</span> 
     </span>
    </p>
   </div>
   <div class='ocr_carea' id='block_1_62' title="bbox 135 5413 1810 5487">
    <p class='ocr_par' dir='ltr' id='par_1_62' title="bbox 135 5413 1810 5487">
     <span class='ocr_line' id='line_1_63' title="bbox 135 5413 1810 5487; baseline 0.002 -24"><span class='ocrx_word' id='word_1_488' title='bbox 135 5413 259 5464; x_wconf 76' lang='grc' dir='ltr'>καθ’</span> <span class='ocrx_word' id='word_1_489' title='bbox 300 5413 534 5482; x_wconf 83' lang='grc' dir='ltr'>ἑκάστην</span> <span class='ocrx_word' id='word_1_490' title='bbox 579 5417 993 5487; x_wconf 79' lang='grc' dir='ltr'>προσεδοκῶμεν</span> <span class='ocrx_word' id='word_1_491' title='bbox 1047 5417 1258 5487; x_wconf 81' lang='grc' dir='ltr'>ἡμέραν</span> <span class='ocrx_word' id='word_1_492' title='bbox 1295 5415 1810 5484; x_wconf 85' lang='grc' dir='ltr'>ἁνασπασθὴσεσθαι</span> 
     </span>
    </p>
   </div>
   <div class='ocr_carea' id='block_1_63' title="bbox 125 5499 1810 5572">
    <p class='ocr_par' dir='ltr' id='par_1_63' title="bbox 125 5499 1810 5572">
     <span class='ocr_line' id='line_1_64' title="bbox 125 5499 1810 5572; baseline 0.003 -23"><span class='ocrx_word' id='word_1_493' title='bbox 125 5499 233 5569; x_wconf 73' lang='grc' dir='ltr'>τὴν</span> <span class='ocrx_word' id='word_1_494' title='bbox 266 5499 419 5553; x_wconf 86' lang='grc' dir='ltr'>πόλιν</span> <span class='ocrx_word' id='word_1_495' title='bbox 450 5503 578 5571; x_wconf 87' lang='grc' dir='ltr'>ἡμῖν</span> <span class='ocrx_word' id='word_1_496' title='bbox 615 5503 752 5572; x_wconf 78' lang='grc' dir='ltr'>με·εά</span> <span class='ocrx_word' id='word_1_497' title='bbox 789 5503 898 5556; x_wconf 89' lang='grc' dir='ltr'>τῶν</span> <span class='ocrx_word' id='word_1_498' title='bbox 932 5504 1279 5557; x_wconf 74' lang='grc' dir='ltr'>ἐνοικούντων</span> <span class='ocrx_word' id='word_1_499' title='bbox 1301 5521 1312 5532; x_wconf 91' lang='grc'>·</span> <span class='ocrx_word' id='word_1_500' title='bbox 1347 5503 1462 5554; x_wconf 83' lang='grc' dir='ltr'>ἀλλ’</span> <span class='ocrx_word' id='word_1_501' title='bbox 1504 5502 1591 5554; x_wconf 82' lang='grc' dir='ltr'>ὅτε</span> <span class='ocrx_word' id='word_1_502' title='bbox 1619 5500 1810 5572; x_wconf 76' lang='grc' dir='ltr'>ἤλπιζε</span> 
     </span>
    </p>
   </div>
   <div class='ocr_carea' id='block_1_64' title="bbox 131 5588 1812 5660">
    <p class='ocr_par' dir='ltr' id='par_1_64' title="bbox 131 5588 1812 5660">
     <span class='ocr_line' id='line_1_65' title="bbox 131 5588 1812 5660; baseline -0.002 -17"><span class='ocrx_word' id='word_1_503' title='bbox 131 5589 552 5651; x_wconf 77' lang='grc' dir='ltr'>καταποντίζειν</span> <span class='ocrx_word' id='word_1_504' title='bbox 606 5591 665 5643; x_wconf 88' lang='grc' dir='ltr'>τὸ</span> <span class='ocrx_word' id='word_1_505' title='bbox 713 5591 918 5660; x_wconf 80' lang='grc' dir='ltr'>σκάφος</span> <span class='ocrx_word' id='word_1_506' title='bbox 972 5595 1000 5644; x_wconf 91' lang='grc' dir='ltr'>ό</span> <span class='ocrx_word' id='word_1_507' title='bbox 1043 5591 1320 5655; x_wconf 73' lang='grc' dir='ltr'>διάϐολος,</span> <span class='ocrx_word' id='word_1_508' title='bbox 1383 5589 1503 5642; x_wconf 89' lang='grc' dir='ltr'>τότε</span> <span class='ocrx_word' id='word_1_509' title='bbox 1567 5588 1812 5660; x_wconf 77' lang='grc' dir='ltr'>καθαρὰν</span> 
     </span>
    </p>
   </div>
   <div class='ocr_carea' id='block_1_65' title="bbox 127 5675 1810 5750">
    <p class='ocr_par' dir='ltr' id='par_1_65' title="bbox 127 5675 1810 5750">
     <span class='ocr_line' id='line_1_66' title="bbox 127 5675 1810 5750; baseline -0.001 -24"><span class='ocrx_word' id='word_1_510' title='bbox 127 5675 380 5746; x_wconf 78' lang='grc' dir='ltr'>γαλήνην</span> <span class='ocrx_word' id='word_1_511' title='bbox 424 5676 676 5747; x_wconf 88' lang='grc' dir='ltr'>ἐποίησεν</span> <span class='ocrx_word' id='word_1_512' title='bbox 718 5678 746 5730; x_wconf 90' lang='grc' dir='ltr'>ό</span> <span class='ocrx_word' id='word_1_513' title='bbox 782 5679 932 5742; x_wconf 85' lang='grc' dir='ltr'>Θεός.</span> <span class='ocrx_word' id='word_1_514' title='bbox 972 5679 1063 5750; x_wconf 80' lang='grc' dir='ltr'>Μὴ</span> <span class='ocrx_word' id='word_1_515' title='bbox 1105 5679 1283 5731; x_wconf 91' lang='grc' dir='ltr'>τοίνυν</span> <span class='ocrx_word' id='word_1_516' title='bbox 1329 5675 1810 5746; x_wconf 84' lang='grc' dir='ltr'>ἐπιλανθανώμεθα</span> 
     </span>
    </p>
   </div>
   <div class='ocr_carea' id='block_1_66' title="bbox 127 5761 1812 5836">
    <p class='ocr_par' dir='ltr' id='par_1_66' title="bbox 127 5761 1812 5836">
     <span class='ocr_line' id='line_1_67' title="bbox 127 5761 1812 5836; baseline 0.003 -25"><span class='ocrx_word' id='word_1_517' title='bbox 127 5761 228 5813; x_wconf 86' lang='grc' dir='ltr'>τοῦ</span> <span class='ocrx_word' id='word_1_518' title='bbox 271 5763 530 5832; x_wconf 88' lang='grc' dir='ltr'>μεγέθους</span> <span class='ocrx_word' id='word_1_519' title='bbox 567 5765 674 5818; x_wconf 88' lang='grc' dir='ltr'>τῶν</span> <span class='ocrx_word' id='word_1_520' title='bbox 701 5765 908 5830; x_wconf 85' lang='grc' dir='ltr'>δεινῶν,</span> <span class='ocrx_word' id='word_1_521' title='bbox 943 5766 1031 5819; x_wconf 80' lang='grc' dir='ltr'>ἵνα</span> <span class='ocrx_word' id='word_1_522' title='bbox 1064 5763 1488 5836; x_wconf 83' lang='grc' dir='ltr'>μνημονεύωμεν</span> <span class='ocrx_word' id='word_1_523' title='bbox 1519 5762 1614 5816; x_wconf 88' lang='grc' dir='ltr'>τοῦ</span> <span class='ocrx_word' id='word_1_524' title='bbox 1649 5763 1812 5834; x_wconf 83' lang='grc' dir='ltr'>μεγέ-</span> 
     </span>
    </p>
   </div>
   <div class='ocr_carea' id='block_1_67' title="bbox 137 5850 1814 5924">
    <p class='ocr_par' dir='ltr' id='par_1_67' title="bbox 137 5850 1814 5924">
     <span class='ocr_line' id='line_1_68' title="bbox 137 5850 1814 5924; baseline 0.002 -25"><span class='ocrx_word' id='word_1_525' title='bbox 137 5850 264 5912; x_wconf 86' lang='grc' dir='ltr'>θους</span> <span class='ocrx_word' id='word_1_526' title='bbox 289 5851 396 5903; x_wconf 89' lang='grc' dir='ltr'>τῶν</span> <span class='ocrx_word' id='word_1_527' title='bbox 421 5852 750 5924; x_wconf 79' lang='grc' dir='ltr'>εὐεργεσιῶν</span> <span class='ocrx_word' id='word_1_528' title='bbox 773 5853 880 5908; x_wconf 90' lang='grc' dir='ltr'>τῶν</span> <span class='ocrx_word' id='word_1_529' title='bbox 902 5853 1053 5924; x_wconf 75' lang='grc' dir='ltr'>παρὰ</span> <span class='ocrx_word' id='word_1_530' title='bbox 1085 5852 1176 5906; x_wconf 87' lang='grc' dir='ltr'>τοῦ</span> <span class='ocrx_word' id='word_1_531' title='bbox 1193 5851 1326 5906; x_wconf 85' lang='grc' dir='ltr'>Θεοῦ</span> <span class='ocrx_word' id='word_1_532' title='bbox 1353 5851 1660 5921; x_wconf 86' lang='grc' dir='ltr'>γενομένων</span> <span class='ocrx_word' id='word_1_533' title='bbox 1679 5868 1692 5882; x_wconf 87' lang='grc'><strong>·</strong></span> <span class='ocrx_word' id='word_1_534' title='bbox 1720 5850 1814 5904; x_wconf 77' lang='grc' dir='ltr'>καὶ</span> 
     </span>
    </p>
   </div>
   <div class='ocr_carea' id='block_1_68' title="bbox 136 5936 1809 6016">
    <p class='ocr_par' dir='ltr' id='par_1_68' title="bbox 136 5936 1809 6016">
     <span class='ocr_line' id='line_1_69' title="bbox 136 5936 1809 6016; baseline 0.002 -25"><span class='ocrx_word' id='word_1_535' title='bbox 136 5936 248 6010; x_wconf 80' lang='grc' dir='ltr'>γὰρ</span> <span class='ocrx_word' id='word_1_536' title='bbox 274 5940 300 5993; x_wconf 81' lang='grc' dir='ltr'>ὁ</span> <span class='ocrx_word' id='word_1_537' title='bbox 332 5939 406 6014; x_wconf 79' lang='grc' dir='ltr'>μὴ</span> <span class='ocrx_word' id='word_1_538' title='bbox 435 5941 590 6006; x_wconf 74' lang='grc' dir='ltr'>εἰδὼς</span> <span class='ocrx_word' id='word_1_539' title='bbox 624 5942 717 5997; x_wconf 90' lang='grc' dir='ltr'>τοῦ</span> <span class='ocrx_word' id='word_1_540' title='bbox 763 5943 1064 6015; x_wconf 86' lang='grc' dir='ltr'>νοσήματος</span> <span class='ocrx_word' id='word_1_541' title='bbox 1107 5939 1206 6016; x_wconf 85' lang='grc' dir='ltr'>τὴν</span> <span class='ocrx_word' id='word_1_542' title='bbox 1249 5941 1428 6012; x_wconf 77' lang='grc' dir='ltr'>φύσιν,</span> <span class='ocrx_word' id='word_1_543' title='bbox 1463 5940 1562 5996; x_wconf 87' lang='grc' dir='ltr'>οὐκ</span> <span class='ocrx_word' id='word_1_544' title='bbox 1609 5939 1809 5994; x_wconf 73' lang='grc' dir='ltr'>εἵσεται</span> 
     </span>
    </p>
   </div>
   <div class='ocr_carea' id='block_1_69' title="bbox 1904 1397 3576 1470">
    <p class='ocr_par' dir='ltr' id='par_1_69' title="bbox 1904 1397 3576 1470">
     <span class='ocr_line' id='line_1_70' title="bbox 1904 1397 3576 1470; baseline -0.001 -16"><span class='ocrx_word' id='word_1_545' title='bbox 1904 1401 1998 1454; x_wconf 86' lang='grc' dir='ltr'>τοῦ</span> <span class='ocrx_word' id='word_1_546' title='bbox 2028 1399 2210 1470; x_wconf 89' lang='grc' dir='ltr'>ίατροῦ</span> <span class='ocrx_word' id='word_1_547' title='bbox 2241 1399 2337 1469; x_wconf 79' lang='grc' dir='ltr'>τὴν</span> <span class='ocrx_word' id='word_1_548' title='bbox 2363 1399 2574 1470; x_wconf 85' lang='grc' dir='ltr'>τέχνην.</span> <span class='ocrx_word' id='word_1_549' title='bbox 2606 1397 2789 1451; x_wconf 79' lang='grc' dir='ltr'>Ταῦτα</span> <span class='ocrx_word' id='word_1_550' title='bbox 2828 1398 2921 1450; x_wconf 68' lang='grc' dir='ltr'>καὶ</span> <span class='ocrx_word' id='word_1_551' title='bbox 2961 1398 3093 1466; x_wconf 74' lang='grc' dir='ltr'>πρὸς</span> <span class='ocrx_word' id='word_1_552' title='bbox 3117 1399 3241 1461; x_wconf 74' lang='grc' dir='ltr'>τούς</span> <span class='ocrx_word' id='word_1_553' title='bbox 3274 1399 3464 1460; x_wconf 74' lang='grc' dir='ltr'>παῖδας</span> <span class='ocrx_word' id='word_1_554' title='bbox 3487 1398 3576 1452; x_wconf 69' lang='grc' dir='ltr'>ἰέ-</span> 
     </span>
    </p>
   </div>
   <div class='ocr_carea' id='block_1_70' title="bbox 1896 1484 3577 1557">
    <p class='ocr_par' dir='ltr' id='par_1_70' title="bbox 1896 1484 3577 1557">
     <span class='ocr_line' id='line_1_71' title="bbox 1896 1484 3577 1557; baseline -0.002 -18"><span class='ocrx_word' id='word_1_555' title='bbox 1896 1504 2082 1557; x_wconf 88' lang='grc' dir='ltr'>γωμεν</span> <span class='ocrx_word' id='word_1_556' title='bbox 2109 1489 2234 1548; x_wconf 77' lang='grc' dir='ltr'>τοὺς</span> <span class='ocrx_word' id='word_1_557' title='bbox 2259 1485 2582 1556; x_wconf 80' lang='grc' dir='ltr'>ἡμετέρους,</span> <span class='ocrx_word' id='word_1_558' title='bbox 2618 1485 2711 1536; x_wconf 77' lang='grc' dir='ltr'>καὶ</span> <span class='ocrx_word' id='word_1_559' title='bbox 2753 1487 2832 1548; x_wconf 87' lang='grc' dir='ltr'>είς</span> <span class='ocrx_word' id='word_1_560' title='bbox 2877 1485 3074 1556; x_wconf 87' lang='grc' dir='ltr'>μυρίας</span> <span class='ocrx_word' id='word_1_561' title='bbox 3117 1484 3577 1554; x_wconf 85' lang='grc' dir='ltr'>παραπέμπωμεν</span> 
     </span>
    </p>
   </div>
   <div class='ocr_carea' id='block_1_71' title="bbox 1895 1569 3577 1642">
    <p class='ocr_par' dir='ltr' id='par_1_71' title="bbox 1895 1569 3577 1642">
     <span class='ocr_line' id='line_1_72' title="bbox 1895 1569 3577 1642; baseline -0.002 -17"><span class='ocrx_word' id='word_1_562' title='bbox 1895 1573 2106 1642; x_wconf 85' lang='grc' dir='ltr'>γενεὰς,</span> <span class='ocrx_word' id='word_1_563' title='bbox 2141 1572 2227 1624; x_wconf 79' lang='grc' dir='ltr'>ἵνα</span> <span class='ocrx_word' id='word_1_564' title='bbox 2262 1571 2507 1640; x_wconf 89' lang='grc' dir='ltr'>μάθωσιν</span> <span class='ocrx_word' id='word_1_565' title='bbox 2538 1571 2774 1634; x_wconf 73' lang='grc' dir='ltr'>ἅπαντες</span> <span class='ocrx_word' id='word_1_566' title='bbox 2835 1571 2950 1634; x_wconf 87' lang='grc' dir='ltr'>πῶς</span> <span class='ocrx_word' id='word_1_567' title='bbox 2976 1569 3305 1622; x_wconf 82' lang='grc' dir='ltr'>ἐσπούδασεν</span> <span class='ocrx_word' id='word_1_568' title='bbox 3338 1573 3365 1622; x_wconf 91' lang='lat'>6</span> <span class='ocrx_word' id='word_1_569' title='bbox 3398 1569 3577 1623; x_wconf 78' lang='grc' dir='ltr'>διάϐο-</span> 
     </span>
    </p>
   </div>
   <div class='ocr_carea' id='block_1_72' title="bbox 1896 1657 3575 1728">
    <p class='ocr_par' dir='ltr' id='par_1_72' title="bbox 1896 1657 3575 1728">
     <span class='ocr_line' id='line_1_73' title="bbox 1896 1657 3575 1728; baseline -0.001 -16"><span class='ocrx_word' id='word_1_570' title='bbox 1896 1659 1987 1723; x_wconf 92' lang='grc' dir='ltr'>λος</span> <span class='ocrx_word' id='word_1_571' title='bbox 2016 1661 2108 1712; x_wconf 72' lang='grc' dir='ltr'>καὶ</span> <span class='ocrx_word' id='word_1_572' title='bbox 2134 1658 2191 1710; x_wconf 89' lang='grc' dir='ltr'>τὸ</span> <span class='ocrx_word' id='word_1_573' title='bbox 2219 1657 2411 1725; x_wconf 72' lang='grc' dir='ltr'>ἔδαφος</span> <span class='ocrx_word' id='word_1_574' title='bbox 2451 1658 2706 1725; x_wconf 74' lang='grc' dir='ltr'>ἀφανίσαι</span> <span class='ocrx_word' id='word_1_575' title='bbox 2740 1658 2838 1727; x_wconf 91' lang='grc' dir='ltr'>τῆς</span> <span class='ocrx_word' id='word_1_576' title='bbox 2886 1657 3112 1722; x_wconf 84' lang='grc' dir='ltr'>πόλεως,</span> <span class='ocrx_word' id='word_1_577' title='bbox 3151 1658 3244 1710; x_wconf 69' lang='grc' dir='ltr'>καὶ</span> <span class='ocrx_word' id='word_1_578' title='bbox 3279 1657 3392 1720; x_wconf 88' lang='grc' dir='ltr'>πῶς</span> <span class='ocrx_word' id='word_1_579' title='bbox 3421 1659 3575 1728; x_wconf 75' lang='grc' dir='ltr'>ἴσχν-</span> 
     </span>
    </p>
   </div>
   <div class='ocr_carea' id='block_1_73' title="bbox 1899 1745 3578 1816">
    <p class='ocr_par' dir='ltr' id='par_1_73' title="bbox 1899 1745 3578 1816">
     <span class='ocr_line' id='line_1_74' title="bbox 1899 1745 3578 1816; baseline -0.001 -17"><span class='ocrx_word' id='word_1_580' title='bbox 1899 1764 1989 1799; x_wconf 89' lang='grc' dir='ltr'>σεν</span> <span class='ocrx_word' id='word_1_581' title='bbox 2023 1746 2050 1797; x_wconf 88' lang='grc' dir='ltr'>ὁ</span> <span class='ocrx_word' id='word_1_582' title='bbox 2088 1745 2219 1808; x_wconf 84' lang='grc' dir='ltr'>Θεὸς</span> <span class='ocrx_word' id='word_1_583' title='bbox 2265 1747 2614 1798; x_wconf 86' lang='grc' dir='ltr'>πεπτωκυῖαν</span> <span class='ocrx_word' id='word_1_584' title='bbox 2650 1745 2818 1815; x_wconf 84' lang='grc' dir='ltr'>αὐτὴν</span> <span class='ocrx_word' id='word_1_585' title='bbox 2849 1746 2942 1798; x_wconf 71' lang='grc' dir='ltr'>καὶ</span> <span class='ocrx_word' id='word_1_586' title='bbox 2980 1747 3238 1816; x_wconf 85' lang='grc' dir='ltr'>κειμένην</span> <span class='ocrx_word' id='word_1_587' title='bbox 3288 1747 3374 1796; x_wconf 78' lang='grc' dir='ltr'>ἐπ’</span> <span class='ocrx_word' id='word_1_588' title='bbox 3421 1745 3578 1814; x_wconf 65' lang='grc' dir='ltr'>ὄψεσι</span> 
     </span>
    </p>
   </div>
   <div class='ocr_carea' id='block_1_74' title="bbox 1901 1830 3580 1902">
    <p class='ocr_par' dir='ltr' id='par_1_74' title="bbox 1901 1830 3580 1902">
     <span class='ocr_line' id='line_1_75' title="bbox 1901 1830 3580 1902; baseline -0.001 -17"><span class='ocrx_word' id='word_1_589' title='bbox 1901 1834 2095 1902; x_wconf 78' lang='grc' dir='ltr'>στῆσαι</span> <span class='ocrx_word' id='word_1_590' title='bbox 2122 1831 2304 1897; x_wconf 81' lang='grc' dir='ltr'>πάλιν,</span> <span class='ocrx_word' id='word_1_591' title='bbox 2356 1832 2447 1882; x_wconf 75' lang='grc' dir='ltr'>καὶ</span> <span class='ocrx_word' id='word_1_592' title='bbox 2490 1831 2624 1901; x_wconf 87' lang='grc' dir='ltr'>μηδέ</span> <span class='ocrx_word' id='word_1_593' title='bbox 2660 1831 2758 1902; x_wconf 76' lang='grc' dir='ltr'>τὴν</span> <span class='ocrx_word' id='word_1_594' title='bbox 2797 1830 3065 1899; x_wconf 77' lang='grc' dir='ltr'>τυχοῦσαν</span> <span class='ocrx_word' id='word_1_595' title='bbox 3105 1832 3456 1902; x_wconf 79' lang='grc' dir='ltr'>συγχωρῆσαι</span> <span class='ocrx_word' id='word_1_596' title='bbox 3488 1849 3580 1899; x_wconf 85' lang='grc' dir='ltr'>γε-</span> 
     </span>
    </p>
   </div>
   <div class='ocr_carea' id='block_1_75' title="bbox 1898 1918 3582 1989">
    <p class='ocr_par' dir='ltr' id='par_1_75' title="bbox 1898 1918 3582 1989">
     <span class='ocr_line' id='line_1_76' title="bbox 1898 1918 3582 1989; baseline -0.001 -16"><span class='ocrx_word' id='word_1_597' title='bbox 1898 1920 2082 1974; x_wconf 89' lang='grc' dir='ltr'>νέσθαι</span> <span class='ocrx_word' id='word_1_598' title='bbox 2112 1919 2334 1989; x_wconf 78' lang='grc' dir='ltr'>βλάϐην,</span> <span class='ocrx_word' id='word_1_599' title='bbox 2371 1919 2504 1970; x_wconf 82' lang='grc' dir='ltr'>ἀλλά</span> <span class='ocrx_word' id='word_1_600' title='bbox 2536 1919 2628 1970; x_wconf 73' lang='grc' dir='ltr'>καὶ</span> <span class='ocrx_word' id='word_1_601' title='bbox 2661 1919 2754 1970; x_wconf 88' lang='grc' dir='ltr'>τὸν</span> <span class='ocrx_word' id='word_1_602' title='bbox 2799 1918 2961 1987; x_wconf 75' lang='grc' dir='ltr'>φόϐον</span> <span class='ocrx_word' id='word_1_603' title='bbox 2984 1920 3180 1984; x_wconf 82' lang='grc' dir='ltr'>ἀνεῖλε,</span> <span class='ocrx_word' id='word_1_604' title='bbox 3221 1921 3314 1972; x_wconf 72' lang='grc' dir='ltr'>καὶ</span> <span class='ocrx_word' id='word_1_605' title='bbox 3350 1920 3439 1972; x_wconf 86' lang='grc' dir='ltr'>τὸν</span> <span class='ocrx_word' id='word_1_606' title='bbox 3466 1921 3582 1972; x_wconf 85' lang='grc' dir='ltr'>κίν-</span> 
     </span>
    </p>
   </div>
   <div class='ocr_carea' id='block_1_76' title="bbox 1897 2003 3579 2079">
    <p class='ocr_par' dir='ltr' id='par_1_76' title="bbox 1897 2003 3579 2079">
     <span class='ocr_line' id='line_1_77' title="bbox 1897 2003 3579 2079; baseline 0.001 -20"><span class='ocrx_word' id='word_1_607' title='bbox 1897 2007 2047 2059; x_wconf 88' lang='grc' dir='ltr'>δυνον</span> <span class='ocrx_word' id='word_1_608' title='bbox 2070 2005 2446 2076; x_wconf 84' lang='grc' dir='ltr'>ἀπεκρούσατο</span> <span class='ocrx_word' id='word_1_609' title='bbox 2481 2005 2618 2074; x_wconf 78' lang='grc' dir='ltr'>μετὰ</span> <span class='ocrx_word' id='word_1_610' title='bbox 2641 2003 2832 2057; x_wconf 88' lang='grc' dir='ltr'>πολλοῦ</span> <span class='ocrx_word' id='word_1_611' title='bbox 2856 2004 2948 2058; x_wconf 84' lang='grc' dir='ltr'>τοῦ</span> <span class='ocrx_word' id='word_1_612' title='bbox 2987 2007 3202 2076; x_wconf 86' lang='grc' dir='ltr'>τάχους.</span> <span class='ocrx_word' id='word_1_613' title='bbox 3239 2009 3349 2061; x_wconf 71' lang='grc' dir='ltr'>Καὶ</span> <span class='ocrx_word' id='word_1_614' title='bbox 3376 2009 3485 2079; x_wconf 75' lang='grc' dir='ltr'>γὰρ</span> <span class='ocrx_word' id='word_1_615' title='bbox 3510 2011 3579 2079; x_wconf 80' lang='grc' dir='ltr'>τῇ</span> 
     </span>
    </p>
   </div>
   <div class='ocr_carea' id='block_1_77' title="bbox 1899 2092 3581 2165">
    <p class='ocr_par' dir='ltr' id='par_1_77' title="bbox 1899 2092 3581 2165">
     <span class='ocr_line' id='line_1_78' title="bbox 1899 2092 3581 2165; baseline 0.001 -19"><span class='ocrx_word' id='word_1_616' title='bbox 1899 2093 2244 2165; x_wconf 84' lang='grc' dir='ltr'>παρελθούσῃ</span> <span class='ocrx_word' id='word_1_617' title='bbox 2283 2092 2544 2161; x_wconf 74' lang='grc' dir='ltr'>ἐϐδομάδι</span> <span class='ocrx_word' id='word_1_618' title='bbox 2591 2092 2688 2155; x_wconf 82' lang='grc' dir='ltr'>τὰς</span> <span class='ocrx_word' id='word_1_619' title='bbox 2733 2093 2918 2156; x_wconf 81' lang='grc' dir='ltr'>οὐσίας</span> <span class='ocrx_word' id='word_1_620' title='bbox 2956 2093 3287 2164; x_wconf 79' lang='grc' dir='ltr'>δημεύεσθαι</span> <span class='ocrx_word' id='word_1_621' title='bbox 3323 2095 3581 2155; x_wconf 74' lang='grc' dir='ltr'>προσεδου</span> 
     </span>
    </p>
   </div>
   <div class='ocr_carea' id='block_1_78' title="bbox 1901 2168 3576 2251">
    <p class='ocr_par' dir='ltr' id='par_1_78' title="bbox 1901 2168 3576 2251">
     <span class='ocr_line' id='line_1_79' title="bbox 1901 2168 3576 2251; baseline 0.001 -18"><span class='ocrx_word' id='word_1_622' title='bbox 1901 2182 2085 2251; x_wconf 88' lang='grc' dir='ltr'>κῶμεν</span> <span class='ocrx_word' id='word_1_623' title='bbox 2116 2180 2376 2242; x_wconf 79' lang='grc' dir='ltr'>ἅπαντες,</span> <span class='ocrx_word' id='word_1_624' title='bbox 2412 2180 2506 2233; x_wconf 72' lang='grc' dir='ltr'>καὶ</span> <span class='ocrx_word' id='word_1_625' title='bbox 2551 2168 2886 2248; x_wconf 77' lang='grc' dir='ltr'>στρατιώτας</span> <span class='ocrx_word' id='word_1_626' title='bbox 2927 2182 3057 2250; x_wconf 78' lang='grc' dir='ltr'>ἡμῖν</span> <span class='ocrx_word' id='word_1_627' title='bbox 3100 2183 3452 2250; x_wconf 68' lang='grc' dir='ltr'>ἐπαφίεσθαι,</span> <span class='ocrx_word' id='word_1_628' title='bbox 3484 2185 3576 2236; x_wconf 72' lang='grc' dir='ltr'>καὶ</span> 
     </span>
    </p>
   </div>
   <div class='ocr_carea' id='block_1_79' title="bbox 1903 2265 3581 2339">
    <p class='ocr_par' dir='ltr' id='par_1_79' title="bbox 1903 2265 3581 2339">
     <span class='ocr_line' id='line_1_80' title="bbox 1903 2265 3581 2339; baseline 0.002 -19"><span class='ocrx_word' id='word_1_629' title='bbox 1903 2269 2072 2339; x_wconf 86' lang='grc' dir='ltr'>μυρία</span> <span class='ocrx_word' id='word_1_630' title='bbox 2123 2268 2285 2338; x_wconf 73' lang='grc' dir='ltr'>ἕτερα</span> <span class='ocrx_word' id='word_1_631' title='bbox 2332 2265 2797 2336; x_wconf 87' lang='grc' dir='ltr'>ὼνειροπολοῦμεν</span> <span class='ocrx_word' id='word_1_632' title='bbox 2849 2268 3029 2320; x_wconf 71' lang='grc' dir='ltr'>δεινάθ</span> <span class='ocrx_word' id='word_1_633' title='bbox 3086 2269 3200 2321; x_wconf 85' lang='grc' dir='ltr'>ἀλλ’</span> <span class='ocrx_word' id='word_1_634' title='bbox 3250 2270 3357 2322; x_wconf 75' lang='grc' dir='ltr'>ἰδοὺ</span> <span class='ocrx_word' id='word_1_635' title='bbox 3402 2270 3581 2325; x_wconf 82' lang='grc' dir='ltr'>πάντα</span> 
     </span>
    </p>
   </div>
   <div class='ocr_carea' id='block_1_80' title="bbox 1900 2353 3581 2430">
    <p class='ocr_par' dir='ltr' id='par_1_80' title="bbox 1900 2353 3581 2430">
     <span class='ocr_line' id='line_1_81' title="bbox 1900 2353 3581 2430; baseline 0.002 -22"><span class='ocrx_word' id='word_1_636' title='bbox 1900 2359 2080 2408; x_wconf 88' lang='grc' dir='ltr'>ἐκεῖνα</span> <span class='ocrx_word' id='word_1_637' title='bbox 2119 2355 2416 2425; x_wconf 79' lang='grc' dir='ltr'>παρῆλθεν,</span> <span class='ocrx_word' id='word_1_638' title='bbox 2457 2355 2642 2424; x_wconf 82' lang='grc' dir='ltr'>ὥσπερ</span> <span class='ocrx_word' id='word_1_639' title='bbox 2674 2353 2831 2422; x_wconf 61' lang='grc' dir='ltr'>νέφος</span> <span class='ocrx_word' id='word_1_640' title='bbox 2875 2355 2967 2406; x_wconf 74' lang='grc' dir='ltr'>καὶ</span> <span class='ocrx_word' id='word_1_641' title='bbox 3008 2353 3196 2427; x_wconf 85' lang='grc' dir='ltr'>ῶσπερ</span> <span class='ocrx_word' id='word_1_642' title='bbox 3244 2358 3372 2410; x_wconf 82' lang='grc' dir='ltr'>σκιά</span> <span class='ocrx_word' id='word_1_643' title='bbox 3400 2374 3581 2430; x_wconf 81' lang='grc' dir='ltr'>παρα·</span> 
     </span>
    </p>
   </div>
   <div class='ocr_carea' id='block_1_81' title="bbox 1899 2441 3580 2516">
    <p class='ocr_par' dir='ltr' id='par_1_81' title="bbox 1899 2441 3580 2516">
     <span class='ocr_line' id='line_1_82' title="bbox 1899 2441 3580 2516; baseline 0.002 -20"><span class='ocrx_word' id='word_1_644' title='bbox 1899 2445 2193 2514; x_wconf 82' lang='grc' dir='ltr'>τρέχουσα.</span> <span class='ocrx_word' id='word_1_645' title='bbox 2236 2444 2328 2495; x_wconf 80' lang='grc' dir='ltr'>καὶ</span> <span class='ocrx_word' id='word_1_646' title='bbox 2366 2445 2430 2514; x_wconf 82' lang='grc' dir='ltr'>τῇ</span> <span class='ocrx_word' id='word_1_647' title='bbox 2490 2441 2786 2513; x_wconf 81' lang='grc' dir='ltr'>προσδοκίᾳ</span> <span class='ocrx_word' id='word_1_648' title='bbox 2820 2441 2927 2494; x_wconf 89' lang='grc' dir='ltr'>τῶν</span> <span class='ocrx_word' id='word_1_649' title='bbox 2971 2443 3163 2496; x_wconf 84' lang='grc' dir='ltr'>δεινῶν</span> <span class='ocrx_word' id='word_1_650' title='bbox 3203 2445 3580 2516; x_wconf 85' lang='grc' dir='ltr'>ἐκολάσθημεν</span> 
     </span>
    </p>
   </div>
   <div class='ocr_carea' id='block_1_82' title="bbox 1904 2529 3585 2602">
    <p class='ocr_par' dir='ltr' id='par_1_82' title="bbox 1904 2529 3585 2602">
     <span class='ocr_line' id='line_1_83' title="bbox 1904 2529 3585 2602; baseline 0.002 -19"><span class='ocrx_word' id='word_1_651' title='bbox 1904 2533 2092 2602; x_wconf 87' lang='grc' dir='ltr'>μόνον·</span> <span class='ocrx_word' id='word_1_652' title='bbox 2130 2531 2326 2601; x_wconf 80' lang='grc' dir='ltr'>μᾶλλον</span> <span class='ocrx_word' id='word_1_653' title='bbox 2361 2531 2417 2582; x_wconf 86' lang='grc' dir='ltr'>δέ</span> <span class='ocrx_word' id='word_1_654' title='bbox 2451 2530 2549 2581; x_wconf 82' lang='grc' dir='ltr'>οὐκ</span> <span class='ocrx_word' id='word_1_655' title='bbox 2583 2529 2974 2600; x_wconf 84' lang='grc' dir='ltr'>ἐκολάσθημεν,</span> <span class='ocrx_word' id='word_1_656' title='bbox 3019 2531 3156 2584; x_wconf 82' lang='grc' dir='ltr'>ἀλλά</span> <span class='ocrx_word' id='word_1_657' title='bbox 3202 2533 3294 2584; x_wconf 76' lang='grc' dir='ltr'>καὶ</span> <span class='ocrx_word' id='word_1_658' title='bbox 3334 2533 3585 2586; x_wconf 66' lang='grc' dir='ltr'>ἐπαιδεύη</span> 
     </span>
    </p>
   </div>
   <div class='ocr_carea' id='block_1_83' title="bbox 1901 2617 3583 2691">
    <p class='ocr_par' dir='ltr' id='par_1_83' title="bbox 1901 2617 3583 2691">
     <span class='ocr_line' id='line_1_84' title="bbox 1901 2617 3583 2691; baseline 0.002 -21"><span class='ocrx_word' id='word_1_659' title='bbox 1901 2617 2074 2688; x_wconf 89' lang='grc' dir='ltr'>θημεν</span> <span class='ocrx_word' id='word_1_660' title='bbox 2119 2619 2214 2670; x_wconf 77' lang='grc' dir='ltr'>καὶ</span> <span class='ocrx_word' id='word_1_661' title='bbox 2253 2617 2492 2687; x_wconf 87' lang='grc' dir='ltr'>βελτίους</span> <span class='ocrx_word' id='word_1_662' title='bbox 2540 2617 2868 2688; x_wconf 82' lang='grc' dir='ltr'>γεγόναμεν,</span> <span class='ocrx_word' id='word_1_663' title='bbox 2916 2617 3010 2671; x_wconf 86' lang='grc' dir='ltr'>τοῦ</span> <span class='ocrx_word' id='word_1_664' title='bbox 3043 2619 3175 2671; x_wconf 82' lang='grc' dir='ltr'>Θεοῦ</span> <span class='ocrx_word' id='word_1_665' title='bbox 3211 2619 3307 2690; x_wconf 82' lang='grc' dir='ltr'>τὴν</span> <span class='ocrx_word' id='word_1_666' title='bbox 3353 2621 3583 2691; x_wconf 86' lang='grc' dir='ltr'>καρδίαν</span> 
     </span>
    </p>
   </div>
   <div class='ocr_carea' id='block_1_84' title="bbox 1898 2703 3583 2776">
    <p class='ocr_par' dir='ltr' id='par_1_84' title="bbox 1898 2703 3583 2776">
     <span class='ocr_line' id='line_1_85' title="bbox 1898 2703 3583 2776; baseline 0.003 -20"><span class='ocrx_word' id='word_1_667' title='bbox 1898 2706 1992 2757; x_wconf 89' lang='grc' dir='ltr'>τοῦ</span> <span class='ocrx_word' id='word_1_668' title='bbox 2035 2705 2298 2775; x_wconf 84' lang='grc' dir='ltr'>βασιλέως</span> <span class='ocrx_word' id='word_1_669' title='bbox 2348 2703 2707 2775; x_wconf 80' lang='grc' dir='ltr'>μαλάξαντος.</span> <span class='ocrx_word' id='word_1_670' title='bbox 2760 2704 3021 2776; x_wconf 87' lang='grc' dir='ltr'>Λέγωμεν</span> <span class='ocrx_word' id='word_1_671' title='bbox 3067 2706 3244 2758; x_wconf 89' lang='grc' dir='ltr'>τοίνυν</span> <span class='ocrx_word' id='word_1_672' title='bbox 3295 2707 3583 2774; x_wconf 85' lang='grc' dir='ltr'>διαπαντὸς</span> 
     </span>
    </p>
   </div>
   <div class='ocr_carea' id='block_1_85' title="bbox 1899 2791 3583 2864">
    <p class='ocr_par' dir='ltr' id='par_1_85' title="bbox 1899 2791 3583 2864">
     <span class='ocr_line' id='line_1_86' title="bbox 1899 2791 3583 2864; baseline 0.002 -18"><span class='ocrx_word' id='word_1_673' title='bbox 1899 2794 1994 2846; x_wconf 73' lang='grc' dir='ltr'>καὶ</span> <span class='ocrx_word' id='word_1_674' title='bbox 2025 2793 2146 2845; x_wconf 73' lang='grc' dir='ltr'>καθ’</span> <span class='ocrx_word' id='word_1_675' title='bbox 2181 2793 2415 2864; x_wconf 86' lang='grc' dir='ltr'>ἡμέραν,</span> <span class='ocrx_word' id='word_1_676' title='bbox 2456 2791 2759 2859; x_wconf 81' lang='grc' dir='ltr'>Εὐλογητὸς</span> <span class='ocrx_word' id='word_1_677' title='bbox 2789 2794 2816 2844; x_wconf 91' lang='grc' dir='ltr'>ό</span> <span class='ocrx_word' id='word_1_678' title='bbox 2849 2791 3000 2856; x_wconf 82' lang='grc' dir='ltr'>Θεὸς,</span> <span class='ocrx_word' id='word_1_679' title='bbox 3048 2793 3141 2846; x_wconf 70' lang='grc' dir='ltr'>καὶ</span> <span class='ocrx_word' id='word_1_680' title='bbox 3167 2795 3306 2864; x_wconf 81' lang='grc' dir='ltr'>μετὰ</span> <span class='ocrx_word' id='word_1_681' title='bbox 3340 2795 3583 2860; x_wconf 86' lang='grc' dir='ltr'>πλείονος</span> 
     </span>
    </p>
   </div>
   <div class='ocr_carea' id='block_1_86' title="bbox 1901 2878 3580 2954">
    <p class='ocr_par' dir='ltr' id='par_1_86' title="bbox 1901 2878 3580 2954">
     <span class='ocr_line' id='line_1_87' title="bbox 1901 2878 3580 2954; baseline 0.001 -21"><span class='ocrx_word' id='word_1_682' title='bbox 1901 2880 2137 2950; x_wconf 86' lang='grc' dir='ltr'>σπουδῆς</span> <span class='ocrx_word' id='word_1_683' title='bbox 2165 2882 2230 2951; x_wconf 83' lang='grc' dir='ltr'>τῇ</span> <span class='ocrx_word' id='word_1_684' title='bbox 2265 2879 2478 2944; x_wconf 81' lang='grc' dir='ltr'>συνάξει</span> <span class='ocrx_word' id='word_1_685' title='bbox 2519 2878 2892 2949; x_wconf 85' lang='grc' dir='ltr'>προσέχωμεν,</span> <span class='ocrx_word' id='word_1_686' title='bbox 2922 2881 3014 2933; x_wconf 72' lang='grc' dir='ltr'>καὶ</span> <span class='ocrx_word' id='word_1_687' title='bbox 3044 2882 3178 2952; x_wconf 87' lang='grc' dir='ltr'>πρὸς</span> <span class='ocrx_word' id='word_1_688' title='bbox 3215 2882 3312 2952; x_wconf 79' lang='grc' dir='ltr'>τῆν</span> <span class='ocrx_word' id='word_1_689' title='bbox 3356 2883 3580 2954; x_wconf 87' lang='grc' dir='ltr'>Ἐκκλη-</span> 
     </span>
    </p>
   </div>
   <div class='ocr_carea' id='block_1_87' title="bbox 1903 2967 3580 3039">
    <p class='ocr_par' dir='ltr' id='par_1_87' title="bbox 1903 2967 3580 3039">
     <span class='ocr_line' id='line_1_88' title="bbox 1903 2967 3580 3039; baseline 0.004 -21"><span class='ocrx_word' id='word_1_690' title='bbox 1903 2967 2022 3020; x_wconf 91' lang='grc' dir='ltr'>σίαν</span> <span class='ocrx_word' id='word_1_691' title='bbox 2046 2968 2351 3037; x_wconf 84' lang='grc' dir='ltr'>τρέχωμεν,</span> <span class='ocrx_word' id='word_1_692' title='bbox 2377 2967 2497 3019; x_wconf 82' lang='grc' dir='ltr'>ὅθεν</span> <span class='ocrx_word' id='word_1_693' title='bbox 2530 2967 2973 3038; x_wconf 86' lang='grc' dir='ltr'>ἐκαρπωσάμεθα</span> <span class='ocrx_word' id='word_1_694' title='bbox 2999 2969 3092 3039; x_wconf 77' lang='grc' dir='ltr'>τὴν</span> <span class='ocrx_word' id='word_1_695' title='bbox 3119 2969 3406 3038; x_wconf 71' lang='grc' dir='ltr'>ὠφέλειαν.</span> <span class='ocrx_word' id='word_1_696' title='bbox 3439 2971 3580 3024; x_wconf 85' lang='grc' dir='ltr'>Ἵστε</span> 
     </span>
    </p>
   </div>
   <div class='ocr_carea' id='block_1_88' title="bbox 1901 3053 3583 3128">
    <p class='ocr_par' dir='ltr' id='par_1_88' title="bbox 1901 3053 3583 3128">
     <span class='ocr_line' id='line_1_89' title="bbox 1901 3053 3583 3128; baseline 0.003 -21"><span class='ocrx_word' id='word_1_697' title='bbox 1901 3055 2006 3126; x_wconf 79' lang='grc' dir='ltr'>γὰρ</span> <span class='ocrx_word' id='word_1_698' title='bbox 2051 3057 2107 3108; x_wconf 88' lang='grc' dir='ltr'>ἐν</span> <span class='ocrx_word' id='word_1_699' title='bbox 2138 3057 2276 3126; x_wconf 81' lang='grc' dir='ltr'>άρχῇ</span> <span class='ocrx_word' id='word_1_700' title='bbox 2315 3053 2414 3105; x_wconf 88' lang='grc' dir='ltr'>ποῦ</span> <span class='ocrx_word' id='word_1_701' title='bbox 2455 3053 2808 3122; x_wconf 70' lang='grc' dir='ltr'>κατεφύγετε,</span> <span class='ocrx_word' id='word_1_702' title='bbox 2856 3054 2956 3108; x_wconf 89' lang='grc' dir='ltr'>ποῦ</span> <span class='ocrx_word' id='word_1_703' title='bbox 2992 3057 3378 3128; x_wconf 84' lang='grc' dir='ltr'>συνεδράμετε,</span> <span class='ocrx_word' id='word_1_704' title='bbox 3415 3060 3583 3112; x_wconf 86' lang='grc' dir='ltr'>πόθεν</span> 
     </span>
    </p>
   </div>
   <div class='ocr_carea' id='block_1_89' title="bbox 1900 3140 3582 3218">
    <p class='ocr_par' dir='ltr' id='par_1_89' title="bbox 1900 3140 3582 3218">
     <span class='ocr_line' id='line_1_90' title="bbox 1900 3140 3582 3218; baseline 0.002 -24"><span class='ocrx_word' id='word_1_705' title='bbox 1900 3144 2033 3211; x_wconf 92' lang='grc' dir='ltr'>ἡμῖν</span> <span class='ocrx_word' id='word_1_706' title='bbox 2067 3144 2098 3212; x_wconf 92' lang='grc' dir='ltr'>ἡ</span> <span class='ocrx_word' id='word_1_707' title='bbox 2136 3141 2378 3211; x_wconf 86' lang='grc' dir='ltr'>σωτηρία</span> <span class='ocrx_word' id='word_1_708' title='bbox 2424 3140 2666 3208; x_wconf 87' lang='grc' dir='ltr'>γέγονεν.</span> <span class='ocrx_word' id='word_1_709' title='bbox 2725 3141 3006 3212; x_wconf 85' lang='grc' dir='ltr'>Ἐχώμεθα</span> <span class='ocrx_word' id='word_1_710' title='bbox 3048 3144 3228 3198; x_wconf 89' lang='grc' dir='ltr'>τοίνυν</span> <span class='ocrx_word' id='word_1_711' title='bbox 3274 3146 3372 3215; x_wconf 85' lang='grc' dir='ltr'>τῆς</span> <span class='ocrx_word' id='word_1_712' title='bbox 3431 3147 3582 3218; x_wconf 74' lang='grc' dir='ltr'>ἱερᾶς</span> 
     </span>
    </p>
   </div>
   <div class='ocr_carea' id='block_1_90' title="bbox 1902 3227 3585 3305">
    <p class='ocr_par' dir='ltr' id='par_1_90' title="bbox 1902 3227 3585 3305">
     <span class='ocr_line' id='line_1_91' title="bbox 1902 3227 3585 3305; baseline 0.004 -24"><span class='ocrx_word' id='word_1_713' title='bbox 1902 3229 2169 3299; x_wconf 87' lang='grc' dir='ltr'>ἀγκύρας,</span> <span class='ocrx_word' id='word_1_714' title='bbox 2203 3229 2296 3281; x_wconf 72' lang='grc' dir='ltr'>καὶ</span> <span class='ocrx_word' id='word_1_715' title='bbox 2335 3227 2581 3300; x_wconf 84' lang='grc' dir='ltr'>καθάπερ</span> <span class='ocrx_word' id='word_1_716' title='bbox 2606 3228 2662 3280; x_wconf 87' lang='grc' dir='ltr'>ἐν</span> <span class='ocrx_word' id='word_1_717' title='bbox 2694 3227 2771 3298; x_wconf 79' lang='grc' dir='ltr'>τῷ</span> <span class='ocrx_word' id='word_1_718' title='bbox 2801 3231 2977 3300; x_wconf 82' lang='grc' dir='ltr'>καιρῷ</span> <span class='ocrx_word' id='word_1_719' title='bbox 3002 3231 3109 3284; x_wconf 90' lang='grc' dir='ltr'>τῶν</span> <span class='ocrx_word' id='word_1_720' title='bbox 3145 3232 3406 3287; x_wconf 87' lang='grc' dir='ltr'>κινδύνων</span> <span class='ocrx_word' id='word_1_721' title='bbox 3436 3236 3585 3305; x_wconf 80' lang='grc' dir='ltr'>ἡμᾶς</span> 
     </span>
    </p>
   </div>
   <div class='ocr_carea' id='block_1_91' title="bbox 1902 3313 3583 3392">
    <p class='ocr_par' dir='ltr' id='par_1_91' title="bbox 1902 3313 3583 3392">
     <span class='ocr_line' id='line_1_92' title="bbox 1902 3313 3583 3392; baseline 0.004 -25"><span class='ocrx_word' id='word_1_722' title='bbox 1902 3317 1961 3367; x_wconf 85' lang='grc' dir='ltr'>οὐ</span> <span class='ocrx_word' id='word_1_723' title='bbox 1988 3315 2316 3386; x_wconf 86' lang='grc' dir='ltr'>προέδωκεν,</span> <span class='ocrx_word' id='word_1_724' title='bbox 2343 3313 2484 3366; x_wconf 70' lang='grc' dir='ltr'>οὓτω</span> <span class='ocrx_word' id='word_1_725' title='bbox 2517 3314 2651 3384; x_wconf 87' lang='grc' dir='ltr'>μηδέ</span> <span class='ocrx_word' id='word_1_726' title='bbox 2687 3316 2846 3385; x_wconf 88' lang='grc' dir='ltr'>ἡμεῖς</span> <span class='ocrx_word' id='word_1_727' title='bbox 2880 3317 3049 3387; x_wconf 80' lang='grc' dir='ltr'>αὐτὴν</span> <span class='ocrx_word' id='word_1_728' title='bbox 3073 3320 3129 3371; x_wconf 86' lang='grc' dir='ltr'>ἐν</span> <span class='ocrx_word' id='word_1_729' title='bbox 3167 3319 3246 3389; x_wconf 83' lang='grc' dir='ltr'>τῷ</span> <span class='ocrx_word' id='word_1_730' title='bbox 3272 3319 3447 3392; x_wconf 87' lang='grc' dir='ltr'>καιρῷ</span> <span class='ocrx_word' id='word_1_731' title='bbox 3483 3322 3583 3390; x_wconf 89' lang='grc' dir='ltr'>τῆς</span> 
     </span>
    </p>
   </div>
   <div class='ocr_carea' id='block_1_92' title="bbox 1905 3401 3584 3479">
    <p class='ocr_par' dir='ltr' id='par_1_92' title="bbox 1905 3401 3584 3479">
     <span class='ocr_line' id='line_1_93' title="bbox 1905 3401 3584 3479; baseline 0.004 -24"><span class='ocrx_word' id='word_1_732' title='bbox 1905 3402 2151 3465; x_wconf 88' lang='grc' dir='ltr'>ἀνέσεως</span> <span class='ocrx_word' id='word_1_733' title='bbox 2221 3401 2648 3470; x_wconf 88' lang='grc' dir='ltr'>καταλίπωμεν,</span> <span class='ocrx_word' id='word_1_734' title='bbox 2708 3402 2844 3456; x_wconf 75' lang='grc' dir='ltr'>ἀλλὰ</span> <span class='ocrx_word' id='word_1_735' title='bbox 2907 3404 3175 3475; x_wconf 89' lang='grc' dir='ltr'>μείνωμεν</span> <span class='ocrx_word' id='word_1_736' title='bbox 3223 3408 3373 3476; x_wconf 85' lang='grc' dir='ltr'>-μετά</span> <span class='ocrx_word' id='word_1_737' title='bbox 3426 3409 3584 3479; x_wconf 86' lang='grc' dir='ltr'>ἀκρι-</span> 
     </span>
    </p>
   </div>
   <div class='ocr_carea' id='block_1_93' title="bbox 1907 3486 3585 3566">
    <p class='ocr_par' dir='ltr' id='par_1_93' title="bbox 1907 3486 3585 3566">
     <span class='ocr_line' id='line_1_94' title="bbox 1907 3486 3585 3566; baseline 0.003 -25"><span class='ocrx_word' id='word_1_738' title='bbox 1907 3489 2102 3552; x_wconf 77' lang='grc' dir='ltr'>ϐείας,</span> <span class='ocrx_word' id='word_1_739' title='bbox 2169 3488 2264 3541; x_wconf 74' lang='grc' dir='ltr'>καὶ</span> <span class='ocrx_word' id='word_1_740' title='bbox 2323 3487 2421 3550; x_wconf 82' lang='grc' dir='ltr'>τὰς</span> <span class='ocrx_word' id='word_1_741' title='bbox 2480 3486 2724 3550; x_wconf 81' lang='grc' dir='ltr'>συνάξεις</span> <span class='ocrx_word' id='word_1_742' title='bbox 2789 3489 2882 3541; x_wconf 71' lang='grc' dir='ltr'>καὶ</span> <span class='ocrx_word' id='word_1_743' title='bbox 2943 3490 3042 3552; x_wconf 82' lang='grc' dir='ltr'>τὰς</span> <span class='ocrx_word' id='word_1_744' title='bbox 3113 3491 3276 3561; x_wconf 80' lang='grc' dir='ltr'>εὐχὰς</span> <span class='ocrx_word' id='word_1_745' title='bbox 3341 3495 3434 3548; x_wconf 74' lang='grc' dir='ltr'>καὶ</span> <span class='ocrx_word' id='word_1_746' title='bbox 3485 3494 3585 3566; x_wconf 76' lang='grc' dir='ltr'>τήν</span> 
     </span>
    </p>
   </div>
   <div class='ocr_carea' id='block_1_94' title="bbox 1903 3574 3582 3652">
    <p class='ocr_par' dir='ltr' id='par_1_94' title="bbox 1903 3574 3582 3652">
     <span class='ocr_line' id='line_1_95' title="bbox 1903 3574 3582 3652; baseline 0.004 -23"><span class='ocrx_word' id='word_1_747' title='bbox 1903 3575 2012 3630; x_wconf 87' lang='grc' dir='ltr'>τῶν</span> <span class='ocrx_word' id='word_1_748' title='bbox 2052 3576 2210 3628; x_wconf 89' lang='grc' dir='ltr'>θείων</span> <span class='ocrx_word' id='word_1_749' title='bbox 2267 3574 2462 3641; x_wconf 78' lang='grc' dir='ltr'>λογίων</span> <span class='ocrx_word' id='word_1_750' title='bbox 2525 3574 2785 3646; x_wconf 79' lang='grc' dir='ltr'>ἀκρόασιν</span> <span class='ocrx_word' id='word_1_751' title='bbox 2844 3575 3124 3648; x_wconf 87' lang='grc' dir='ltr'>ποιώμεθα</span> <span class='ocrx_word' id='word_1_752' title='bbox 3175 3579 3292 3632; x_wconf 86' lang='grc' dir='ltr'>καθ’</span> <span class='ocrx_word' id='word_1_753' title='bbox 3348 3581 3582 3652; x_wconf 86' lang='grc' dir='ltr'>ἡμέραν,</span> 
     </span>
    </p>
   </div>
   <div class='ocr_carea' id='block_1_95' title="bbox 1905 3661 3587 3735">
    <p class='ocr_par' dir='ltr' id='par_1_95' title="bbox 1905 3661 3587 3735">
     <span class='ocr_line' id='line_1_96' title="bbox 1905 3661 3587 3735; baseline 0.003 -20"><span class='ocrx_word' id='word_1_754' title='bbox 1905 3665 1998 3715; x_wconf 79' lang='grc' dir='ltr'>καὶ</span> <span class='ocrx_word' id='word_1_755' title='bbox 2032 3661 2128 3733; x_wconf 81' lang='grc' dir='ltr'>τὴν</span> <span class='ocrx_word' id='word_1_756' title='bbox 2164 3661 2358 3733; x_wconf 78' lang='grc' dir='ltr'>σχολὴν</span> <span class='ocrx_word' id='word_1_757' title='bbox 2393 3663 2456 3730; x_wconf 79' lang='grc' dir='ltr'>ἡν</span> <span class='ocrx_word' id='word_1_758' title='bbox 2493 3661 2857 3732; x_wconf 86' lang='grc' dir='ltr'>ἀνηλίσκομεν</span> <span class='ocrx_word' id='word_1_759' title='bbox 2893 3665 3396 3735; x_wconf 79' lang='grc' dir='ltr'>περιεργαζόμενοι,</span> <span class='ocrx_word' id='word_1_760' title='bbox 3430 3667 3587 3720; x_wconf 88' lang='grc' dir='ltr'>πολυ-</span> 
     </span>
    </p>
   </div>
   <div class='ocr_carea' id='block_1_96' title="bbox 1907 3747 3587 3824">
    <p class='ocr_par' dir='ltr' id='par_1_96' title="bbox 1907 3747 3587 3824">
     <span class='ocr_line' id='line_1_97' title="bbox 1907 3747 3587 3824; baseline 0.003 -22"><span class='ocrx_word' id='word_1_761' title='bbox 1907 3749 2370 3820; x_wconf 76' lang='grc' dir='ltr'>πραγμονοῦντες,</span> <span class='ocrx_word' id='word_1_762' title='bbox 2404 3747 2527 3809; x_wconf 70' lang='grc' dir='ltr'>τοὺς</span> <span class='ocrx_word' id='word_1_763' title='bbox 2562 3747 2669 3798; x_wconf 83' lang='grc' dir='ltr'>ἀπὸ</span> <span class='ocrx_word' id='word_1_764' title='bbox 2705 3748 2798 3800; x_wconf 84' lang='grc' dir='ltr'>τοῦ</span> <span class='ocrx_word' id='word_1_765' title='bbox 2836 3752 3199 3822; x_wconf 81' lang='grc' dir='ltr'>στρατοπέδου</span> <span class='ocrx_word' id='word_1_766' title='bbox 3237 3753 3587 3824; x_wconf 83' lang='grc' dir='ltr'>περιτρέχον-</span> 
     </span>
    </p>
   </div>
   <div class='ocr_carea' id='block_1_97' title="bbox 1917 3833 3585 3912">
    <p class='ocr_par' dir='ltr' id='par_1_97' title="bbox 1917 3833 3585 3912">
     <span class='ocr_line' id='line_1_98' title="bbox 1917 3833 3585 3912; baseline 0.004 -25"><span class='ocrx_word' id='word_1_767' title='bbox 1917 3854 2031 3899; x_wconf 89' lang='grc' dir='ltr'>τες,</span> <span class='ocrx_word' id='word_1_768' title='bbox 2057 3834 2451 3898; x_wconf 77' lang='grc' dir='ltr'>σπουδάζοντες</span> <span class='ocrx_word' id='word_1_769' title='bbox 2471 3833 2610 3901; x_wconf 83' lang='grc' dir='ltr'>ύπέρ</span> <span class='ocrx_word' id='word_1_770' title='bbox 2641 3835 2747 3887; x_wconf 87' lang='grc' dir='ltr'>τῶν</span> <span class='ocrx_word' id='word_1_771' title='bbox 2777 3837 3138 3907; x_wconf 86' lang='grc' dir='ltr'>ἐπικειμένων</span> <span class='ocrx_word' id='word_1_772' title='bbox 3161 3839 3364 3903; x_wconf 87' lang='grc' dir='ltr'>κακῶν,</span> <span class='ocrx_word' id='word_1_773' title='bbox 3385 3842 3585 3912; x_wconf 86' lang='grc' dir='ltr'>ταύτην</span> 
     </span>
    </p>
   </div>
   <div class='ocr_carea' id='block_1_98' title="bbox 1910 3922 3584 3997">
    <p class='ocr_par' dir='ltr' id='par_1_98' title="bbox 1910 3922 3584 3997">
     <span class='ocr_line' id='line_1_99' title="bbox 1910 3922 3584 3997; baseline 0.004 -22"><span class='ocrx_word' id='word_1_774' title='bbox 1910 3923 2275 3992; x_wconf 73' lang='grc' dir='ltr'>ἀναλώσωμεν</span> <span class='ocrx_word' id='word_1_775' title='bbox 2301 3922 2516 3974; x_wconf 77' lang='grc' dir='ltr'>ἃπασαν</span> <span class='ocrx_word' id='word_1_776' title='bbox 2541 3922 2618 3982; x_wconf 85' lang='grc' dir='ltr'>είς</span> <span class='ocrx_word' id='word_1_777' title='bbox 2652 3922 2746 3991; x_wconf 82' lang='grc' dir='ltr'>τὴν</span> <span class='ocrx_word' id='word_1_778' title='bbox 2780 3923 2886 3974; x_wconf 86' lang='grc' dir='ltr'>τῶν</span> <span class='ocrx_word' id='word_1_779' title='bbox 2913 3924 3070 3978; x_wconf 89' lang='grc' dir='ltr'>θείων</span> <span class='ocrx_word' id='word_1_780' title='bbox 3093 3927 3270 3995; x_wconf 89' lang='grc' dir='ltr'>νόμων</span> <span class='ocrx_word' id='word_1_781' title='bbox 3301 3928 3584 3997; x_wconf 82' lang='grc' dir='ltr'>ἀκρόασιν,</span> 
     </span>
    </p>
   </div>
   <div class='ocr_carea' id='block_1_99' title="bbox 1912 4008 3585 4088">
    <p class='ocr_par' dir='ltr' id='par_1_99' title="bbox 1912 4008 3585 4088">
     <span class='ocr_line' id='line_1_100' title="bbox 1912 4008 3585 4088; baseline 0.004 -26"><span class='ocrx_word' id='word_1_782' title='bbox 1912 4010 2045 4063; x_wconf 84' lang='grc' dir='ltr'>ἀλλά</span> <span class='ocrx_word' id='word_1_783' title='bbox 2085 4010 2158 4081; x_wconf 80' lang='grc' dir='ltr'>μὴ</span> <span class='ocrx_word' id='word_1_784' title='bbox 2185 4012 2263 4071; x_wconf 89' lang='grc' dir='ltr'>εἰς</span> <span class='ocrx_word' id='word_1_785' title='bbox 2291 4008 2553 4076; x_wconf 81' lang='grc' dir='ltr'>ἀκαίρους</span> <span class='ocrx_word' id='word_1_786' title='bbox 2584 4009 2675 4058; x_wconf 80' lang='grc' dir='ltr'>καὶ</span> <span class='ocrx_word' id='word_1_787' title='bbox 2711 4009 3001 4079; x_wconf 78' lang='grc' dir='ltr'>ἀνονήτους</span> <span class='ocrx_word' id='word_1_788' title='bbox 3037 4012 3347 4082; x_wconf 72' lang='grc' dir='ltr'>διατριϐάς,</span> <span class='ocrx_word' id='word_1_789' title='bbox 3393 4015 3478 4067; x_wconf 84' lang='grc' dir='ltr'>ἵνα</span> <span class='ocrx_word' id='word_1_790' title='bbox 3509 4016 3585 4088; x_wconf 80' lang='grc' dir='ltr'>μὴ</span> 
     </span>
    </p>
   </div>
   <div class='ocr_carea' id='block_1_100' title="bbox 1912 4094 3586 4169">
    <p class='ocr_par' dir='ltr' id='par_1_100' title="bbox 1912 4094 3586 4169">
     <span class='ocr_line' id='line_1_101' title="bbox 1912 4094 3586 4169; baseline 0.002 -19"><span class='ocrx_word' id='word_1_791' title='bbox 1912 4097 2075 4150; x_wconf 87' lang='grc' dir='ltr'>πάλιν</span> <span class='ocrx_word' id='word_1_792' title='bbox 2123 4101 2201 4160; x_wconf 84' lang='grc' dir='ltr'>είς</span> <span class='ocrx_word' id='word_1_793' title='bbox 2234 4095 2330 4166; x_wconf 87' lang='grc' dir='ltr'>τὴν</span> <span class='ocrx_word' id='word_1_794' title='bbox 2370 4094 2613 4162; x_wconf 83' lang='grc' dir='ltr'>ἀνάγκην</span> <span class='ocrx_word' id='word_1_795' title='bbox 2657 4094 2755 4164; x_wconf 87' lang='grc' dir='ltr'>τῆς</span> <span class='ocrx_word' id='word_1_796' title='bbox 2797 4097 3049 4166; x_wconf 87' lang='grc' dir='ltr'>ἀσχολίας</span> <span class='ocrx_word' id='word_1_797' title='bbox 3099 4097 3314 4169; x_wconf 85' lang='grc' dir='ltr'>ἐκείνης</span> <span class='ocrx_word' id='word_1_798' title='bbox 3360 4100 3586 4166; x_wconf 79' lang='grc' dir='ltr'>ἑαυτοὺς</span> 
     </span>
    </p>
   </div>
   <div class='ocr_carea' id='block_1_101' title="bbox 1911 4186 2362 4256">
    <p class='ocr_par' dir='ltr' id='par_1_101' title="bbox 1911 4186 2362 4256">
     <span class='ocr_line' id='line_1_102' title="bbox 1911 4186 2362 4256; baseline 0.004 -19"><span class='ocrx_word' id='word_1_799' title='bbox 1911 4186 2362 4256; x_wconf 84' lang='grc' dir='ltr'>καταστήσωμεν.</span> 
     </span>
    </p>
   </div>
   <div class='ocr_carea' id='block_1_102' title="bbox 1986 4280 3586 4356">
    <p class='ocr_par' dir='ltr' id='par_1_102' title="bbox 1986 4280 3586 4356">
     <span class='ocr_line' id='line_1_103' title="bbox 1986 4280 3586 4356; baseline 0.003 -21"><span class='ocrx_word' id='word_1_800' title='bbox 1986 4285 2053 4355; x_wconf 81' lang='grc' dir='ltr'>β’.</span> <span class='ocrx_word' id='word_1_801' title='bbox 2074 4286 2160 4336; x_wconf 84' lang='grc' dir='ltr'>Ἐν</span> <span class='ocrx_word' id='word_1_802' title='bbox 2186 4287 2281 4354; x_wconf 78' lang='grc' dir='ltr'>μὲν</span> <span class='ocrx_word' id='word_1_803' title='bbox 2306 4280 2398 4340; x_wconf 75' lang='grc' dir='ltr'>οὖν</span> <span class='ocrx_word' id='word_1_804' title='bbox 2436 4289 2555 4351; x_wconf 87' lang='grc' dir='ltr'>ταῖς</span> <span class='ocrx_word' id='word_1_805' title='bbox 2587 4283 2981 4356; x_wconf 87' lang='grc' dir='ltr'>παρελθούσαις</span> <span class='ocrx_word' id='word_1_806' title='bbox 3002 4284 3178 4355; x_wconf 75' lang='grc' dir='ltr'>τρισὶν</span> <span class='ocrx_word' id='word_1_807' title='bbox 3217 4285 3453 4356; x_wconf 88' lang='grc' dir='ltr'>ἡμέραις</span> <span class='ocrx_word' id='word_1_808' title='bbox 3490 4287 3586 4340; x_wconf 84' lang='grc' dir='ltr'>ἐνα</span> 
     </span>
    </p>
   </div>
   <div class='ocr_carea' id='block_1_103' title="bbox 1914 4371 3586 4444">
    <p class='ocr_par' dir='ltr' id='par_1_103' title="bbox 1914 4371 3586 4444">
     <span class='ocr_line' id='line_1_104' title="bbox 1914 4371 3586 4444; baseline 0.002 -20"><span class='ocrx_word' id='word_1_809' title='bbox 1914 4371 2238 4440; x_wconf 86' lang='grc' dir='ltr'>θεογνωσίας</span> <span class='ocrx_word' id='word_1_810' title='bbox 2264 4373 2604 4444; x_wconf 83' lang='grc' dir='ltr'>ἐξητάσαμεν</span> <span class='ocrx_word' id='word_1_811' title='bbox 2627 4373 2848 4443; x_wconf 87' lang='grc' dir='ltr'>τρόπον,</span> <span class='ocrx_word' id='word_1_812' title='bbox 2881 4371 2974 4424; x_wconf 76' lang='grc' dir='ltr'>καὶ</span> <span class='ocrx_word' id='word_1_813' title='bbox 3002 4371 3136 4441; x_wconf 89' lang='grc' dir='ltr'>πρὸς</span> <span class='ocrx_word' id='word_1_814' title='bbox 3161 4372 3221 4424; x_wconf 88' lang='grc' dir='ltr'>τὸ</span> <span class='ocrx_word' id='word_1_815' title='bbox 3249 4374 3400 4437; x_wconf 89' lang='grc' dir='ltr'>τέλος</span> <span class='ocrx_word' id='word_1_816' title='bbox 3426 4376 3586 4427; x_wconf 75' lang='grc' dir='ltr'>αὐτὸν</span> 
     </span>
    </p>
   </div>
   <div class='ocr_carea' id='block_1_104' title="bbox 1912 4457 3586 4529">
    <p class='ocr_par' dir='ltr' id='par_1_104' title="bbox 1912 4457 3586 4529">
     <span class='ocr_line' id='line_1_105' title="bbox 1912 4457 3586 4529; baseline 0.002 -20"><span class='ocrx_word' id='word_1_817' title='bbox 1912 4457 2223 4528; x_wconf 73' lang='grc' dir='ltr'>ἠγάγομεν,</span> <span class='ocrx_word' id='word_1_818' title='bbox 2267 4459 2658 4529; x_wconf 80' lang='grc' dir='ltr'>ἑρμηνεύοντες</span> <span class='ocrx_word' id='word_1_819' title='bbox 2692 4459 2805 4522; x_wconf 87' lang='grc' dir='ltr'>πῶς</span> <span class='ocrx_word' id='word_1_820' title='bbox 2849 4462 2911 4512; x_wconf 84' lang='grc' dir='ltr'><em>Οἱ</em></span> <span class='ocrx_word' id='word_1_821' title='bbox 2955 4459 3196 4526; x_wconf 80' lang='grc' dir='ltr'>οὐρανοὶ</span> <span class='ocrx_word' id='word_1_822' title='bbox 3243 4458 3586 4529; x_wconf 77' lang='grc' dir='ltr'>διηγοῦνται</span> 
     </span>
    </p>
   </div>
   <div class='ocr_carea' id='block_1_105' title="bbox 1913 4543 3584 4615">
    <p class='ocr_par' dir='ltr' id='par_1_105' title="bbox 1913 4543 3584 4615">
     <span class='ocr_line' id='line_1_106' title="bbox 1913 4543 3584 4615; baseline 0.002 -20"><span class='ocrx_word' id='word_1_823' title='bbox 1913 4543 2027 4611; x_wconf 73' lang='grc' dir='ltr'>τὴν</span> <span class='ocrx_word' id='word_1_824' title='bbox 2058 4543 2244 4607; x_wconf 78' lang='grc' dir='ltr'>δόξαν</span> <span class='ocrx_word' id='word_1_825' title='bbox 2270 4547 2441 4608; x_wconf 84' lang='grc' dir='ltr'>Θεοῦ,</span> <span class='ocrx_word' id='word_1_826' title='bbox 2467 4547 2560 4598; x_wconf 75' lang='grc' dir='ltr'>καὶ</span> <span class='ocrx_word' id='word_1_827' title='bbox 2586 4545 2635 4598; x_wconf 85' lang='grc' dir='ltr'>τί</span> <span class='ocrx_word' id='word_1_828' title='bbox 2666 4545 2795 4598; x_wconf 88' lang='grc' dir='ltr'>ποτέ</span> <span class='ocrx_word' id='word_1_829' title='bbox 2829 4547 2946 4596; x_wconf 89' lang='grc' dir='ltr'>ἐστι</span> <span class='ocrx_word' id='word_1_830' title='bbox 2983 4543 3043 4596; x_wconf 86' lang='grc' dir='ltr'>τὸ</span> <span class='ocrx_word' id='word_1_831' title='bbox 3075 4543 3223 4615; x_wconf 79' lang='grc' dir='ltr'>παρὰ</span> <span class='ocrx_word' id='word_1_832' title='bbox 3253 4545 3344 4598; x_wconf 88' lang='grc' dir='ltr'>τοῦ</span> <span class='ocrx_word' id='word_1_833' title='bbox 3377 4546 3584 4599; x_wconf 87' lang='grc' dir='ltr'>Παύλου</span> 
     </span>
    </p>
   </div>
   <div class='ocr_carea' id='block_1_106' title="bbox 1913 4630 3584 4702">
    <p class='ocr_par' dir='ltr' id='par_1_106' title="bbox 1913 4630 3584 4702">
     <span class='ocr_line' id='line_1_107' title="bbox 1913 4630 3584 4702; baseline 0.004 -20"><span class='ocrx_word' id='word_1_834' title='bbox 1913 4630 2223 4700; x_wconf 89' lang='grc' dir='ltr'>λεγόμενον,</span> <span class='ocrx_word' id='word_1_835' title='bbox 2251 4632 2333 4683; x_wconf 84' lang='grc' dir='ltr'>ὅτι</span> <span class='ocrx_word' id='word_1_836' title='bbox 2369 4632 2444 4686; x_wconf 81' lang='grc' dir='ltr'>Τὰ</span> <span class='ocrx_word' id='word_1_837' title='bbox 2467 4633 2688 4698; x_wconf 77' lang='grc' dir='ltr'>ἀόρατα</span> <span class='ocrx_word' id='word_1_838' title='bbox 2705 4631 2890 4686; x_wconf 79' lang='grc' dir='ltr'>αὐτοῦ</span> <span class='ocrx_word' id='word_1_839' title='bbox 2919 4631 3036 4684; x_wconf 79' lang='grc' dir='ltr'>ἀπὸ</span> <span class='ocrx_word' id='word_1_840' title='bbox 3061 4633 3313 4698; x_wconf 77' lang='grc' dir='ltr'>κτίσεως</span> <span class='ocrx_word' id='word_1_841' title='bbox 3353 4635 3584 4702; x_wconf 82' lang='grc' dir='ltr'>κόσμου</span> 
     </span>
    </p>
   </div>
   <div class='ocr_carea' id='block_1_107' title="bbox 1913 4717 3585 4792">
    <p class='ocr_par' dir='ltr' id='par_1_107' title="bbox 1913 4717 3585 4792">
     <span class='ocr_line' id='line_1_108' title="bbox 1913 4717 3585 4792; baseline 0.002 -22"><span class='ocrx_word' id='word_1_842' title='bbox 1913 4717 2036 4783; x_wconf 85' lang='grc' dir='ltr'>τοῖς</span> <span class='ocrx_word' id='word_1_843' title='bbox 2068 4717 2357 4785; x_wconf 78' lang='grc' dir='ltr'>ποιήμασι</span> <span class='ocrx_word' id='word_1_844' title='bbox 2403 4721 2702 4789; x_wconf 74' lang='grc' dir='ltr'>νοούμενα</span> <span class='ocrx_word' id='word_1_845' title='bbox 2741 4717 3078 4786; x_wconf 78' lang='grc' dir='ltr'>καθορᾶται,</span> <span class='ocrx_word' id='word_1_846' title='bbox 3129 4720 3223 4773; x_wconf 71' lang='grc' dir='ltr'>καὶ</span> <span class='ocrx_word' id='word_1_847' title='bbox 3273 4720 3585 4792; x_wconf 86' lang='grc' dir='ltr'>ἐδείκνυμεν</span> 
     </span>
    </p>
   </div>
   <div class='ocr_carea' id='block_1_108' title="bbox 1916 4803 3586 4876">
    <p class='ocr_par' dir='ltr' id='par_1_108' title="bbox 1916 4803 3586 4876">
     <span class='ocr_line' id='line_1_109' title="bbox 1916 4803 3586 4876; baseline -0.001 -19"><span class='ocrx_word' id='word_1_848' title='bbox 1916 4803 2031 4866; x_wconf 89' lang='grc' dir='ltr'>πῶς</span> <span class='ocrx_word' id='word_1_849' title='bbox 2053 4804 2158 4855; x_wconf 88' lang='grc' dir='ltr'>ἀπὸ</span> <span class='ocrx_word' id='word_1_850' title='bbox 2195 4805 2424 4867; x_wconf 89' lang='grc' dir='ltr'>κτίσεως</span> <span class='ocrx_word' id='word_1_851' title='bbox 2453 4805 2679 4876; x_wconf 83' lang='grc' dir='ltr'>κόσμου,</span> <span class='ocrx_word' id='word_1_852' title='bbox 2707 4807 2799 4859; x_wconf 70' lang='grc' dir='ltr'>καὶ</span> <span class='ocrx_word' id='word_1_853' title='bbox 2832 4806 2946 4867; x_wconf 85' lang='grc' dir='ltr'>πῶς</span> <span class='ocrx_word' id='word_1_854' title='bbox 2989 4805 3054 4857; x_wconf 75' lang='grc' dir='ltr'>δι’</span> <span class='ocrx_word' id='word_1_855' title='bbox 3087 4805 3315 4876; x_wconf 82' lang='grc' dir='ltr'>οὐρανοῦ</span> <span class='ocrx_word' id='word_1_856' title='bbox 3353 4807 3444 4859; x_wconf 67' lang='grc' dir='ltr'>καὶ</span> <span class='ocrx_word' id='word_1_857' title='bbox 3483 4807 3586 4876; x_wconf 78' lang='grc' dir='ltr'>γῆς</span> 
     </span>
    </p>
   </div>
   <div class='ocr_carea' id='block_1_109' title="bbox 1916 4889 3586 4965">
    <p class='ocr_par' dir='ltr' id='par_1_109' title="bbox 1916 4889 3586 4965">
     <span class='ocr_line' id='line_1_110' title="bbox 1916 4889 3586 4965; baseline 0.002 -23"><span class='ocrx_word' id='word_1_858' title='bbox 1916 4891 2010 4942; x_wconf 70' lang='grc' dir='ltr'>καὶ</span> <span class='ocrx_word' id='word_1_859' title='bbox 2038 4889 2306 4961; x_wconf 85' lang='grc' dir='ltr'>θαλάττης</span> <span class='ocrx_word' id='word_1_860' title='bbox 2341 4893 2368 4943; x_wconf 91' lang='lat'>6</span> <span class='ocrx_word' id='word_1_861' title='bbox 2405 4893 2746 4964; x_wconf 86' lang='grc' dir='ltr'>Δημιουργὸς</span> <span class='ocrx_word' id='word_1_862' title='bbox 2770 4892 3328 4965; x_wconf 77' lang='grc' dir='ltr'>δοξάζεται.Τήμερον</span> <span class='ocrx_word' id='word_1_863' title='bbox 3357 4894 3411 4946; x_wconf 80' lang='grc' dir='ltr'>δέ</span> <span class='ocrx_word' id='word_1_864' title='bbox 3434 4893 3586 4962; x_wconf 81' lang='grc' dir='ltr'>ὀλίγα</span> 
     </span>
    </p>
   </div>
   <div class='ocr_carea' id='block_1_110' title="bbox 1916 4978 3582 5052">
    <p class='ocr_par' dir='ltr' id='par_1_110' title="bbox 1916 4978 3582 5052">
     <span class='ocr_line' id='line_1_111' title="bbox 1916 4978 3582 5052; baseline 0.002 -23"><span class='ocrx_word' id='word_1_865' title='bbox 1916 4978 2074 5030; x_wconf 82' lang='grc' dir='ltr'>πάλιν</span> <span class='ocrx_word' id='word_1_866' title='bbox 2107 4980 2184 5040; x_wconf 87' lang='grc' dir='ltr'>είς</span> <span class='ocrx_word' id='word_1_867' title='bbox 2225 4979 2390 5048; x_wconf 71' lang='grc' dir='ltr'>αὐτὴν</span> <span class='ocrx_word' id='word_1_868' title='bbox 2435 4980 2635 5050; x_wconf 86' lang='grc' dir='ltr'>ταύτην</span> <span class='ocrx_word' id='word_1_869' title='bbox 2680 4981 3136 5051; x_wconf 75' lang='grc' dir='ltr'>φιλοσοφήσαντες</span> <span class='ocrx_word' id='word_1_870' title='bbox 3186 4983 3282 5052; x_wconf 79' lang='grc' dir='ltr'>τὴν</span> <span class='ocrx_word' id='word_1_871' title='bbox 3311 4982 3582 5040; x_wconf 83' lang='grc' dir='ltr'>ὑπόθεσιν,</span> 
     </span>
    </p>
   </div>
   <div class='ocr_carea' id='block_1_111' title="bbox 1917 5065 3585 5140">
    <p class='ocr_par' dir='ltr' id='par_1_111' title="bbox 1917 5065 3585 5140">
     <span class='ocr_line' id='line_1_112' title="bbox 1917 5065 3585 5140; baseline 0.002 -24"><span class='ocrx_word' id='word_1_872' title='bbox 1917 5067 1999 5133; x_wconf 73' lang='grc' dir='ltr'>ἐφ’</span> <span class='ocrx_word' id='word_1_873' title='bbox 2041 5066 2222 5130; x_wconf 70' lang='grc' dir='ltr'>ἕτερον</span> <span class='ocrx_word' id='word_1_874' title='bbox 2269 5065 2593 5137; x_wconf 82' lang='grc' dir='ltr'>βαδιούμεθα</span> <span class='ocrx_word' id='word_1_875' title='bbox 2636 5067 2820 5135; x_wconf 76' lang='grc' dir='ltr'>λόγον’</span> <span class='ocrx_word' id='word_1_876' title='bbox 2868 5069 2926 5120; x_wconf 76' lang='grc' dir='ltr'>ού</span> <span class='ocrx_word' id='word_1_877' title='bbox 2980 5067 3086 5138; x_wconf 73' lang='grc' dir='ltr'>γάρ</span> <span class='ocrx_word' id='word_1_878' title='bbox 3136 5071 3294 5140; x_wconf 73' lang='grc' dir='ltr'>μόνον</span> <span class='ocrx_word' id='word_1_879' title='bbox 3335 5069 3585 5138; x_wconf 82' lang='grc' dir='ltr'>ἐποίησεν</span> 
     </span>
    </p>
   </div>
   <div class='ocr_carea' id='block_1_112' title="bbox 1916 5151 3580 5226">
    <p class='ocr_par' dir='ltr' id='par_1_112' title="bbox 1916 5151 3580 5226">
     <span class='ocr_line' id='line_1_113' title="bbox 1916 5151 3580 5226; baseline 0.001 -23"><span class='ocrx_word' id='word_1_880' title='bbox 1916 5151 2103 5223; x_wconf 84' lang='grc' dir='ltr'>αὐτὴν,</span> <span class='ocrx_word' id='word_1_881' title='bbox 2135 5152 2267 5205; x_wconf 85' lang='grc' dir='ltr'>ἀλλά</span> <span class='ocrx_word' id='word_1_882' title='bbox 2301 5153 2395 5206; x_wconf 76' lang='grc' dir='ltr'>καὶ</span> <span class='ocrx_word' id='word_1_883' title='bbox 2427 5154 2725 5225; x_wconf 88' lang='grc' dir='ltr'>γενομένην</span> <span class='ocrx_word' id='word_1_884' title='bbox 2779 5154 3105 5226; x_wconf 78' lang='grc' dir='ltr'>ἐργάζεσθαι</span> <span class='ocrx_word' id='word_1_885' title='bbox 3151 5155 3580 5222; x_wconf 87' lang='grc' dir='ltr'>παρεσκεύασεν,</span> 
     </span>
    </p>
   </div>
   <div class='ocr_carea' id='block_1_113' title="bbox 1922 5238 3584 5312">
    <p class='ocr_par' dir='ltr' id='par_1_113' title="bbox 1922 5238 3584 5312">
     <span class='ocr_line' id='line_1_114' title="bbox 1922 5238 3584 5312; baseline 0.002 -21"><span class='ocrx_word' id='word_1_886' title='bbox 1922 5238 2041 5292; x_wconf 70' lang='grc' dir='ltr'>οὔτε</span> <span class='ocrx_word' id='word_1_887' title='bbox 2078 5241 2255 5292; x_wconf 78' lang='grc' dir='ltr'>πᾶσαν</span> <span class='ocrx_word' id='word_1_888' title='bbox 2294 5241 2546 5312; x_wconf 85' lang='grc' dir='ltr'>ἀκίνητον</span> <span class='ocrx_word' id='word_1_889' title='bbox 2592 5242 2771 5311; x_wconf 74' lang='grc' dir='ltr'>ἀφεὶς,</span> <span class='ocrx_word' id='word_1_890' title='bbox 2814 5241 2935 5294; x_wconf 76' lang='grc' dir='ltr'>οὗτε</span> <span class='ocrx_word' id='word_1_891' title='bbox 2980 5245 3158 5296; x_wconf 79' lang='grc' dir='ltr'>πᾶσαν</span> <span class='ocrx_word' id='word_1_892' title='bbox 3194 5244 3455 5295; x_wconf 87' lang='grc' dir='ltr'>κινεῖσθαι</span> <span class='ocrx_word' id='word_1_893' title='bbox 3499 5260 3584 5295; x_wconf 87' lang='grc' dir='ltr'>κε-</span> 
     </span>
    </p>
   </div>
   <div class='ocr_carea' id='block_1_114' title="bbox 1920 5326 3585 5400">
    <p class='ocr_par' dir='ltr' id='par_1_114' title="bbox 1920 5326 3585 5400">
     <span class='ocr_line' id='line_1_115' title="bbox 1920 5326 3585 5400; baseline 0.001 -20"><span class='ocrx_word' id='word_1_894' title='bbox 1920 5326 2145 5390; x_wconf 72' lang='grc' dir='ltr'>λεύσαςο</span> <span class='ocrx_word' id='word_1_895' title='bbox 2179 5328 2292 5381; x_wconf 79' lang='grc' dir='ltr'>ἀλλ’</span> <span class='ocrx_word' id='word_1_896' title='bbox 2337 5329 2562 5399; x_wconf 81' lang='grc' dir='ltr'>οὐρανὸς</span> <span class='ocrx_word' id='word_1_897' title='bbox 2595 5330 2691 5400; x_wconf 74' lang='grc' dir='ltr'>μὲν</span> <span class='ocrx_word' id='word_1_898' title='bbox 2721 5330 2974 5400; x_wconf 81' lang='grc' dir='ltr'>ἀκίνητος</span> <span class='ocrx_word' id='word_1_899' title='bbox 3016 5331 3232 5400; x_wconf 76' lang='grc' dir='ltr'>ἕστηκε,</span> <span class='ocrx_word' id='word_1_900' title='bbox 3271 5329 3518 5400; x_wconf 72' lang='grc' dir='ltr'>καθάπερ</span> <span class='ocrx_word' id='word_1_901' title='bbox 3558 5334 3585 5382; x_wconf 84' lang='grc' dir='ltr'>ό</span> 
     </span>
    </p>
   </div>
   <div class='ocr_carea' id='block_1_115' title="bbox 1919 5415 3582 5487">
    <p class='ocr_par' dir='ltr' id='par_1_115' title="bbox 1919 5415 3582 5487">
     <span class='ocr_line' id='line_1_116' title="bbox 1919 5415 3582 5487; baseline 0.003 -22"><span class='ocrx_word' id='word_1_902' title='bbox 1919 5418 2204 5486; x_wconf 58' lang='grc' dir='ltr'>προῳὴτης</span> <span class='ocrx_word' id='word_1_903' title='bbox 2424 5417 2606 5487; x_wconf 72' lang='grc' dir='ltr'>φησὶν,</span> <span class='ocrx_word' id='word_1_904' title='bbox 2658 5418 2717 5469; x_wconf 84' lang='lat'>&#39;0</span> <span class='ocrx_word' id='word_1_905' title='bbox 2750 5419 2986 5484; x_wconf 75' lang='grc' dir='ltr'>στήσας</span> <span class='ocrx_word' id='word_1_906' title='bbox 3027 5418 3132 5470; x_wconf 70' lang='grc' dir='ltr'>τόν</span> <span class='ocrx_word' id='word_1_907' title='bbox 3157 5415 3415 5482; x_wconf 50' lang='lat' dir='ltr'>off-ard?</span> <span class='ocrx_word' id='word_1_908' title='bbox 3440 5416 3582 5470; x_wconf 72' lang='grc' dir='ltr'>ὡσεί</span> 
     </span>
    </p>
   </div>
   <div class='ocr_carea' id='block_1_116' title="bbox 1919 5502 3579 5574">
    <p class='ocr_par' dir='ltr' id='par_1_116' title="bbox 1919 5502 3579 5574">
     <span class='ocr_line' id='line_1_117' title="bbox 1919 5502 3579 5574; baseline 0.004 -20"><span class='ocrx_word' id='word_1_909' title='bbox 1919 5502 2210 5569; x_wconf 74' lang='grc' dir='ltr'>καμάραν,</span> <span class='ocrx_word' id='word_1_910' title='bbox 2245 5505 2338 5556; x_wconf 75' lang='grc' dir='ltr'>καὶ</span> <span class='ocrx_word' id='word_1_911' title='bbox 2368 5505 2663 5571; x_wconf 78' lang='grc' dir='ltr'>διατείνας</span> <span class='ocrx_word' id='word_1_912' title='bbox 2687 5507 2872 5560; x_wconf 79' lang='grc' dir='ltr'>αὑτὸν</span> <span class='ocrx_word' id='word_1_913' title='bbox 2909 5507 3046 5558; x_wconf 81' lang='grc' dir='ltr'>ώσεί</span> <span class='ocrx_word' id='word_1_914' title='bbox 3085 5503 3328 5571; x_wconf 64' lang='grc' dir='ltr'>σκηνὴν</span> <span class='ocrx_word' id='word_1_915' title='bbox 3351 5504 3448 5559; x_wconf 76' lang='grc' dir='ltr'>ἐπὶ</span> <span class='ocrx_word' id='word_1_916' title='bbox 3477 5507 3579 5574; x_wconf 79' lang='grc' dir='ltr'>τῆς</span> 
     </span>
    </p>
   </div>
   <div class='ocr_carea' id='block_1_117' title="bbox 1919 5587 3586 5664">
    <p class='ocr_par' dir='ltr' id='par_1_117' title="bbox 1919 5587 3586 5664">
     <span class='ocr_line' id='line_1_118' title="bbox 1919 5587 3586 5664; baseline 0.004 -23"><span class='ocrx_word' id='word_1_917' title='bbox 1919 5587 2059 5655; x_wconf 76' lang='grc' dir='ltr'>γῆς·</span> <span class='ocrx_word' id='word_1_918' title='bbox 2093 5591 2120 5641; x_wconf 90' lang='lat'>6</span> <span class='ocrx_word' id='word_1_919' title='bbox 2143 5591 2196 5642; x_wconf 81' lang='grc' dir='ltr'>δέ</span> <span class='ocrx_word' id='word_1_920' title='bbox 2221 5591 2369 5662; x_wconf 73' lang='grc' dir='ltr'>ἥλιος</span> <span class='ocrx_word' id='word_1_921' title='bbox 2403 5593 2538 5662; x_wconf 75' lang='grc' dir='ltr'>μετὰ</span> <span class='ocrx_word' id='word_1_922' title='bbox 2563 5592 2669 5645; x_wconf 86' lang='grc' dir='ltr'>τῶν</span> <span class='ocrx_word' id='word_1_923' title='bbox 2703 5593 2913 5664; x_wconf 79' lang='grc' dir='ltr'>ἄστρων</span> <span class='ocrx_word' id='word_1_924' title='bbox 2941 5591 3046 5644; x_wconf 88' lang='grc' dir='ltr'>τῶν</span> <span class='ocrx_word' id='word_1_925' title='bbox 3075 5591 3272 5646; x_wconf 89' lang='grc' dir='ltr'>λοιπῶν</span> <span class='ocrx_word' id='word_1_926' title='bbox 3307 5593 3427 5646; x_wconf 84' lang='grc' dir='ltr'>καθ’</span> <span class='ocrx_word' id='word_1_927' title='bbox 3457 5597 3586 5648; x_wconf 79' lang='grc' dir='ltr'>ἑκά·</span> 
     </span>
    </p>
   </div>
   <div class='ocr_carea' id='block_1_118' title="bbox 1921 5677 3586 5752">
    <p class='ocr_par' dir='ltr' id='par_1_118' title="bbox 1921 5677 3586 5752">
     <span class='ocr_line' id='line_1_119' title="bbox 1921 5677 3586 5752; baseline 0.006 -24"><span class='ocrx_word' id='word_1_928' title='bbox 1921 5694 2050 5742; x_wconf 88' lang='grc' dir='ltr'>στην</span> <span class='ocrx_word' id='word_1_929' title='bbox 2077 5677 2258 5746; x_wconf 80' lang='grc' dir='ltr'>τρέχει</span> <span class='ocrx_word' id='word_1_930' title='bbox 2285 5679 2382 5748; x_wconf 75' lang='grc' dir='ltr'>τὴν</span> <span class='ocrx_word' id='word_1_931' title='bbox 2421 5681 2632 5750; x_wconf 74' lang='grc' dir='ltr'>ἡμέραν</span> <span class='ocrx_word' id='word_1_932' title='bbox 2653 5696 2666 5708; x_wconf 89' lang='grc'><strong>·</strong></span> <span class='ocrx_word' id='word_1_933' title='bbox 2700 5680 2794 5731; x_wconf 76' lang='grc' dir='ltr'>καὶ</span> <span class='ocrx_word' id='word_1_934' title='bbox 2829 5681 2898 5747; x_wconf 87' lang='grc' dir='ltr'>γῆ</span> <span class='ocrx_word' id='word_1_935' title='bbox 2942 5679 3099 5732; x_wconf 89' lang='grc' dir='ltr'>πάλιν</span> <span class='ocrx_word' id='word_1_936' title='bbox 3130 5682 3365 5752; x_wconf 84' lang='grc' dir='ltr'>πέπηγε,</span> <span class='ocrx_word' id='word_1_937' title='bbox 3413 5683 3481 5736; x_wconf 79' lang='grc' dir='ltr'>τὰ</span> <span class='ocrx_word' id='word_1_938' title='bbox 3530 5684 3586 5739; x_wconf 60' lang='grc' dir='ltr'><strong>δῖ</strong></span> 
     </span>
    </p>
   </div>
   <div class='ocr_carea' id='block_1_119' title="bbox 1920 5763 3590 5839">
    <p class='ocr_par' dir='ltr' id='par_1_119' title="bbox 1920 5763 3590 5839">
     <span class='ocr_line' id='line_1_120' title="bbox 1920 5763 3590 5839; baseline 0.002 -25"><span class='ocrx_word' id='word_1_939' title='bbox 1920 5763 2087 5816; x_wconf 74' lang='grc' dir='ltr'>ὕδατα</span> <span class='ocrx_word' id='word_1_940' title='bbox 2123 5763 2323 5833; x_wconf 75' lang='grc' dir='ltr'>βαδίζει</span> <span class='ocrx_word' id='word_1_941' title='bbox 2363 5767 2649 5830; x_wconf 78' lang='grc' dir='ltr'>διαπαντός</span> <span class='ocrx_word' id='word_1_942' title='bbox 2668 5781 2681 5794; x_wconf 92' lang='grc'><strong>·</strong></span> <span class='ocrx_word' id='word_1_943' title='bbox 2711 5768 2808 5837; x_wconf 81' lang='grc' dir='ltr'>οὐχ</span> <span class='ocrx_word' id='word_1_944' title='bbox 2835 5767 2999 5820; x_wconf 79' lang='grc' dir='ltr'>ὕδατα</span> <span class='ocrx_word' id='word_1_945' title='bbox 3029 5768 3086 5821; x_wconf 80' lang='grc' dir='ltr'>δέ</span> <span class='ocrx_word' id='word_1_946' title='bbox 3121 5771 3297 5839; x_wconf 87' lang='grc' dir='ltr'>μόνον,</span> <span class='ocrx_word' id='word_1_947' title='bbox 3334 5771 3467 5824; x_wconf 80' lang='grc' dir='ltr'>ἀλλὰ</span> <span class='ocrx_word' id='word_1_948' title='bbox 3494 5769 3590 5823; x_wconf 77' lang='grc' dir='ltr'>καὶ</span> 
     </span>
    </p>
   </div>
   <div class='ocr_carea' id='block_1_120' title="bbox 1917 5851 3582 5928">
    <p class='ocr_par' dir='ltr' id='par_1_120' title="bbox 1917 5851 3582 5928">
     <span class='ocr_line' id='line_1_121' title="bbox 1917 5851 3582 5928; baseline 0.003 -27"><span class='ocrx_word' id='word_1_949' title='bbox 1917 5851 2137 5918; x_wconf 71' lang='grc' dir='ltr'>νεφέλαι</span> <span class='ocrx_word' id='word_1_950' title='bbox 2173 5853 2268 5904; x_wconf 73' lang='grc' dir='ltr'>καὶ</span> <span class='ocrx_word' id='word_1_951' title='bbox 2323 5853 2515 5923; x_wconf 76' lang='grc' dir='ltr'>ὄμϐροι</span> <span class='ocrx_word' id='word_1_952' title='bbox 2560 5858 2798 5924; x_wconf 87' lang='grc' dir='ltr'>συνεχεῖς</span> <span class='ocrx_word' id='word_1_953' title='bbox 2847 5856 2941 5909; x_wconf 70' lang='grc' dir='ltr'>καὶ</span> <span class='ocrx_word' id='word_1_954' title='bbox 2983 5857 3270 5928; x_wconf 84' lang='grc' dir='ltr'>ἐπάλληλοι</span> <span class='ocrx_word' id='word_1_955' title='bbox 3317 5857 3455 5912; x_wconf 84' lang='grc' dir='ltr'>κατά</span> <span class='ocrx_word' id='word_1_956' title='bbox 3494 5858 3582 5910; x_wconf 83' lang='grc' dir='ltr'>τὸν</span> 
     </span>
    </p>
   </div>
   <div class='ocr_carea' id='block_1_121' title="bbox 1918 5939 3581 6015">
    <p class='ocr_par' dir='ltr' id='par_1_121' title="bbox 1918 5939 3581 6015">
     <span class='ocr_line' id='line_1_122' title="bbox 1918 5939 3581 6015; baseline 0.002 -22"><span class='ocrx_word' id='word_1_957' title='bbox 1918 5939 2112 5993; x_wconf 81' lang='grc' dir='ltr'>οἰκεῖον</span> <span class='ocrx_word' id='word_1_958' title='bbox 2138 5939 2505 6008; x_wconf 77' lang='grc' dir='ltr'>ἀποδιδόμενοι</span> <span class='ocrx_word' id='word_1_959' title='bbox 2538 5941 2757 6012; x_wconf 84' lang='grc' dir='ltr'>καιρόν·</span> <span class='ocrx_word' id='word_1_960' title='bbox 2795 5945 2884 5996; x_wconf 72' lang='grc' dir='ltr'>καὶ</span> <span class='ocrx_word' id='word_1_961' title='bbox 2912 5943 3007 6012; x_wconf 86' lang='grc' dir='ltr'>μία</span> <span class='ocrx_word' id='word_1_962' title='bbox 3042 5946 3141 6014; x_wconf 76' lang='grc' dir='ltr'>μὲν</span> <span class='ocrx_word' id='word_1_963' title='bbox 3167 5948 3198 6010; x_wconf 78' lang='grc' dir='ltr'>ἡ</span> <span class='ocrx_word' id='word_1_964' title='bbox 3229 5945 3334 5996; x_wconf 86' lang='grc' dir='ltr'>τῶν</span> <span class='ocrx_word' id='word_1_965' title='bbox 3361 5945 3581 6015; x_wconf 72' lang='grc' dir='ltr'>δμὸρων</span> 
     </span>
    </p>
   </div>
  </div>
