3920 6224
379 328 480 385 129

377 444 560 515 φύσις,
590 442 822 517 διάφορα
840 444 895 499 δὲ
922 445 989 499 τὰ
1010 443 1070 510 ἐξ
1097 445 1275 499 αὐτῶν
1302 447 1564 517 γινόμενα
1608 461 1634 489 ἰ
1651 466 1664 478 ⁸
1708 454 1804 503 καὶ
1849 450 1958 522 γάρ
1987 453 2045 504 ὲν

381 534 610 606 ἀμπέλῳ
649 534 859 603 γίνεται
878 530 1019 597 οἶνος
1055 537 1083 588 6
1113 534 1284 600 ύετὸς,
1316 538 1411 589 καὶ
1442 536 1619 589 ἔλαιον
1648 540 1706 591 ὲν
1743 537 1916 610 ἐλαίᾳ,
1953 541 2047 594 καὶ

379 626 442 678 ἐν
472 625 584 685 τοῖς
633 623 813 685 ἄλλοις
858 623 914 675 δὲ
962 625 1148 691 φυτοῖς
1181 622 1318 693 πρὸς
1344 624 1473 687 τοὺς
1506 623 1687 678 αὐτῶν
1736 624 2056 695 μεθίσταται

381 709 607 781 χυμούς.
640 709 749 765 Καὶ
785 708 883 779 μία
919 708 976 762 δὲ
1008 709 1103 780 τῆς
1144 713 1247 781 γῆς
1294 712 1326 780 ἡ
1378 710 1589 783 γαστὴρ
1631 712 1725 765 καὶ
1768 713 2059 782 διαφόρους

381 799 534 869 φέρει
577 797 848 867 καρπούς·
896 796 992 850 καὶ
1042 797 1139 867 μία
1191 798 1291 867 μὲν
1332 799 1370 869 ἡ
1407 801 1509 870 τῆς
1549 800 1784 871 ήλιακῆς
1839 802 2058 863 ἀκτῖνος

383 889 561 958 θέρμη
611 886 706 939 καὶ
737 884 1007 954 διαφόρως
1052 884 1270 940 ἅπαντα
1315 887 1588 948 πεπαίνει,
1620 886 1692 940 τά
1729 887 1828 958 μὲν
1864 887 2059 960 βραδύ-

379 992 558 1044 τερον,
594 975 662 1025 τά
694 972 750 1024 δὲ
781 970 1076 1043 ταχύτερον
1101 972 1238 1043 πρὸς
1266 973 1448 1045 ἀκμὴν
1475 975 1708 1042 ἄγουσα.
1740 975 1838 1038 Τίς
1863 977 1965 1029 οὐκ
1991 975 2057 1029 ἂν

379 1061 550 1115 ταῦτα
580 1059 878 1131 ἐκπλαγείη
923 1061 1018 1113 καὶ
1070 1060 1408 1131 θαυμάσειεη
1468 1061 1667 1132 μᾶλλον
1702 1062 1760 1115 δὲ
1803 1063 1864 1116 ού
1898 1061 2059 1116 τοῦτο

382 1147 540 1218 μόνον
576 1146 692 1199 ἐστὶ
728 1142 790 1199 τὸ
818 1135 1155 1216 θαυμαστὸν,
1193 1148 1276 1201 ὅτι
1317 1148 1569 1220 ποικίλην
1603 1144 1773 1219 αὐτὴν
1814 1149 1912 1203 καὶ
1943 1147 2056 1205 διά-

379 1252 541 1306 φορον
566 1232 986 1297 κατεσκεύασεν,
1021 1234 1135 1288 ἀλλ’
1163 1236 1242 1288 ὅτι
1269 1237 1360 1288 καὶ
1385 1237 1569 1306 κοινὴν
1591 1236 1759 1307 αὐτὴν
1789 1234 2058 1306 προσέθη-

379 1341 471 1376 κεν
504 1323 695 1384 ἆπασι,
728 1323 821 1375 καὶ
858 1321 1132 1385 πλουσίοις
1168 1323 1263 1376 καὶ
1309 1323 1534 1394 πένησι,
1579 1324 1674 1377 καὶ
1711 1323 2056 1395 ἁμαρτωλοῖς

377 1420 472 1465 καί
504 1407 751 1474 δικαίοις.
786 1411 964 1482 Ὅπερ
994 1402 1086 1464 οῦν
1119 1406 1210 1464 καί
1241 1412 1269 1464 6
1305 1411 1538 1482 Χριστὸς
1576 1410 1780 1478 ἔλεγεν,
1814 1411 1897 1464 ὃτι
1946 1411 2058 1464 Τὸν

379 1498 558 1567 ἣλιον
585 1498 771 1552 αὑτοῦ
796 1496 1115 1552 ἀνατέλλει
1146 1498 1244 1551 ἐπὶ
1275 1498 1581 1567 πονηροὺς
1619 1499 1719 1552 καὶ
1770 1498 2054 1567 ἀγαθοὺς,

378 1586 478 1639 καί
494 1583 702 1654 βρέχει
730 1586 827 1639 ἐπὶ
852 1585 1122 1651 δικαίους
1144 1585 1243 1639 καὶ
1271 1586 1522 1651 ἀδίκους
1541 1603 1554 1615 ⁸
1589 1587 1683 1640 καὶ
1723 1586 1933 1657 μυρίων
1961 1588 2059 1638 αῦ-

377 1675 474 1747 τὴν
504 1668 656 1738 ζώων
690 1673 995 1745 ἐμπλήσας,
1026 1674 1120 1726 καὶ
1148 1674 1351 1742 φυσικά
1388 1677 1503 1738 τοῖς
1534 1674 1694 1738 ζώοις
1724 1675 1899 1737 ἐνθεὶς
1924 1673 2053 1745 ἢθη,

377 1762 447 1816 τά
485 1760 584 1830 μὲν
636 1761 950 1831 μιμεῖσθαι,
997 1761 1066 1814 τά
1108 1760 1164 1813 δὲ
1210 1760 1433 1830 φεύγειν
1488 1761 1793 1814 ἐκέλευσεν.
1829 1755 1954 1814 Οἷόν
2003 1779 2056 1813 τι

377 1845 522 1920 λέγω
542 1866 552 1878 ‘
589 1843 876 1918 φιλόπονόν
902 1849 1049 1901 ἐστιν
1075 1851 1103 1902 ὁ
1131 1846 1373 1920 μύρμηξ,
1412 1849 1506 1902 καὶ
1540 1849 1796 1902 ἐπίπονον
1820 1851 2056 1901 ποιεῖται

377 1934 476 2008 τὴν
505 1936 796 2008 ἐργασίαν·
829 1936 894 1990 ἂν
935 1934 1114 1990 τοίνυν
1146 1934 1443 2007 προσέχῃς,
1479 1937 1740 2007 μεγίστην
1775 1936 1928 2010 παρά
1960 1933 2056 1989 τοῦ

380 2020 520 2090 ζώου
545 2020 672 2097 δέξῃ
692 2021 1035 2096 παραίνεσιν,
1065 2024 1206 2078 ὥστε
1241 2024 1314 2095 μὴ
1349 2024 1890 2094 καταμαλακίζεσθαι
1923 2023 2058 2095 μηδὲ

289 2136 296 2144 ⁸
379 2111 600 2182 φεύγείν
627 2111 855 2183 ἱδρῶτας
877 2111 969 2165 καὶ
996 2111 1207 2175 πόνους.
1242 2111 1342 2164 Δια
1382 2107 1543 2165 τοῦτο
1567 2113 1657 2165 καὶ
1689 2113 1722 2182 ἠ
1753 2111 1941 2183 Γραφὴ
1967 2112 2058 2166 τὸν

379 2195 607 2272 ὀκνηρὸν
656 2197 793 2269 πρὸς
841 2199 1047 2251 ἐκεῖνον
1085 2197 1296 2268 έπεμψε
1331 2197 1589 2267 λέγουσα·
1633 2199 1735 2252 Ἴθι
1768 2198 1916 2268 πρὸς
1954 2198 2061 2252 τὸν

375 2288 674 2358 μύρμηκα.
705 2281 753 2340 ὧ
778 2285 1020 2353 ὀκνηρέ,
1060 2284 1161 2340 καὶ
1191 2283 1464 2352 ζήλωσον
1490 2289 1597 2350 τὰς
1635 2285 1815 2352 ὀδοὺς
1847 2286 2056 2350 αὑτοῦ,

378 2376 478 2431 καὶ
508 2375 683 2447 γενοῦ
711 2374 947 2429 ἐκείνου
978 2373 1336 2444 σοφώτερος,
1367 2375 1440 2427 Ού
1466 2368 1664 2444 βούλει,
1686 2372 1820 2446 φησὶ
1838 2415 1854 2439 ,
1909 2371 2061 2447 παρά

376 2463 486 2518 τῶν
516 2460 794 2536 Γραφῶνδ
825 2464 1016 2535 μαθεῖν
1036 2463 1118 2515 ὅτι
1142 2461 1306 2516 καλὸν
1338 2462 1398 2514 τὸ
1425 2460 1775 2531 ἐργάζεσθαι,
1807 2462 1900 2516 καὶ
1922 2463 2002 2516 ὅτι
2032 2464 2062 2516 6

383 2553 457 2624 μὴ
490 2549 859 2623 ἐργαζόμενος
901 2548 1022 2603 οὐδὲ
1064 2549 1266 2602 ἐσθίειν
1312 2548 1550 2618 όφείλει;
1586 2549 1647 2601 οὐ
1685 2542 1863 2619 βούλει
1908 2550 2060 2619 παρά

377 2639 488 2694 τῶν
515 2638 848 2692 διδασκάλων
879 2636 1110 2690 ἀκοῦσαι
1152 2636 1344 2702 τοῦτο;
1396 2635 1717 2707 παιδεύθητι
1760 2636 1912 2707 παρά
1950 2635 2060 2689 τῶν

378 2723 610 2796 ἀλόγων.
646 2720 804 2779 Οῦτω
845 2720 938 2779 καὶ
968 2725 1024 2779 ὲν
1058 2726 1179 2787 ταῖς
1222 2723 1422 2788 οἰκίαις
1470 2723 1757 2793 ποιοῦμεν,
1802 2722 2061 2786 πολλάκις

377 2815 504 2879 τοὺς
530 2813 783 2887 μείζονας
810 2813 905 2867 καὶ
927 2810 1307 2884 ἐντιμοτέρους
1334 2807 1474 2865 εἶναι
1499 2811 1808 2876 δοκοῦντας,
1838 2809 2059 2866 ἐπειδὰν

383 2903 690 2976 ἁμάρτωσι,
726 2898 957 2965 παιδίοις
981 2902 1210 2972 νήφουσι
1235 2899 1524 2971 προσέχειν
1567 2898 2059 2972 παρακελευόμεθα

377 2988 656 3062 λέγοντες-⁸
708 2986 882 3043 Βλέπε
922 2984 1012 3042 τὸν
1055 2999 1077 3027 ο
1121 2984 1439 3061 μικρότερὸν
1481 3004 1573 3041 σου
1608 2986 1726 3052 πῶς
1754 2987 1870 3041 ἐστι
1899 3003 2063 3040 σπου-

379 3075 526 3142 δαῖος
551 3081 644 3133 καὶ
671 3074 1113 3147 διεγηγερμένος.

450 3164 561 3219 Καὶ
587 3162 650 3218 σῦ
679 3163 859 3218 τοίνυν
918 3163 1071 3235 παρά
1110 3161 1204 3216 τοῦ
1239 3157 1378 3227 ζώου
1403 3157 1595 3215 τούτου
1627 3160 1892 3234 μεγίστην
1928 3159 2061 3214 λάϐε

381 3250 698 3322 φιλοπονίας
722 3251 1065 3324 παραίνεσιν,
1088 3251 1182 3306 καὶ
1206 3249 1486 3322 θαύμασόν
1518 3268 1611 3304 σου
1630 3248 1723 3304 τὸν
1752 3248 2048 3316 Δεσπότην,

382 3340 458 3412 μὴ
488 3338 675 3414 ἐπειδὴ
702 3334 853 3412 ἥλιον
882 3338 1106 3411 ἐποίησε
1131 3339 1292 3411 μόνον
1321 3338 1414 3393 καὶ
1438 3337 1684 3409 οὐρανὸν,
1721 3335 1836 3390 ἀλλ’
1872 3334 2059 3406 ἐπειδὴ

380 3428 475 3482 καὶ
505 3424 772 3501 μύρμηκα
795 3427 1056 3500 εποίησεν
1085 3444 1099 3457 ⁸
1126 3427 1175 3479 εἰ
1198 3425 1307 3497 γάρ
1326 3425 1422 3479 καὶ
1449 3424 1624 3498 βραχὺ
1651 3421 1712 3476 τὸ
1741 3417 1901 3487 ζῶον,
1926 3416 2062 3475 άλλά

379 3514 474 3571 τοῦ
492 3515 758 3587 μεγέθους
778 3514 880 3586 τῆς
911 3513 1101 3583 σοφίας
1123 3512 1216 3567 τοῦ
1249 3512 1384 3566 Θεοῦ
1416 3511 1620 3583 πολλὴν
1653 3510 1764 3582 ἔχει
1789 3510 1888 3582 τὴν
1923 3507 2062 3563 ἀπό-

378 3600 562 3668 δειξιν.
607 3598 888 3673 Ἐννόησον
913 3600 1044 3671 γοῦν
1067 3600 1184 3663 πῶς
1213 3602 1330 3653 ἐστι
1358 3599 1598 3664 συνετὸν,
1628 3599 1722 3652 καὶ
1754 3597 2059 3669 θαύμασον,

380 3691 501 3754 πῶς
565 3688 786 3760 ἴσχυσεν
822 3684 852 3740 6
893 3684 1026 3752 Θεὸς
1052 3689 1110 3743 ὲν
1152 3680 1295 3742 οὕτω
1332 3686 1525 3757 βραχεῖ
1553 3685 1765 3756 σώματι
1790 3683 2061 3755 τοσαύτην

382 3775 764 3847 ὲγκαταθεῖναι
801 3771 1066 3847 ἐργασίας
1100 3772 1396 3843 ἐπιθυμίαν
1424 3771 1786 3826 ἀδιάπτωτον.
1818 3771 1928 3824 Καὶ
1952 3770 2062 3823 ἀπὸ
2118 3778 2123 3783 “

379 3864 577 3922 τούτου
607 3865 705 3936 μὲν
737 3864 799 3918 τὸ
850 3862 1157 3932 φιλόπονον,
1196 3858 1304 3914 ἀπὸ
1351 3858 1409 3913 δὲ
1451 3860 1554 3930 τῆς
1578 3858 1830 3930 μελίττης
1867 3858 1961 3913 καὶ⁸
1999 3858 2062 3912 τὸ

382 3952 669 4024 φιλόκαλον
697 3946 792 4006 καὶ
819 3943 878 4004 τὸ
904 3948 1190 4020 φιλόπονον
1220 3943 1459 4018 μάνθανε
1507 3948 1602 4002 καὶ
1628 3947 1690 4001 τὸ
1710 3946 2054 4018 φιλάλληλον.

381 4041 492 4097 Καὶ
518 4040 628 4113 γὰρ
661 4035 841 4106 ἐκείνη
878 4038 978 4108 οὐχ
1004 4038 1172 4108 ἑαυτῇ
1207 4035 1405 4106 μᾶλλον
1430 4034 1464 4109 ἢ
1498 4034 1629 4107 ἡμῖν
1653 4037 1809 4089 πονεῖ
1841 4035 1935 4088 καὶ
1956 4052 2056 4088 τα-

379 4124 735 4200 λαιπωρεῖται
762 4120 883 4181 καθ⁴
909 4125 1145 4195 ἑκάστην
1170 4124 1383 4196 ἡμέραν
1402 4141 1415 4154 ⁸
1444 4123 1473 4176 ὃ
1504 4123 1738 4193 μάλιστα
1766 4122 1898 4177 ἴδιον
1923 4124 2058 4196 Χρι-

384 4216 606 4288 στιανῷ,
637 4215 698 4269 τὸ
741 4215 815 4287 μὴ
860 4214 930 4269 τὰ
968 4212 1162 4267 ἑαυτοῦ
1193 4212 1397 4283 ζητεῖν,
1424 4211 1561 4266 ἀλλὰ
1587 4210 1657 4265 τά
1683 4211 1793 4265 τῶν
1827 4210 2057 4282 ἐτέρων.

385 4305 595 4377 Ὠσπερ
633 4298 725 4356 οῦν
759 4302 941 4373 ἐκείνη
978 4300 1184 4363 πάντας
1219 4298 1578 4372 περιίπταται
1608 4299 1735 4362 τοὺς
1761 4297 2056 4369 λειμῶνας,

384 4392 474 4446 ἵνα
507 4390 728 4462 ἑτοίμην
757 4389 841 4443 ἑτέ
852 4402 927 4460 ρῳ
944 4387 1336 4460 παρασκευάσῃ
1363 4385 1640 4459 τράπεζαν
1659 4403 1672 4417 ⁸
1706 4382 1850 4439 οῦτω
1873 4387 1969 4440 καὶ
1991 4387 2057 4441 σὺ

388 4479 630 4551 ποίησον,
655 4476 930 4549 ἄνθρωπε,
972 4469 1074 4529 κᾶν
1112 4477 1369 4547 χρήματα
1409 4473 1692 4545 συλλέγῃς,
1728 4470 1809 4537 είς
1837 4471 2061 4545 ἑτέρους

384 4567 714 4639 δαπάνησον,
746 4561 851 4619 κᾶν
875 4557 1067 4632 λόγους
1087 4562 1433 4626 διδασκαλίας
1458 4561 1608 4634 ἔχῃς.
1639 4561 1714 4633 μὴ
1732 4561 2058 4635 κατορύξῃς,

383 4654 522 4711 ἀλλὰ
553 4652 753 4725 πρόθες
777 4647 930 4723 [126]
958 4644 1039 4713 είς
1068 4644 1230 4720 μέσον
1261 4648 1373 4714 τοῖς
1409 4649 1704 4720 δεομένοις,
1744 4648 1848 4702 κᾶν
1873 4648 2060 4722 ἕτερον

385 4742 516 4816 ἔχῃς
564 4739 967 4810 πλεονέκτημα,
1016 4735 1176 4807 γενῦῦ
1212 4737 1481 4808 χρήσιμος
1512 4736 1625 4799 τοῖς
1657 4732 1933 4806 δεομένοις
1951 4734 2061 4790 τῶν

389 4831 496 4884 σῶν
521 4827 814 4882 ἀπολαύειν
855 4823 1053 4880 πόνων.
1089 4823 1202 4895 Οὐχ
1230 4824 1362 4895 δρᾷς
1397 4822 1479 4878 ὅτι
1504 4822 1592 4878 διὰ
1618 4823 1779 4877 τοῦτο
1828 4823 2064 4895 μάλιστα

384 4918 494 4973 τῶν
515 4912 686 4972 ἄλλων
704 4914 848 4975 ἐστὶν
880 4906 1201 4985 ἐντιμοτέρα
1224 4911 1376 4977 ζώων
1403 4913 1436 4983 ἠ
1469 4911 1712 4982 μέλιττα,
1745 4907 1847 4965 οὐκ
1877 4910 2062 4983 ἐπειδὴ

388 5011 563 5072 πονεῖ,
609 5002 723 5062 ἀλλ’
774 5002 961 5075 ἐπειδὴ
1020 5001 1228 5075 ἑτέροις
1258 5002 1444 5067 πονεϊ;
1476 5000 1601 5056 ἐπεὶ
1633 5003 1728 5056 καὶ
1760 5000 1789 5055 6
1818 5001 2061 5073 ἀράχνης

389 5096 539 5151 πονεῖ
608 5094 701 5150 καὶ
759 5090 1185 5163 ταλαιπωρεῖται
1240 5090 1335 5144 καὶ
1381 5088 1554 5143 λεπτὰ
1611 5087 1866 5143 διατείνει
1922 5087 2063 5142 κατά

386 5186 514 5248 τοὺς
558 5182 770 5253 τοίχους
831 5178 1129 5249 ὑφάσματα
1168 5176 1350 5232 πᾶσαν
1395 5174 1650 5246 γυναικὸς
1675 5174 1868 5245 σοφίαν
1891 5173 2063 5246 ύπερ-

387 5272 674 5335 ϐάλλοντα,
716 5268 831 5324 ἀλλ’
869 5266 1015 5319 ἔστιν
1052 5266 1247 5335 ἄτιμον
1288 5263 1350 5316 τὸ
1395 5261 1554 5328 ζῶον,
1600 5262 1788 5332 ἐπειδὴ
1812 5261 1873 5314 τὸ
1900 5260 2062 5333 ἔργον

388 5363 520 5432 ἡμῖν
548 5356 781 5429 οὐδαμοῦ
835 5356 1122 5427 χρήσιμον.
1160 5350 1402 5406 Τοιοῦτοί
1427 5349 1564 5405 είσιν
1593 5352 1642 5403 of.
1676 5348 1891 5413 ἑαυτοῖς
1958 5350 2061 5403 κά-

390 5465 613 5518 μνοντες
642 5446 737 5501 καὶ
765 5442 1287 5512 ταλαιπωρούμενοι.
1318 5436 1566 5508 Μίμησαι
1593 5436 1694 5506 τῆς
1737 5437 2063 5508 περιστερᾶς

387 5534 451 5590 τὸ
497 5534 783 5603 ἀκέραιον,
831 5529 1066 5600 μίμησαι
1103 5524 1197 5580 τοῦ
1245 5525 1366 5578 ὄνου
1422 5523 1482 5577 τὸ
1529 5518 1906 5594 φιλοδέσποτον
1966 5523 2061 5578 καὶ

385 5623 483 5678 τοῦ
539 5621 682 5692 βοὸς,
738 5619 974 5691 μίμησαι
1021 5614 1130 5668 τῶν
1174 5612 1402 5685 ὀρνίθων
1453 5611 1514 5665 τὸ
1569 5611 1902 5683 ἀμέριμνον·
1944 5611 2061 5666 ἔστι

453 5769 470 5791 ⁸
505 5772 585 5821 διε
605 5767 756 5820 Savil.
781 5778 835 5818 et
859 5780 1030 5818 omnes
1048 5778 1179 5828 pene
1200 5778 1311 5828 mss.
1341 5763 1516 5813 Morel.
1540 5773 1658 5828 yero
1678 5764 1920 5828 γενόμενα.
1946 5763 2057 5814 Mox

392 5840 496 5896 [r65
519 5848 632 5883 mss.
653 5834 769 5896 πρὸς
788 5831 887 5896 τοῖς
910 5826 1098 5876 ἐκείνων
1118 5827 1399 5896 καθίσταεαι
1419 5826 1607 5896 χμμοῖς,
1632 5828 1712 5876 καὶ
1741 5826 1842 5891 μία.

453 5895 485 5961 lg
509 5895 658 5961 Sag“:
687 5888 739 5942 ét
757 5889 953 5961 quidam
974 5902 1087 5938 mss.
1116 5888 1169 5937 ἐκ
1191 5890 1285 5937 τῶν
1307 5888 1518 5952 Γραφῶν.

454 5954 484 5992 τ
510 5953 609 6008 ΑΞῆ
632 5956 720 6023 ὅρα
740 5953 839 6002 τοι.

1142 330 1201 386 S.
1242 329 1531 388 JOANNIS
1565 331 2065 391 CHRYSOSTOMI
2099 332 2418 392 ARCHIEP.
2463 334 3020 390 CONS'IAN'IINUP.

3736 341 3847 397 130

2151 449 2279 521 γὰρ,
2325 449 2439 505 ἔστι
2489 449 2702 520 μεγάλα
2756 449 2869 504 ἀπὸ
2914 448 3024 502 τῶν
3074 448 3281 516 ἀλόγων
3324 453 3723 524 καρπώσασθαι
3752 460 3836 520 εἰς
3898 484 3899 491 ι

2151 538 2298 609 ἠθῶν
2329 538 2634 610 διόρθωσιν.
2663 538 2797 591 Ἀπὸ
2827 538 3032 592 τούτων
3067 539 3160 592 καὶ
3191 542 3219 593 6
3243 542 3476 612 Χριστὸς
3509 546 3640 617 ἡμῖν
3666 547 3854 600 διαλέο

2148 642 2306 693 γεται
2334 625 2445 679 τῶν
2478 625 2631 691 ζώων
2655 642 2668 656 ⁸
2694 627 2951 681 Γίνεσθε
2972 627 3087 697 γάρ
3126 629 3417 698 φρόνιμοι,
3444 633 3629 701 φησὶν,
3674 632 3759 698 ὡς
3781 635 3841 687 οι

2151 712 2341 781 δέρεις,
2387 712 2488 767 καὶ
2532 712 2792 783 ἀκέραιοι
2840 714 2922 779 ὡς
2958 717 3017 768 αἱ
3073 718 3436 783 περιστεραί.
3480 719 3590 772 Καὶ
3637 719 3837 774 πάλιν·

2163 801 2532 870 Ἐμϐλέψατε
2559 800 2745 867 είς.τὰ
2765 802 3006 855 πετεινὰ
3025 801 3131 855 τοῦ
3156 803 3438 869 οίιρανοῦ,
3459 804 3548 859 ὅτι
3566 808 3638 860 οὐ
3664 807 3845 860 σπεί-

2143 905 2236 955 ρει
2263 888 2405 942 οὐδὲ
2432 888 2658 957 θερίζει,
2687 888 2785 941 καὶ
2811 892 2843 943 ὁ
2867 889 3068 958 Πατὴρ
3089 888 3254 958 ὑμῶν
3278 894 3310 944 ό
3336 891 3614 959 οὐράνιος
3638 893 3843 962 τρέφει

2152 974 2324 1033 αὐτοὶ.
2387 977 2499 1030 Καὶ
2532 977 2561 1028 6
2593 977 2880 1047 προφήτης
2935 976 2993 1028 δὲ
3043 977 3317 1047 ἐντρέπων
3350 981 3475 1043 τοὺς
3512 981 3842 1051 ἀγνώμονας

2164 1059 2469 1125 Ἰουδαίους,
2506 1061 2649 1115 οὕτω
2675 1061 2791 1125 πώς
2822 1078 2985 1132 φησιν
3005 1079 3018 1092 ⁸
3055 1063 3245 1132 Ἔγνω
3269 1063 3426 1131 βοῦς
3465 1066 3573 1118 τὸν
3609 1066 3844 1133 κτησάι

2147 1162 2355 1217 μενον,
2369 1148 2469 1203 καὶ
2491 1149 2628 1215 ὄνος
2642 1148 2757 1218 τὴν
2772 1146 3009 1218 φάτνην
3024 1144 3130 1203 τοῦ
3146 1152 3353 1218 κυρίου
3369 1153 3575 1216 αὐτοῦ,
3593 1153 3844 1224 Ἰσραὴλ

2151 1234 2218 1289 δέ
2256 1245 2335 1305 με
2396 1239 2509 1290 οὐκ
2556 1234 2729 1308 ἔγνω.
2782 1237 2894 1291 Καὶ
2937 1237 3122 1301 πάλιν,
3170 1237 3409 1309 Τρυγὼν
3449 1241 3542 1293 καί
3573 1241 3844 1310 χελιδὼν

2152 1321 2361 1391 ἀγροῦ,
2393 1324 2702 1391 στρουθία,
2761 1324 3037 1388 ἔγνωσαν
3064 1324 3308 1392 καιροὺς
3339 1325 3590 1379 εἰσόδων
3611 1326 3843 1391 αὐτῶν,

2152 1413 2185 1463 ό
2217 1408 2286 1463 δὲ
2311 1412 2461 1476 λαός
2489 1427 2609 1479 μου
2630 1413 2742 1464 οὐκ
2768 1411 3012 1480 ἐγνωτὰ
3027 1412 3280 1480 κρίματα
3302 1415 3519 1480 Κυρίου
3544 1413 3651 1466 τοῦ
3684 1414 3841 1468 Θεοῦ

2150 1495 2356 1550 αὐτοῦ.
2389 1497 2524 1550 Ἀπὸ
2552 1496 2649 1568 μὲν
2670 1497 2874 1551 τούτων
2894 1502 2988 1551 καὶ
3014 1499 3121 1552 τῶν
3146 1498 3401 1553 τοιούτων
3418 1499 3571 1565 ζώων
3593 1501 3840 1571 μάνθανε

2151 1574 2451 1656 κατορθοῦν
2479 1585 2698 1657 ἀρετὴν,
2736 1585 2844 1638 ἀπὸ
2884 1584 2941 1638 δὲ
2971 1584 3082 1639 τῶν
3109 1586 3368 1639 ἐναντίων
3414 1580 3672 1640 παιδεύου
3701 1587 3839 1656 φεύ-

2149 1689 2269 1740 γειν
2320 1673 2540 1726 κακίαν.
2577 1673 2788 1743 ’Ὥσπερ
2826 1673 2938 1744 γὰρ
2986 1673 3273 1742 φιλόκαλον
3302 1676 3336 1745 ἡ
3364 1673 3613 1744 μέλιττα,
3659 1664 3839 1739 οὕτως

2151 1759 2391 1830 ὀλέθριον
2424 1762 2456 1831 ὴ
2490 1760 2654 1823 ἀσπίς
2675 1778 2689 1791 ⁸
2735 1759 3122 1831 ἀποστράφηθι
3161 1760 3334 1814 τοίνυν
3362 1761 3462 1832 τὴν
3492 1763 3714 1827 κακίαν,
3749 1764 3837 1816 ἵνα

2156 1847 2229 1919 μὴ
2247 1846 2502 1918 ἀκούσῃς·
2543 1848 2647 1913 Ἰὀς
2661 1846 2938 1902 ἀσπίδων
2957 1847 3072 1903 ὑπὸ
3093 1846 3165 1901 τὰ
3186 1849 3362 1917 χείλη
3393 1847 3614 1902 αὐτῶν.
3648 1850 3836 1902 Ἀναί-

2156 1952 2379 2006 σχυντον
2414 1933 2575 1989 πάλιν
2608 1937 2636 1988 6
2673 1934 2818 1989 κύων
2845 1952 2858 1966 ⁸
2903 1935 3132 2006 μίσησον
3167 1935 3260 1988 καὶ
3299 1934 3502 2005 ταύτην
3533 1936 3634 2006 τὴν
3665 1953 3838 2007 πονη-

2156 2024 2297 2095 ρίαν.
2352 2023 2578 2097 Δολερὸν
2616 2024 2710 2077 καὶ
2749 2021 3057 2094 πανοῦργον
3094 2024 3128 2094 ἡ
3172 2020 3429 2093 ἀλώπηξ⁸
3463 2023 3536 2093 μὴ
3582 2022 3841 2094 ζηλώσῃς

2151 2112 2213 2165 τὸ
2241 2112 2485 2183 νόσημα’
2520 2110 2657 2165 ἀλλὰ
2682 2109 2931 2181 καθάπερ
2960 2111 2993 2180 ὴ
3031 2108 3252 2179 μέλιττα
3274 2112 3385 2173 τοῖς
3412 2108 3675 2179 λειμῶσιν
3735 2111 3839 2177 ἐφ-

2159 2199 2429 2271 ιπταμένη
2474 2199 2532 2252 ού
2565 2198 2742 2252 πάντα
2767 2197 2998 2266 ἐκλέγει,
3031 2196 3166 2250 ἀλλά
3194 2196 3262 2250 τά
3297 2198 3542 2269 χρήσιμα
3576 2191 3835 2259 λαϐοῦσα,

2153 2286 2221 2340 τά
2262 2288 2423 2341 λοιπά
2463 2285 2709 2359 ἀφίησιν,
2753 2284 2895 2339 οὕτω
2941 2285 3036 2338 καὶ
3085 2284 3149 2337 σὺ
3180 2283 3401 2354 ποίησον
3426 2299 3439 2312 ⁸
3475 2282 3583 2335 τῶν
3620 2283 3845 2352 ἀλόγων

2160 2373 2402 2428 ἐπελθὼν
2425 2373 2488 2426 τὸ
2511 2368 2689 2442 γένος,
2713 2372 2827 2426 είτι
2843 2373 3131 2444 χρήσιμον,
3161 2372 3287 2442 παρ’
3312 2370 3532 2423 ἐκείνων
3549 2368 3801 2440 λάμϐανε
3819 2384 3833 2401 ⁸

2154 2464 2250 2516 καὶ
2282 2462 2425 2535 ἅπερ
2445 2461 2658 2533 ἔχουσιν
2686 2463 2743 2514 ὲν
2780 2463 2847 2532 τῇ
2879 2461 3038 2531 φύσει
3068 2458 3534 2530 πλεονεκτήματα,
3561 2457 3739 2510 ταῦτα
3771 2459 3837 2512 σὺ

2153 2559 2243 2613 διὰ
2272 2560 2372 2631 τῆς
2433 2559 2806 2631 προαιρέσεως
2852 2557 3197 2630 κατόρθωσον
3217 2571 3230 2585 ⁸
3274 2555 3368 2608 καὶ
3403 2554 3513 2625 γὰρ
3541 2554 3634 2606 καὶ
3659 2553 3841 2626 ταύτῃ

2157 2656 2308 2727 παρά
2359 2656 2456 2711 τοῦ
2499 2657 2633 2711 Θεοῦ
2675 2657 2990 2728 τετίμησαι,
3014 2656 3097 2709 ὅτι
3133 2653 3202 2708 τὰ
3230 2653 3437 2722 φυσικά
3454 2653 3838 2710 αύτῶνπλεον-

2150 2747 2439 2820 εκτήματα
2506 2751 2573 2805 ὲκ
2598 2750 2968 2823 προαιρέσεώς
3003 2767 3084 2804 σοι
3124 2749 3363 2823 παρέσχε
3390 2747 3712 2820 κατορθοῦν,
3750 2747 3840 2800 ἵνα

2155 2846 2251 2900 καὶ
2276 2845 2506 2917 βραϐεῖα
2554 2846 2751 2921 λάϐῃς.
2804 2847 3065 2911 Ἐκείνοις
3089 2847 3197 2918 γάρ
3221 2847 3321 2899 οὐκ
3363 2848 3427 2898 ὲκ
3462 2844 3842 2917 προαιρέσεως

2157 2935 2250 2990 καὶ
2273 2933 2433 3004 λόγου
2459 2935 2529 2989 τὰ
2551 2933 2968 3006 κατορθώματα,
2991 2933 3101 2988 ἀλλ’
3127 2932 3234 2987 ἀπὸ
3260 2933 3472 3003 φύσεως
3493 2932 3678 3002 μόνης.
3709 2924 3843 2984 Οἷόν

2153 3046 2207 3083 τι
2230 3029 2400 3100 λέγω⁸
2435 3034 2469 3104 ἡ
2502 3032 2723 3102 μέλιττα
2752 3030 3100 3103 μελιτουργεῑ
3134 3030 3194 3082 οὐ
3223 3029 3367 3098 λόγῳ
3399 3026 3644 3100 μαθοῦσα
3676 3025 3843 3079 τοῦτο

2159 3127 2252 3181 καὶ
2284 3127 2548 3199 λογισμῷ,
2580 3128 2695 3183 ἀλλ’
2724 3127 2832 3181 ἀπὸ
2858 3127 2957 3198 τῆς
2980 3124 3195 3194 φύσεως
3216 3123 3567 3178 παιδευθεῖσα
3586 3140 3599 3153 ⁸
3640 3123 3769 3175 ἐπεὶ
3789 3123 3839 3175 εί

2161 3224 2235 3296 μὴ
2261 3224 2486 3294 φυσικὸν
2514 3220 2581 3296 ἦν
2608 3226 2670 3280 τὸ
2698 3223 2881 3294 ἔργον,
2916 3222 3050 3294 μηδὲ
3097 3220 3177 3291 τῷ
3205 3220 3355 3290 γένει
3388 3220 3839 3290 ουγκεκλήρωτο,

2155 3319 2261 3373 ἔδει
2286 3320 2502 3384 πάντως
2521 3319 2672 3384 τινὰς
2697 3318 2757 3385 ἐξ
2792 3318 2971 3373 αὐτῶν
3007 3317 3264 3388 ἀπείρους
3295 3312 3433 3369 εἶναι
3461 3316 3559 3386 τῆς
3586 3316 3793 3386 τέχνης
3824 3333 3837 3345 ⁸

2160 3415 2256 3471 νῦν
2288 3416 2347 3470 δὲ
2366 3415 2426 3481 ἐξ
2457 3409 2517 3469 οὗ
2541 3415 2762 3485 γέγονεν
2783 3419 2811 3468 6
2837 3414 3038 3486 κόσμος
3077 3413 3237 3484 μέχρι
3259 3412 3358 3483 τῆς
3387 3411 3669 3483 παρούσης
3696 3411 3841 3482 ἠμέ-

2158 3529 2279 3585 ρας,
2301 3513 2475 3577 ούδεὶς
2498 3508 2604 3567 εἶδε
2630 3507 2884 3585 μελίττας
2901 3509 3278 3584 ήσυχαζούσας
3311 3509 3403 3562 καὶ
3433 3509 3507 3581 μὴ
3543 3509 3841 3582 μελιτουρ-

2155 3603 2379 3679 γούσας.
2419 3608 2658 3664 Τοιαῦτα
2709 3609 2820 3682 γὰρ
2842 3608 2910 3663 τὰ
2939 3605 3145 3678 φυσικά
3178 3605 3334 3660 κοινὰ
3362 3604 3457 3658 τοῦ
3498 3600 3701 3667 παντὸς
3736 3606 3840 3673 γέ-

2157 3723 2279 3769 νους
2304 3705 2420 3760 ἐστί
2441 3723 2455 3736 ⁸
2483 3706 2552 3761 τά
2584 3706 2642 3760 δὲ
2667 3706 2730 3759 ἐκ
2767 3703 3145 3777 προαιρέσεως
3176 3702 3275 3755 οὐκ
3304 3700 3421 3754 ἔστι
3452 3696 3608 3754 κοινά
3629 3717 3642 3731 ⁸
3666 3701 3838 3757 πόνου

2156 3802 2266 3875 γάρ
2296 3803 2463 3857 δεῖται
2499 3800 2636 3876 πρὸς
2665 3803 2727 3857 τὸ
2750 3801 3182 3875 κατορθωθῆναι.

2224 3907 2294 3970 γ’.
2318 3900 2504 3954 Πάντα
2517 3898 2694 3954 τοίνυν
2709 3899 2776 3952 τὰ
2798 3897 3056 3953 κάλλιστα
3078 3894 3254 3949 λαϐὼν
3273 3891 3587 3966 περιϐαλοῦ⁸
3607 3892 3699 3947 καὶ
3725 3894 3841 3966 γὰρ

2160 3995 2413 4068 βασιλεὺς
2449 3989 2499 4048 εἶ
2521 3994 2631 4049 τῶν
2655 3994 2898 4064 ἀλόγων·
2930 3994 2980 4047 οἱ
3012 3991 3069 4045 δὲ
3094 3989 3352 4062 βασιλεῖς,
3388 3989 3516 4043 εἴτι
3548 3989 3844 4044 κάλλιστόν

2156 4099 2304 4150 ἐστιν
2323 4096 2381 4149 ὲν
2404 4099 2516 4159 τοῖς
2562 4094 2843 4165 ὑπηκόοις,
2885 4092 2993 4147 εἴτε
3033 4090 3255 4163 χρυσὸς,
3294 4092 3403 4143 εἴτε
3433 4092 3691 4161 ἄργυρος,
3722 4091 3835 4143 είτε

2156 4194 2294 4249 λίθοι
2315 4195 2507 4265 τίμιοι,
2533 4194 2640 4246 εἴτε
2668 4190 2858 4262 ἱμάτια
2880 4187 3168 4259 πολυτελῆ,
3186 4184 3359 4241 ταῦτα
3384 4186 3499 4257 μεθ’
3526 4186 3838 4256 ὑπερϐολῆς

2167 4292 2321 4345 αὐτοὶ
2375 4289 2670 4360 κέκτηνται
2694 4305 2708 4318 ⁸
2742 4285 2837 4340 καὶ
2871 4283 3120 4354 θαύμαζέ
3161 4299 3258 4336 σου
3291 4282 3384 4336 τὸν
3417 4282 3694 4352 Δεσπότην
3725 4284 3838 4335 ἀπὸ

2156 4389 2255 4459 τῆς
2280 4386 2537 4450 κτίσεως.
2561 4387 2622 4439 Ei
2649 4384 2706 4437 δέ
2734 4384 2787 4436 τί
2829 4399 2888 4436 σε
2924 4380 3240 4452 ὑπερϐαίνει
3262 4378 3371 4433 τῶν
3396 4378 3709 4450 ὁρωμένων,
3740 4381 3836 4433 καὶ
3895 4388 3900 4409 ‘

2156 4483 2249 4539 τὸν
2284 4485 2439 4555 λόγον
2469 4485 2529 4538 ού
2552 4483 2774 4537 δύνασαι
2819 4480 3022 4549 εὑρεῖν,
3060 4479 3155 4532 καὶ
3176 4477 3263 4531 διὰ
3292 4476 3448 4531 τοῦτο
3481 4476 3705 4541 δόξασον
3739 4477 3835 4530 τὸν

2159 4585 2479 4655 ποιήσαντα,
2513 4580 2596 4634 ὅτι
2646 4576 2965 4649 ὑπερϐαίνει
3005 4591 3099 4627 σου
3133 4574 3232 4645 τὴν
3259 4572 3561 4643 κατάληψιν
3597 4572 3630 4644 ἡ
3670 4573 3838 4642 σοφία

2158 4678 2269 4733 τῶν
2291 4677 2442 4751 1127]
2461 4676 2781 4748 γινομένων.
2800 4673 2891 4743 Μὴ
2902 4671 3027 4739 λέγε
3048 4686 3061 4702 ⁸
3084 4669 3181 4723 Διά
3193 4669 3245 4721 τί
3267 4667 3443 4732 τοῦτο;
3463 4669 3542 4732 είς
3568 4669 3619 4721 τί
3638 4663 3831 4733 τοῦτος

2158 4774 2391 4828 ἕκαστον
2411 4774 2519 4845 γὰρ
2543 4770 2810 4843 χρήσιμόν
2826 4771 2992 4832 ἐστιν,
3021 4769 3068 4820 εί
3095 4766 3190 4819 καὶ
3218 4764 3311 4819 τὸν
3343 4764 3497 4833 λόγον
3526 4765 3834 4836 ἀγνοοῦμεν

2157 4872 2340 4941 ἡμεῖς.
2368 4869 2580 4940 ’Ὠσπερ
2632 4863 2724 4921 οὖν
2765 4866 2861 4918 ἐὰν
2898 4865 2977 4926 είς
3013 4863 3244 4933 ἰατρεῖον
3293 4859 3556 4932 εἰσέλθῃς,
3591 4863 3683 4913 καὶ
3715 4861 3834 4934 ἴδῃς

2160 4964 2418 5038 ἐργαλεῖα
2460 4962 2631 5017 πολλά
2684 4961 3041 5035 προκείμενα,
3093 4955 3391 5026 θαυμάζεις
3425 4956 3523 5026 τὴν
3555 4955 3831 5009 ποικιλίαν

2158 5062 2268 5117 τῶν
2308 5061 2572 5134 ὁργάνων,
2615 5059 2791 5113 καίτοι
2834 5074 2898 5126 γε
2930 5056 3027 5116 τὰς
3063 5053 3253 5125 χρείας
3283 5050 3462 5106 αὐτῶν
3498 5053 3599 5104 οὐκ
3628 5053 3784 5117 εἰδώς
3813 5068 3829 5084 ⁸

2159 5157 2302 5213 οὕτω
2329 5158 2425 5211 καὶ
2458 5158 2549 5209 ἐπὶ
2567 5156 2667 5226 τῆς
2700 5153 2928 5217 κτίσεως
2959 5144 3205 5222 ποίησον,
3237 5148 3338 5202 κάν
3379 5147 3495 5218 ἴδῃς
3518 5146 3687 5201 πο).λά
3719 5148 3835 5203 τῶν

2166 5252 2320 5321 ζώων
2358 5252 2454 5307 καὶ
2500 5248 2609 5305 τῶν
2640 5248 2877 5322 βοτανῶν
2909 5248 3004 5303 καὶ
3031 5247 3139 5301 τῶν
3168 5244 3349 5315 φυτῶν
3377 5244 3471 5296 καὶ
3507 5243 3617 5296 τῶν
3653 5242 3833 5299 ἄλλων

2164 5348 2506 5424 πραγμάτων
2545 5337 2621 5403 ὧν
2666 5346 2765 5411 τὰς
2809 5343 2999 5417 χρείας
3022 5344 3123 5397 οὐκ
3147 5340 3313 5404 οἶδας,
3343 5339 3620 5411 θαύμασον
3650 5340 3835 5394 αὐτῶν

2158 5450 2257 5522 τὴν
2289 5446 2583 5509 ποικιλίαν,
2609 5444 2705 5499 καὶ
2732 5439 3040 5513 ὲκπλάγηθι
3066 5435 3160 5494 καὶ
3176 5437 3265 5492 διὰ
3297 5437 3455 5491 τοῦτο
3484 5436 3574 5490 τὸν
3603 5437 3833 5507 ἀριστο-

2156 5548 2352 5619 τέχνην
2406 5544 2561 5609 Θεὸν,
2613 5544 2695 5597 ὅτι
2724 5538 2848 5595 οὔτε
2895 5556 2977 5593 σοι
3021 5537 3200 5591 πάντα
3229 5532 3362 5607 δῆλα
3399 5534 3675 5604 ἐποίησεν,
3707 5530 3832 5588 οὔτε

2158 5645 2336 5699 πάντα
2359 5642 2571 5714 ἀφῆκεν
2593 5638 2788 5711 ἄδηλα.
2823 5636 2937 5691 Οὐκ
2968 5635 3149 5706 ἀφῆκε
3175 5632 3272 5704 μὲν
3292 5631 3401 5704 γὰρ
3434 5632 3612 5685 πάντα
3639 5629 3830 5701 ἄδηλα,

2158 5740 2245 5793 ἵνα
2283 5740 2356 5809 μὴ
2386 5736 2698 5809 ἀπρονόητα
2752 5730 2894 5789 εἶναι
2924 5731 3088 5805 λέγῃς
3120 5729 3187 5783 τά
3228 5728 3391 5783 ὄντα⁸
3427 5728 3528 5781 οὐκ
3567 5727 3747 5797 ἀφῆκε
3776 5728 3834 5782 δέ

2158 5850 2243 5887 σοι
2258 5833 2435 5886 πάντα
2450 5835 2701 5903 γνώριμα
2729 5825 2888 5898 εἶναι,
2908 5828 2996 5881 ἵνα
3020 5824 3175 5899 μὴτὸ
3201 5824 3427 5898 μέγεθος
3460 5823 3560 5894 τῆς
3575 5821 3828 5890 γνώσεως

2160 5933 2239 5996 εἰς
2268 5931 2521 5987 ἀπόνοιῖὶν
2566 5948 2623 5985 σε
2669 5930 2867 6002 ἐπάρῃ.
2907 5928 3063 5983 Ούτω
3100 5925 3231 5997 γοῦν
3263 5926 3355 5981 καὶ
3383 5924 3473 5979 τὸν
3506 5922 3720 5996 πρῶτον
3747 5922 3831 5978 ἒν-
