3912 6230
235 335 342 392 129

231 470 428 524 redditi
455 489 469 524 :
503 481 555 525 et
588 482 689 528 una
716 474 928 543 quidem
967 475 1216 532 imbrium
1242 488 1324 533 est
1353 491 1538 535 natura
1563 522 1578 547 ,
1605 483 1816 539 diversa

234 576 365 616 vero
388 577 506 632 qua:
529 579 595 617 ex
622 564 749 634 ipsis
781 566 914 620 fiunt
941 584 956 620 :
983 571 1177 622 etenim
1202 571 1252 623 in
1278 571 1383 626 vite
1408 574 1588 627 vinum
1618 576 1676 629 fit
1704 576 1821 644 plu-

234 664 316 703 via
339 692 355 718 ,
386 651 562 706 oleum
589 654 641 708 in
671 656 785 710 olea
806 696 822 721 ,
853 666 906 711 et
936 658 987 711 in
1029 658 1148 713 aliis
1175 660 1368 729 plantis
1399 662 1450 716 in
1480 664 1687 719 illarum
1716 666 1816 720 bu-

233 756 412 797 mores
434 753 687 798 mutatur.
719 746 784 800 Et
809 764 942 801 unus
967 748 1179 817 quidem
1210 764 1291 805 est
1317 763 1471 808 terrae
1495 763 1701 819 venter,
1722 757 1815 810 sed

229 833 538 891 differentes
583 837 783 906 profert
830 839 1031 895 fructus
1063 858 1077 895 :
1111 858 1245 897 unus
1289 845 1479 901 solaris
1521 849 1817 917 splendoris

228 933 313 978 est
336 924 501 989 calor,
534 927 627 980 Sed
654 927 961 983 dilferenter
983 934 1157 985 omnia
1189 945 1434 999 maturat,
1465 937 1578 993 haec
1603 940 1812 1009 quidem

226 1013 433 1068 tardius
455 1056 471 1081 ,
503 1014 618 1070 hinc
645 1032 773 1071 vero
804 1020 961 1073 citius
997 1022 1064 1074 ad
1105 1027 1613 1083 consmnmationem
1642 1030 1814 1085 dedu-

224 1120 378 1158 cens.
403 1106 534 1174 Quis
576 1107 692 1163 lucc
721 1126 825 1164 non
865 1112 1204 1182 obstupescat
1240 1128 1292 1170 et
1339 1118 1674 1174 admiretur?
1705 1122 1812 1177 imo

223 1211 357 1250 vero
407 1214 514 1255 non
556 1201 656 1255 hoc
699 1202 870 1256 solum
912 1214 996 1257 est
1033 1205 1343 1281 admirabile
1373 1251 1387 1275 ,
1429 1210 1568 1279 quod
1608 1213 1809 1266 varium

222 1285 401 1355 ipsum
441 1299 494 1343 et
537 1289 868 1346 differenten:
910 1292 1286 1360 fabricaverit,
1335 1300 1428 1352 sed
1467 1299 1626 1353 etiam
1668 1302 1809 1368 quod

222 1377 401 1445 ipsum
429 1378 676 1433 euntibus
698 1395 1034 1437 communem
1067 1387 1435 1452 proposuerit,
1477 1398 1531 1441 et
1559 1389 1809 1444 divitibus

218 1477 278 1521 ct
309 1470 631 1536 pauperibus
655 1511 669 1534 ,
699 1479 751 1524 et
780 1475 1145 1541 peccatoribus
1173 1486 1227 1531 et
1246 1477 1423 1545 justis.
1454 1478 1605 1546 Quod
1627 1483 1807 1551 utique

216 1569 275 1612 et
303 1558 549 1614 Christus
573 1561 782 1616 dicebat
809 1581 823 1614 :
856 1563 1028 1619 Solem
1058 1582 1205 1620 suum
1243 1570 1365 1622 oriri
1387 1571 1509 1640 facit
1537 1587 1689 1641 super
1715 1572 1805 1626 bo-

214 1666 314 1703 nos
340 1659 388 1704 et
415 1668 567 1721 super
610 1652 770 1708 malos
796 1696 810 1718 ,
855 1664 902 1708 et
947 1657 1075 1724 pluit
1117 1674 1271 1729 super
1292 1661 1462 1731 justas
1508 1671 1554 1715 et
1593 1664 1806 1732 injustas

216 1740 438 1810 (.llault.
468 1743 520 1798 5.
547 1742 641 1814 45)
668 1762 681 1799 :
704 1755 754 1799 et
781 1745 998 1802 infinitis
1023 1748 1193 1818 ipsum
1222 1752 1535 1808 animalibus
1558 1754 1801 1824 impleas,

216 1841 277 1885 et
307 1834 578 1888 naturales
605 1835 773 1889 brutis
802 1837 1042 1893 inserens
1071 1856 1247 1905 mores
1265 1883 1279 1906 ,
1319 1842 1416 1896 bos
1442 1845 1655 1912 quidem
1681 1845 1803 1900 imi-

216 1925 321 1977 ta‘ri
348 1965 364 1990 ,
394 1924 493 1978 bos
518 1940 647 1979 vero
674 1926 855 1997 fugere
883 1944 981 1983 nos
1003 1930 1179 1999 jussit.
1212 1932 1370 1987 Verbi
1396 1936 1563 2004 gratia
1596 1954 1612 1993 :
1646 1936 1800 1990 indu-

212 2016 348 2069 stria
388 2025 471 2071 est
504 2014 719 2073 formica
745 2060 761 2085 ,
797 2031 850 2075 ct
877 2021 1197 2077 laboriosum
1227 2024 1349 2078 facit
1377 2041 1529 2095 opus.
1557 2026 1613 2083 Si
1644 2028 1803 2097 igitur

211 2108 482 2173 attendas,
513 2111 796 2166 maximam
820 2115 888 2168 ab
913 2113 1015 2169 lioc
1038 2115 1251 2170 animali
1279 2119 1456 2186 capies
1485 2119 1803 2174 admonitio-

212 2210 366 2264 nem,
399 2209 454 2253 ut
480 2216 583 2254 non
611 2203 928 2270 etnolliaris,
958 2220 1095 2259 neve
1122 2205 1289 2276 fugias
1320 2208 1528 2264 labores
1553 2218 1607 2263 et
1633 2210 1800 2265 sudo-

211 2304 341 2342 res:
368 2301 645 2360 propterea
664 2300 721 2347 et
746 2292 1018 2363 Scriptura
1049 2304 1345 2366 torpentem
1374 2298 1441 2352 ad
1468 2300 1608 2354 illam
1641 2303 1801 2357 mittit

210 2379 436 2435 dicens:
472 2381 606 2436 Vade
623 2382 690 2435 ad
706 2374 990 2455 formicam,
1013 2401 1042 2439 o
1066 2385 1226 2457 piger,
1242 2396 1290 2441 et
1316 2388 1511 2443 imitare
1536 2391 1642 2444 vias
1667 2393 1795 2461 ejus,

209 2483 257 2526 et
288 2483 395 2527 esto
422 2474 514 2528 illa
541 2476 816 2545 sapientior
842 2477 1020 2543 (Prov.
1052 2480 1104 2534 6.
1136 2479 1211 2548 6).
1245 2479 1360 2535 Non
1389 2482 1487 2546 vis,
1518 2483 1706 2552 inquit,
1733 2500 1797 2538 ex

209 2563 508 2632 Scripturis
537 2564 744 2620 discere
767 2567 909 2635 quod
943 2567 1139 2623 bonum
1180 2571 1251 2624 sit
1287 2574 1535 2639 operari,
1572 2583 1627 2627 et
1655 2574 1796 2644 quod

210 2669 317 2707 non
349 2670 578 2723 operans
608 2672 780 2727 neque
807 2659 1125 2715 manducare
1153 2661 1385 2715 debeat?
1412 2679 1518 2717 non
1542 2667 1623 2718 vis
1643 2680 1671 2718 a
1702 2665 1797 2719 do-

206 2747 448 2801 ctoribus
474 2747 576 2803 hoc
597 2749 821 2804 audire?
842 2749 987 2805 disce
1013 2765 1042 2805 a
1065 2751 1252 2806 brutis.
1286 2753 1371 2807 Sic
1398 2762 1452 2809 et
1479 2755 1530 2809 in
1555 2756 1797 2811 domibus

205 2851 354 2905 sa-pe
395 2836 617 2892 facimus
649 2856 662 2892 ε
698 2840 929 2909 majores
955 2882 970 2908 ,
1010 2852 1066 2896 et
1104 2843 1194 2912 qui
1234 2842 1478 2898 videntur
1507 2862 1627 2901 esse
1656 2862 1790 2915 prte-

204 2928 497 2981 stantiores
517 2969 531 2993 ,
561 2943 680 2983 cum
712 2932 1080 2999 peccaverint,
1113 2936 1348 3003 puerulis
1387 2936 1672 2991 solertibus
1709 2949 1794 2992 at-

204 3019 430 3073 tendere
455 3020 827 3090 exhortamur,
854 3025 1092 3081 dicentes
1116 3045 1128 3079 :
1158 3026 1383 3098 Respice
1412 3031 1671 3085 minorem
1703 3040 1753 3086 te
1773 3074 1791 3100 ,

203 3126 365 3181 quam
399 3123 478 3167 est
507 3112 798 3170 industrius
827 3128 880 3171 ct
906 3119 1096 3173 solers.

273 3205 321 3257 Α
346 3206 569 3259 minimis
594 3208 898 3264 animalibus
921 3212 1145 3265 eruditur
1173 3213 1340 3268 homo.
1370 3239 1440 3255 -ιιι
1467 3216 1531 3270 Ει
1554 3224 1607 3271 tu
1636 3217 1794 3287 igitur

201 3296 271 3350 ab
300 3298 406 3352 hoc
431 3299 645 3353 animali
676 3302 964 3356 maximam
991 3317 1121 3372 cape
1146 3304 1441 3359 sedulitatis
1469 3305 1794 3361 exhortatio-

201 3404 325 3443 nem
356 3408 370 3443 :
400 3399 454 3444 et
482 3390 761 3445 Dominum
788 3400 931 3446 tuum
958 3393 1220 3449 admirare
1247 3437 1262 3460 ,
1308 3412 1412 3449 non
1441 3397 1583 3467 quod
1621 3401 1790 3454 solem

202 3480 393 3535 fecerit
421 3490 622 3536 tantum
648 3491 699 3537 et
729 3484 915 3539 cadum
941 3523 956 3546 ,
997 3484 1090 3539 sed
1132 3486 1271 3554 quod
1308 3482 1471 3541 etiam
1510 3487 1789 3543 formicam

203 3574 345 3625 tecit.
375 3571 488 3626 Etsi
513 3572 656 3626 enim
677 3589 921 3643 exugnum
947 3574 1162 3641 animal,
1192 3575 1349 3631 habet
1381 3587 1554 3634 tamen
1582 3580 1791 3649 sapien-

202 3662 289 3714 tia:
315 3662 413 3715 Dei
445 3662 819 3731 magnitudinis
850 3664 1066 3718 multam
1095 3664 1623 3723 demonstrationem.
1652 3669 1791 3725 Con-

199 3752 381 3807 sidera
410 3752 569 3822 igitur
587 3769 745 3824 quam
772 3754 841 3808 sit
868 3755 1121 3823 prudens,
1139 3765 1194 3809 et
1213 3757 1496 3825 admirare,
1524 3761 1789 3829 quomodo

201 3844 377 3911 potuit
411 3843 627 3897 Deusin
683 3852 788 3896 tam
838 3845 984 3899 brevi
1035 3860 1261 3915 corpore
1313 3854 1511 3901 tantum
1534 3850 1676 3919 jugis
1711 3852 1790 3905 in-

198 3950 387 3990 serere
418 3935 741 4005 operationis
769 3936 1131 4005 cupiditatem.
1164 3938 1246 3991 Ab
1273 3938 1371 3992 hac
1396 3940 1609 4009 quidem
1640 3942 1788 3996 labo-

199 4027 275 4080 ris
296 4027 557 4088 studium,
577 4027 644 4080 ab
666 4042 765 4096 ape
797 4042 922 4082 vero
949 4028 1257 4083 munditiam
1275 4037 1325 4083 et
1346 4030 1615 4084 solertiam
1643 4032 1790 4090 disce

200 4117 612 4172 etcharitatem.
632 4119 836 4173 Etenim
879 4119 968 4173 illa
1011 4135 1114 4181 non
1154 4123 1319 4190 magis
1357 4121 1455 4175 sibi
1486 4121 1583 4190 ipsi
1625 4140 1781 4193 quam

200 4210 357 4262 nobis
398 4209 641 4274 laborat,
685 4218 739 4263 et
777 4209 1012 4280 quotidie
1051 4212 1297 4280 fatigatur
1325 4228 1338 4264 :
1371 4212 1511 4282 quod
1560 4214 1788 4270 maxime

197 4302 514 4355 Christiano
540 4304 809 4372 proprium
837 4313 940 4370 est,
972 4320 1077 4357 non
1118 4319 1211 4358 sua
1241 4320 1480 4374 quarrcre
1501 4346 1517 4371 ,
1547 4307 1641 4361 sed
1671 4322 1789 4377 qua:

198 4400 322 4446 sunt
341 4391 597 4445 aliorum.
622 4391 770 4447 Sicut
813 4393 971 4462 igitur
993 4395 1077 4448 illa
1105 4395 1450 4451 circumvolat
1469 4397 1645 4451 omnia
1669 4413 1790 4467 pra-

201 4492 247 4535 ta
272 4524 290 4549 ,
331 4492 393 4538 ut
428 4493 724 4552 promptam
754 4485 905 4539 alteri
935 4494 1200 4556 pra'paret
1229 4501 1464 4541 mensam
1499 4506 1515 4544 :
1546 4490 1623 4543 sic
1652 4498 1704 4544 et
1732 4499 1786 4545 tu

199 4572 319 4637 fac,
364 4572 567 4639 homo,
609 4574 719 4628 sive
761 4575 1013 4642 pecunias
1051 4589 1341 4646 congreges
1365 4617 1379 4640 ,
1429 4577 1483 4631 in
1521 4578 1656 4633 alios
1690 4594 1787 4633 ex-

199 4662 376 4731 pende
415 4680 428 4716 :
459 4662 574 4716 sive
601 4662 857 4717 doctrina:
888 4664 1045 4718 verba
1074 4663 1289 4729 habeas,
1317 4679 1384 4719 ne
1409 4665 1665 4729 defodias,
1694 4667 1787 4722 sed

197 4767 444 4820 apponas
465 4751 821 4822 indigentibus
845 4753 899 4807 in
927 4755 1161 4808 medium
1186 4772 1200 4808 :
1225 4756 1338 4811 sive
1357 4756 1497 4811 aliud
1526 4758 1789 4827 peculiare

197 4843 403 4897 habeas
429 4884 446 4910 ,
479 4843 624 4897 utilis
651 4853 768 4897 esto
796 4844 859 4897 iis
882 4884 898 4910 ,
945 4845 1032 4914 qui
1081 4845 1320 4900 laborum
1362 4855 1571 4901 tuorum
1614 4847 1788 4904 fructu

196 4944 375 5003 egent.
409 4932 533 4988 Non
572 4935 746 4988 cernis
769 4975 783 4993 .
813 4944 1090 5003 propterea
1132 4935 1437 4991 animalium
1471 4938 1789 5007 gloriosissi-

197 5040 342 5079 mum
374 5038 503 5079 esse
531 5038 684 5092 apem
703 5063 718 5087 ,
750 5038 855 5077 non
881 5024 1002 5093 quia
1026 5024 1263 5092 laborat,
1291 5027 1385 5080 sed
1415 5028 1535 5096 quia
1564 5027 1681 5081 aliis
1708 5028 1788 5083 la-

199 5114 392 5169 borat?
421 5115 677 5180 quoniam
702 5122 755 5167 et
779 5128 971 5167 amica
1002 5113 1228 5181 laborat,
1256 5127 1311 5171 et
1337 5115 1601 5187 fatigatur,
1629 5129 1684 5173 et
1714 5128 1790 5174 te—

198 5222 326 5261 nues
358 5221 462 5277 per
490 5206 719 5274 parietes
744 5207 982 5261 extendit
1008 5216 1243 5262 texturas
1264 5250 1279 5273 ,
1309 5224 1521 5264 omnem
1549 5212 1789 5267 mulieris

196 5295 525 5365 sapientiam
556 5294 897 5360 excedentes,
926 5297 1017 5351 sed
1048 5306 1128 5351 est
1151 5298 1380 5367 ignobile
1406 5300 1619 5363 animal,
1652 5317 1787 5370 quo-

202 5389 339 5444 niam
368 5404 519 5459 opus
548 5389 665 5456 ejus
702 5388 854 5443 nobis
883 5390 1180 5445 nullatenus
1204 5402 1286 5446 est
1312 5392 1441 5447 utile
1468 5409 1482 5446 :
1514 5392 1644 5447 tales
1668 5402 1793 5448 sunt

201 5483 297 5537 sibi
350 5482 670 5537 laborantes
697 5493 752 5535 et
777 5497 836 5536 se
865 5480 1231 5553 defatigantes.
1275 5483 1488 5538 Imitare
1532 5485 1789 5540 columba:

202 5575 602 5643 simplicitatem
624 5613 642 5639 ,
674 5581 878 5629 sectare
907 5573 1040 5628 asini
1069 5584 1122 5629 et
1150 5574 1299 5630 bovis
1329 5575 1381 5629 in
1408 5575 1682 5631 dominum
1708 5577 1791 5630 die

206 5665 517 5729 lectionem,
548 5662 760 5719 imitare
785 5665 958 5720 avium
984 5666 1321 5720 securitatem
1356 5682 1371 5718 :
1399 5666 1621 5720 multum
1647 5668 1788 5722 enim

207 5754 395 5817 lucrari
424 5759 555 5815 licet
584 5772 615 5813 a
642 5757 808 5815 brutis
834 5758 898 5815 ad
928 5773 1134 5815 morum
1165 5758 1568 5815 correctionem.
1602 5758 1681 5815 Ex
1709 5760 1789 5816 Itis

1239 344 1326 399 Al)
1364 344 1678 404 POPULUM
1705 349 2194 411 AN’I‘H’CHENUH
2254 357 2476 416 ΠΟΜΠ..
2512 362 2623 419 ΧΠ.

1932 465 2173 523 Christus
2197 486 2407 542 quoque
2449 491 2548 532 nos
2585 478 2900 538 animalibus
2946 485 3197 543 instruit:
3231 506 3352 548 nam
3384 510 3454 551 ait
3482 516 3500 552 ε

1926 554 2103 612 Estate
2132 563 2403 627 prudentes
2435 568 2565 620 sicut
2600 582 2851 639 serpentes
2876 589 2897 628 :
2921 587 2966 629 et
2990 579 3240 649 simplices
3264 585 3390 640 sicut
3418 607 3500 642 τοι

1926 644 2109 739 lambat
2133 650 2344 719 (Manli.
2374 656 2460 709 l0.
2488 657 2597 726 16).
2633 660 2696 713 Et
2723 678 2932 718 rursum
2964 683 2977 718 :
3007 644 3256 739 Respicite
3280 677 3504 733 volatilia

1921 736 2033 789 σα)ιὶ
2054 778 2067 799 ,
2095 757 2207 809 quae
2230 759 2329 796 non
2355 758 2527 799 serunt
2555 766 2710 817 neque
2736 763 2945 820 metunt,
2972 766 3018 809 et
3042 757 3195 814 Pater
3217 773 3373 817 vester
3398 782 3498 821 ca:-

1921 826 2056 882 (estis
2095 833 2252 898 pascit
2301 834 2617 902 ea(tt1att.6.
2643 841 2711 895 96
2738 844 2775 906 ).
2827 846 2892 899 Et
2932 850 3186 919 propheta
3213 894 3227 917 ,
3275 857 3495 924 pudefa-

1918 919 2065 974 cicns
2092 923 2327 993 ingratos
2351 927 2561 985 Judzeos
2581 974 2597 999 ,
2640 936 2717 989 sic
2762 937 2929 1008 inquit
2958 957 2972 994 :
3001 941 3214 1014 Agnovit
3252 919 3339 1002 bos
3376 969 3497 1021 pos-

1916 1027 2157 1067 sessorem
2179 1032 2324 1070 suum
2350 1030 2396 1073 et
2424 1023 2600 1077 asinus
2623 1043 2843 1098 prtrsepe
2867 1031 3056 1087 domini
3080 1038 3162 1090 sui
3179 1037 3376 1096 :lsrael
3402 1061 3496 1097 att-

1917 1111 2013 1156 tem
2038 1122 2117 1159 me
2140 1122 2240 1161 non
2268 1112 2465 1179 agnovit
2489 1113 2638 1182 (Isai.
2676 1118 2724 1170 1.
2750 1120 2830 1188 5).
2859 1121 2926 1175 Et
2955 1140 3164 1181 rursum
3190 1147 3202 1181 :
3238 1128 3423 1186 Turtur
3446 1143 3496 1187 et

1916 1194 2132 1250 hirundo
2158 1200 2271 1269 agri
2293 1243 2308 1265 ,
2337 1204 2549 1258 avictth
2568 1243 2583 1272 ,
2615 1225 2947 1279 cognoverunt
2978 1225 3205 1285 tempora
3240 1220 3492 1292 ingressus

1912 1285 2025 1348 sui;
2053 1291 2270 1356 papulas
2291 1307 2403 1345 vero
2425 1311 2560 1348 meus
2578 1313 2676 1350 non
2697 1303 2923 1370 cognovit
2937 1304 3138 1375 judicia
3163 1307 3369 1365 Domini
3396 1314 3493 1369 Dei

1911 1374 1989 1426 sui
2016 1375 2146 1442 (Jer.
2177 1380 2231 1433 8.
2262 1381 2337 1450 7).
2367 1383 2450 1438 Al)
2479 1384 2561 1438 bis
2586 1396 2641 1440 et
2667 1404 2696 1440 a
2725 1390 2985 1448 similibus
3013 1397 3322 1453 animalibus
3345 1403 3494 1460 disce

1913 1464 2158 1521 virtutem
2178 1483 2448 1537 exercere,
2476 1490 2507 1529 a
2532 1479 2810 1533 contrariis
2834 1495 2961 1536 vero
2972 1476 3491 1555 vitiumfugere.Sic-

1910 1561 1973 1607 ut
2020 1558 2158 1611 enim
2187 1559 2419 1616 benefica
2442 1564 2576 1634 apis,
2601 1568 2678 1622 sic
2704 1570 2996 1637 perniciosa
3016 1576 3158 1644 aspis
3186 1594 3199 1630 :
3229 1579 3487 1636 malitiam

1910 1644 2068 1710 igitur
2093 1648 2206 1713 ejus
2235 1653 2498 1706 averseris
2521 1694 2535 1719 ,
2579 1671 2644 1710 ne
2693 1658 2916 1713 audias:
2958 1659 3214 1719 Venenum
3253 1669 3489 1736 aspidunt

1905 1736 1997 1789 sub
2022 1737 2167 1791 labiis
2194 1756 2364 1794 eorum
2396 1742 2563 1813 (Psal.
2597 1747 2721 1801 159.
2747 1749 2827 1816 Δ).
2856 1751 3136 1819 [mpudens
3160 1772 3369 1812 rursum
3395 1775 3480 1813 ca-

1909 1826 1993 1881 nis
2012 1868 2026 1889 ,
2054 1828 2177 1883 odio
2207 1845 2414 1902 quoque
2442 1835 2639 1892 habeas
2674 1839 2810 1894 hanc
2836 1841 3227 1911 improbitatem
3258 1866 3270 1902 :
3298 1849 3484 1907 dolosa

1907 1925 1961 1970 et
2003 1916 2334 1976 fraudulenta
2364 1925 2548 1994 vulpes
2572 1967 2586 1992 ,
2620 1943 2686 1984 ue
2712 1929 2893 1985 vitium
2925 1932 3152 1990 institeris
3181 1955 3195 1991 :
3225 1939 3319 1993 sed
3348 1940 3486 1996 sicut

1904 2009 2019 2077 apis
2047 2012 2211 2079 partis
2239 2018 2603 2085 supervolans,
2632 2035 2739 2074 non
2767 2022 2941 2076 omnia
2973 2024 3116 2094 legit,
3150 2028 3242 2081 sed
3271 2029 3486 2088 utilibus

1903 2103 2127 2171 sumptis
2152 2105 2350 2176 reliqua
2367 2110 2593 2164 omittit:
2614 2112 2681 2167 ita
2711 2122 2765 2167 tu
2790 2130 2998 2184 quoque
3027 2117 3185 2173 facias
3207 2121 3481 2178 brutorum

1903 2207 2070 2259 genus
2113 2211 2426 2264 percurrens
2456 2216 2470 2253 :
2498 2201 2543 2254 si
2570 2201 2696 2271 quid
2739 2204 2875 2258 inest
2899 2208 3025 2261 utile
3049 2208 3117 2261 ab
3152 2210 3251 2264 illis
3290 2227 3442 2267 sume
3467 2255 3481 2278 ,

1902 2290 1957 2336 ct
1979 2298 2110 2352 quas
2134 2285 2330 2342 habent
2355 2304 2384 2342 a
2416 2301 2600 2344 natura
2634 2296 3009 2363 praerogativas
3033 2335 3048 2360 ,
3081 2298 3175 2352 bas
3208 2313 3259 2353 tu
3291 2317 3387 2371 per
3414 2303 3482 2357 li-

1902 2371 2086 2428 berum
2109 2378 2347 2446 exprime
2364 2379 2640 2435 arbitrium
2664 2398 2680 2437 :
2704 2392 2757 2436 et
2780 2398 2873 2453 per
2900 2384 3002 2440 hoc
3022 2388 3161 2442 enim
3189 2405 3217 2443 a
3246 2390 3357 2445 Deo
3382 2392 3481 2445 lu)-

1903 2477 2122 2523 noratus
2165 2484 2262 2537 es,
2292 2472 2435 2541 quod
2475 2475 2740 2529 naturales
2785 2477 3061 2532 brutorum
3106 2485 3482 2551 praerogativas

1900 2572 1995 2625 per
2021 2558 2242 2613 liberum
2270 2562 2545 2617 arbitrium
2570 2564 2661 2618 tibi
2691 2568 2907 2636 exsequi
2937 2570 3219 2637 concessit,
3252 2580 3309 2625 ut
3336 2589 3476 2643 pne-

1899 2649 2002 2702 mia
2024 2652 2387 2721 consequaris.
2410 2652 2520 2708 Illis
2537 2655 2680 2709 enim
2703 2670 2807 2710 non
2830 2673 2899 2712 ex
2920 2658 3181 2716 electione
3197 2670 3251 2715 et
3275 2665 3479 2719 ratione

1898 2738 2034 2794 bona
2078 2756 2268 2811 opera,
2319 2744 2414 2799 sed
2451 2760 2482 2799 a
2528 2746 2638 2801 sola
2682 2757 2888 2803 natura.
2921 2749 3083 2805 Verbi
3122 2754 3288 2823 gratia
3319 2772 3333 2808 :
3367 2759 3482 2826 apis

1898 2830 2185 2897 mellilicat,
2215 2849 2319 2888 non
2348 2836 2552 2892 ratione
2575 2837 2641 2892 ad
2669 2839 2772 2894 hoc
2795 2839 3094 2896 faciendum
3123 2845 3357 2911 inducta,
3385 2848 3479 2903 sed

1896 2933 1925 2971 a
1957 2930 2140 2975 natura
2172 2924 2410 2979 instituta
2443 2943 2456 2980 :
2483 2928 2731 2996 quoniam
2771 2929 2816 2984 si
2845 2941 2986 2985 esset
3016 2948 3148 3002 opus
3187 2951 3294 2989 non
3322 2947 3481 2991 natu-

1897 3027 1924 3066 r
1959 3013 2028 3077 le,
2070 3029 2240 3084 neque
2267 3017 2360 3071 teli
2387 3019 2568 3088 generi
2596 3021 2903 3076 attributum
2923 3062 2941 3090 ,
2968 3033 3238 3093 Oporteret
3263 3028 3480 3082 onmino

1895 3119 1960 3158 ex
1993 3104 2119 3174 ipsis
2153 3106 2359 3176 aliquas
2396 3110 2528 3163 artis
2561 3109 2865 3179 inexpertas
2891 3128 3047 3178 esse;
3081 3131 3222 3171 nunc
3256 3133 3385 3172 vero
3409 3135 3476 3173 ex

1895 3212 2002 3266 quo
2031 3198 2199 3253 factus
2236 3208 2321 3253 est
2379 3201 2608 3255 mundus
2630 3241 2647 3268 ,
2682 3218 2848 3273 usque
2891 3205 2945 3259 in
2990 3218 3306 3275 priesentem
3338 3209 3477 3264 diem

1896 3304 2055 3343 nemo
2078 3290 2209 3344 vidit
2235 3306 2364 3360 apes
2389 3304 2662 3348 cessantes
2689 3306 2742 3349 et
2780 3313 2884 3349 non
2915 3298 3296 3355 mellilicautes.
3321 3301 3469 3356 Talia

1893 3383 2035 3433 enim
2065 3382 2321 3436 naturalia
2352 3383 2444 3437 toti
2471 3385 2652 3454 generi
2676 3388 2978 3440 communia
3002 3400 3163 3443 sunt:
3195 3406 3315 3459 quae
3343 3407 3472 3445 vero

1894 3492 1957 3531 ex
1986 3476 2151 3530 libero
2177 3475 2428 3540 arbitrio,
2464 3493 2567 3530 non
2599 3486 2724 3531 sunt
2750 3480 3053 3534 communia
3082 3497 3095 3534 :
3127 3481 3306 3536 labore
3331 3484 3472 3537 enim

1895 3567 2129 3638 indigent
2155 3576 2211 3621 ut
2236 3568 2370 3622 bene
2395 3568 2703 3624 succedant.

1963 3659 2015 3712 5.
2059 3656 2114 3711 Ν
2117 3658 2209 3711 iltil
2237 3658 2289 3710 in
2315 3658 2504 3711 mundo
2528 3659 2705 3714 inutile
2727 3700 2744 3727 ,
2767 3660 2860 3714 etsi
2884 3678 3027 3717 secus
3050 3662 3191 3718 nobis
3214 3665 3460 3722 uideatur.

1891 3749 2172 3804 --0mnia
2223 3750 2382 3819 igitur
2435 3750 2633 3819 optima
2680 3753 2897 3822 capiens
2957 3754 3471 3812 circmmuniciaris:

1893 3841 2090 3896 etenim
2114 3841 2498 3895 irrationalium
2523 3858 2617 3896 rex
2642 3858 2733 3906 es;
2759 3859 2914 3914 rcges
2941 3854 3145 3912 autem,
3169 3847 3213 3902 si
3241 3848 3363 3916 quid
3395 3860 3478 3903 est

1891 3932 1944 3985 in
1972 3930 2198 3986 subditis
2223 3930 2507 4001 optimum,
2528 3932 2640 3988 sive
2661 3949 2870 3999 aurum,
2904 3936 3016 3989 sive
3039 3946 3337 4005 argentum,
3365 3941 3476 3993 sive
3554 3943 3559 3949 ’

1893 4023 2100 4092 lapides
2156 4024 2411 4092 pretiosi,
2445 4024 2558 4079 sive
2609 4037 2918 4093 sumptuosa
2963 4029 3279 4083 vestimenta
3305 4069 3321 4095 ,
3362 4030 3477 4085 haec

1891 4128 2011 4169 cum
2041 4113 2525 4183 superabundantia
2564 4114 2661 4183 ipsi
2693 4115 2998 4183 possident;
3029 4126 3082 4172 et
3121 4134 3187 4173 ex
3229 4130 3472 4173 creatura

1893 4205 2177 4260 Dominum
2241 4214 2388 4260 tuum
2435 4206 2720 4260 admirare.
2743 4206 2797 4261 Si
2845 4208 2970 4277 quid
3015 4224 3142 4263 vero
3173 4218 3225 4265 te
3267 4211 3476 4265 excedit

1892 4296 2213 4364 visibilium,
2243 4305 2298 4352 et
2352 4297 2613 4351 rationem
2672 4297 2913 4352 invenire
2961 4313 3069 4353 non
3119 4308 3304 4369 potes,
3355 4301 3474 4354 ideo

1894 4380 2623 4456 Creatoremglorifica.quia
2672 4396 2905 4442 mentem
2937 4398 3077 4442 tuam
3119 4390 3284 4458 ipsius
3321 4392 3474 4459 Opili-

1891 4478 2094 4533 ciorum
2139 4478 2401 4548 sapientia
2446 4478 2675 4533 excedit.
2706 4478 2783 4533 Ne
2823 4478 2989 4546 dicas,
3022 4479 3198 4548 Quare
3238 4480 3379 4535 hoc?
3407 4483 3471 4536 ad

1891 4568 2018 4637 quid
2050 4567 2192 4622 hoc?
2220 4583 2342 4621 nam
2388 4567 2801 4637 unumquodque
2826 4569 2955 4624 utile
2979 4579 3061 4624 est
3083 4610 3096 4630 ,
3125 4570 3223 4624 etsi
3255 4585 3354 4624 nos
3383 4587 3470 4624 ra-

1895 4660 2089 4714 tionem
2118 4659 2441 4729 ignoramus.
2470 4659 2618 4714 Sicut
2638 4660 2780 4714 enim
2811 4662 2855 4714 si
2885 4660 2936 4715 in
2978 4660 3170 4716 medici
3203 4660 3471 4716 oflicinam

1892 4752 2206 4822 ingrediaris
2244 4761 2299 4806 et
2341 4752 2502 4807 multa
2547 4753 2816 4822 preposita
2865 4752 3047 4808 videas
3099 4753 3471 4817 instrumenta,

1894 4843 2202 4897 varietatem
2233 4842 2708 4897 instrumentorum
2736 4842 3015 4897 admiraris
3036 4885 3049 4905 ,
3073 4843 3198 4897 licet
3239 4844 3472 4912 ipsorum

1894 4934 2104 4989 nescias
2130 4948 2258 4988 usus
2288 4952 2300 4987 :
2331 4934 2409 4988 sic
2434 4943 2487 4988 et
2517 4935 2568 4988 in
2597 4942 2842 4988 creatura
2876 4933 3058 4998 facias,
3088 4941 3143 4989 et
3183 4934 3229 4988 si
3275 4933 3476 4989 videris

1892 5028 2057 5082 multa
2100 5026 2407 5081 animalium
2434 5035 2486 5082 et
2512 5025 2794 5082 herbarum
2839 5033 2894 5080 et
2929 5024 3227 5095 plantarum
3265 5033 3318 5079 et
3357 5025 3478 5079 alia-

1894 5134 2012 5173 rum
2069 5131 2272 5182 rerum,
2326 5132 2550 5188 quarum
2616 5117 2869 5171 utilitates
2918 5116 3165 5183 nescias,
3212 5115 3478 5171 admirare

1894 5210 2129 5279 ipsarum
2155 5208 2494 5271 varietatem,
2523 5219 2676 5277 stupe
2702 5208 2859 5262 etiam
2903 5207 3136 5277 ipsarum
3175 5216 3475 5261 creatorem

1894 5300 2258 5370 optimumque
2297 5300 2539 5369 opificem
2585 5299 2753 5353 Deum
2797 5316 2812 5353 :
2857 5297 3106 5368 quoniam
3155 5312 3254 5351 nec
3300 5297 3474 5351 omnia

1897 5391 1988 5446 tibi
2021 5401 2142 5445 nota
2164 5391 2284 5446 fecit
2304 5430 2320 5457 ,
2355 5405 2453 5445 nec
2476 5391 2654 5445 omnia
2685 5390 2972 5460 incognita.
3000 5389 3113 5445 Non
3136 5389 3261 5444 fecit
3283 5388 3477 5459 quippe

1897 5483 2077 5536 omnia
2121 5482 2410 5551 incognita,
2439 5497 2505 5536 ne
2534 5480 2680 5536 dicas
2707 5496 2827 5536 esse
2852 5480 3106 5535 mundum
3151 5480 3267 5534 sine
3302 5479 3477 5549 prmi.

1897 5573 2077 5628 dentia
2109 5589 2123 5625 :
2157 5589 2262 5627 non
2292 5574 2533 5644 permisit
2554 5589 2682 5629 vero
2725 5573 2817 5628 tibi
2851 5572 3058 5643 cognita
3096 5586 3218 5627 esse
3266 5570 3470 5636 omnia,

1899 5679 1966 5718 ne
1995 5663 2312 5731 cognitionis
2352 5662 2661 5734 magnitudo
2709 5671 2759 5717 te
2799 5662 2851 5716 in
2892 5660 3195 5732 superbiam
3227 5660 3467 5716 extollat.

1903 5756 1993 5811 Sic
2037 5754 2231 5826 quippe
2268 5764 2320 5812 et
2365 5756 2591 5828 primum
2634 5753 2902 5811 hominem
2956 5753 3228 5826 improbus
3271 5753 3479 5810 dzemon
