3920 6224
476 343 578 399 151

482 455 571 508 ille
624 446 989 520 praecipitavit,
1035 461 1130 516 per
1176 448 1391 513 majoris
1438 444 1675 498 scicntia:
1723 457 1912 510 spem,
1940 456 2058 495 eam

473 560 641 616 quam
674 543 897 597 habebat
917 540 1188 594 auferens:
1211 539 1493 607 Propterea
1524 547 1577 590 et
1603 537 1816 606 sapiens
1846 534 2059 603 quidam

485 636 755 699 admonet,
784 634 965 687 dicens
997 649 1010 683 :
1046 630 1287 684 Fortiora
1324 642 1371 683 te
1412 647 1474 683 ne
1511 646 1728 699 qumras,
1752 639 1799 683 et
1843 628 2058 698 profun-

482 728 626 780 diore
665 736 710 779 te
737 742 797 777 ne
840 723 1074 777 scrutaris
1096 737 1114 774 :
1138 737 1249 789 qua:
1274 721 1514 774 mandata
1538 729 1656 773 sunt
1681 720 1767 773 tibi
1790 761 1804 785 ,
1839 719 1945 772 licet:
1974 734 2056 771 co-

487 818 625 885 gnita
654 814 842 885 (Eccit.
865 815 917 867 5.
936 813 1025 866 2|.
1049 812 1139 881 ‘22)
1168 830 1179 864 :
1215 813 1378 882 ipsius
1406 814 1546 867 enim
1577 827 1795 880 cperum
1824 810 1973 879 plura
2007 811 2057 862 in

482 906 709 962 secretis
738 912 900 965 sunt;
932 913 985 957 et
1010 917 1240 966 rursum,
1275 901 1477 972 Majom
1508 902 1764 955 hominum
1791 900 2057 971 prudentia

480 1000 821 1052 demonstrata
872 1004 987 1047 sunt
1035 994 1122 1046 tibi
1149 992 1252 1064 (Ib.
1283 1010 1331 1046 υ.
1369 992 1484 1065 95).
1539 993 1651 1048 Hoc
1701 1003 1878 1046 autem
1927 990 2061 1044 dixit

476 1088 763 1143 conSulans
793 1096 1105 1142 manentem
1152 1097 1206 1139 et
1251 1084 1555 1148 dolentem,
1580 1084 1717 1153 quod
1750 1099 1853 1137 non
1880 1083 2058 1136 omnia

478 1181 621 1234 norit
653 1180 890 1233 :etenim
920 1189 974 1232 et
1002 1193 1062 1231 ea
1086 1219 1100 1239 ,
1133 1177 1330 1246 inquit,
1363 1191 1481 1245 qua:
1529 1190 1686 1229 nosse
1727 1174 1907 1227 datum
1952 1181 2055 1237 est,

479 1270 701 1322 multum
746 1267 1077 1338 prudentiam
1136 1277 1279 1321 tuam
1323 1265 1785 1333 transgrediuntur
1831 1281 1845 1318 :
1884 1278 2058 1332 neque

479 1361 619 1414 enim
650 1376 713 1414 ex
749 1370 799 1413 te
840 1360 1120 1425 invenisti,
1153 1358 1247 1412 sed
1290 1373 1319 1410 a
1371 1359 1478 1410 Deo
1519 1356 1726 1409 doctus.
1767 1356 2060 1409 Contentus

480 1450 637 1519 igitur
665 1459 777 1503 esto
799 1449 937 1503 datis
962 1448 1157 1503 divitiis
1177 1490 1191 1513 ,
1226 1456 1276 1501 ct
1327 1463 1391 1500 ne
1414 1446 1642 1515 amplius
1669 1446 1930 1514 inquiras,
1964 1446 2057 1499 scd

479 1556 576 1609 pro
609 1541 693 1606 iis,
718 1556 839 1610 qua:
865 1540 1138 1609 accepisti,
1166 1539 1361 1609 gratias
1390 1552 1519 1607 age:
1545 1537 1650 1590 noli
1682 1536 1940 1606 indignari
1960 1550 2058 1605 pro

479 1631 565 1698 iis,
588 1648 705 1703 qua:
731 1647 836 1686 non
870 1632 1139 1700 accepisti,
1163 1639 1216 1684 et
1248 1644 1341 1698 pro
1385 1630 1478 1693 iis,
1524 1644 1642 1698 quae
1689 1630 1864 1693 nosti,
1896 1629 2058 1698 glori-

478 1722 596 1785 fica,
639 1739 706 1776 ne
756 1723 1130 1776 scandalizcris
1182 1729 1400 1791 propter
1449 1735 1511 1773 ea
1563 1735 1681 1789 qua:
1724 1735 1828 1773 non
1874 1720 2052 1773 nosti:

476 1812 635 1865 ambo
660 1813 805 1866 enim
834 1813 974 1866 Deus
999 1812 1196 1865 utiliter
1227 1811 1347 1864 fecit
1371 1852 1384 1875 ,
1418 1817 1472 1862 et
1500 1807 1615 1863 bmc
1640 1809 1853 1879 quidem
1898 1824 2054 1863 reve-

477 1901 624 1968 lavit,
652 1903 737 1957 illa
763 1917 890 1957 vero
928 1903 1206 1956 abscondit
1246 1910 1348 1955 tua:
1389 1901 1672 1955 consulens
1709 1900 1884 1953 saluti.
1912 1899 2054 1954 Unus

475 1993 691 2062 quippe,
722 1993 862 2062 quod
891 1993 1029 2054 dixi,
1061 1991 1154 2046 Dei
1183 1990 1534 2060 cognoscendi
1571 1990 1759 2043 modus
1790 2005 1883 2058 per
1906 2005 2057 2044 crea.

479 2084 696 2146 tionem,
739 2085 932 2135 inultos
958 2083 1143 2136 valens
1190 2080 1304 2135 dies
1343 2081 1642 2135 absumere.
1669 2078 1737 2135 Ut
1765 2080 1908 2133 enim
1948 2094 2051 2133 non

477 2172 640 2226 solius
676 2172 909 2225 hominis
950 2186 1070 2225 cum
1114 2171 1383 2239 diligentia
1431 2169 1802 2223 formationem
1834 2184 2054 2239 percur-

475 2277 686 2329 ramus,
715 2278 834 2315 cum
886 2262 1154 2333 diligentia
1183 2262 1303 2316 dico
1345 2262 1498 2315 nobis
1523 2260 1760 2330 pOSsibili
1782 2302 1796 2325 ,
1830 2275 1932 2313 n0n
1962 2260 2050 2315 illa

474 2370 599 2408 vera
627 2353 900 2423 diligentia
932 2371 945 2407 :
976 2368 1096 2406 nam
1123 2354 1223 2407 etsi
1269 2352 1461 2405 multas
1505 2351 1765 2405 factorum
1818 2350 2052 2405 rationes

474 2444 725 2510 diximus,
747 2454 870 2498 sunt
902 2453 1077 2498 tamen
1105 2451 1160 2497 et
1182 2443 1299 2496 alia:
1344 2443 1522 2512 plures
1549 2456 1759 2496 arcana:
1796 2458 1927 2512 quas
1960 2442 2052 2512 qui

474 2535 618 2599 fecit,
653 2538 795 2587 novit
820 2534 1001 2598 Deus;
1031 2549 1134 2586 non
1161 2534 1302 2586 enim
1344 2548 1531 2587 onmes
1576 2533 1677 2602 ipsi
1722 2535 1920 2587 scimus
1950 2551 1961 2586 :
1997 2544 2052 2589 ut

475 2627 634 2696 igitur
661 2638 871 2678 omnem
918 2625 1147 2677 hominis
1193 2622 1563 2678 formationem
1612 2639 1734 2679 cum
1781 2625 2048 2695 diligentia

476 2729 868 2785 pereurmmus,
891 2724 943 2768 et
984 2714 1035 2767 in
1076 2729 1396 2784 unoquoque
1444 2716 1688 2770 membro
1737 2716 2049 2785 sapientiam

477 2809 826 2872 inveniamus,
857 2815 911 2861 et
967 2820 1271 2872 nervorum,
1299 2821 1552 2862 venarum
1572 2849 1586 2872 ,
1611 2809 1924 2863 arteriarum
1969 2809 2050 2863 di-

477 2899 863 2961 SIributiouem,
896 2898 1079 2962 situm,
1108 2898 1439 2968 aliorumque
1484 2900 1718 2952 omnium
1767 2899 2048 2955 formatio-

477 3002 597 3044 nem
627 2989 1060 3052 consideremus,
1096 3003 1193 3043 nec
1219 3003 1389 3043 annus
1413 2990 1616 3060 integer
1644 2991 1797 3045 nobis
1817 2991 1882 3045 ad
1914 2994 2049 3046 hanc

474 3080 859 3146 expositionem
892 3078 1138 3134 sufﬁciet.
1169 3078 1292 3134 ldeo
1331 3080 1489 3135 istum
1528 3082 1614 3135 hic
1656 3097 1956 3137 sermonem
1989 3084 2049 3136 ti-

475 3172 701 3235 nientes,
731 3179 784 3223 et
812 3170 1089 3224 laboriosis
1109 3170 1463 3240 studiosisque
1487 3186 1548 3226 ex
1576 3173 1731 3227 dictis
1752 3173 2049 3242 praebentes

474 3269 529 3313 et
579 3259 712 3313 alias
761 3260 1047 3313 creationis
1094 3268 1270 3329 partes
1322 3264 1661 3329 percurrendi
1713 3265 1948 3329 modum,
1980 3265 2047 3320 ad

474 3353 630 3405 aliain
653 3366 954 3406 sermonem
979 3351 1313 3424 hypothcsim
1337 3364 1623 3422 vertamus,
1645 3356 1808 3423 ipsam
1837 3372 2047 3430 quoque

474 3445 566 3499 Dei
596 3445 940 3513 providentia:
969 3446 1460 3501 demonstrativam.
1488 3448 1619 3515 Quae
1650 3450 1810 3518 igitur
1846 3461 1927 3504 est
1957 3467 2046 3506 se-

471 3536 643 3589 cunda
668 3535 1016 3604 bypothesis?
1047 3535 1126 3588 Ab
1148 3535 1297 3589 initio
1329 3537 1466 3591 Deus
1489 3539 1756 3593 hominem
1791 3541 2042 3610 formans,

471 3624 644 3692 legem
674 3624 770 3693 ipsi
802 3623 1092 3677 naturalem
1134 3625 1340 3678 indidit.
1372 3627 1436 3679 Et
1464 3627 1587 3696 quid
1610 3631 1819 3684 tandem
1848 3640 1931 3685 est
1960 3633 2045 3686 lex

476 3716 772 3770 naturalis?
799 3716 1191 3769 Conscientiam
1221 3718 1372 3770 nobis
1403 3722 1685 3786 expressit,
1716 3730 1770 3775 et
1799 3739 1827 3777 a
1858 3734 2043 3779 natura

476 3806 692 3861 inditam
726 3819 844 3859 esse
870 3805 1037 3858 voluit
1066 3806 1325 3860 bonorum
1356 3817 1409 3861 et
1445 3812 1833 3865 contrariorum
1872 3816 2045 3868 scicn-

476 3900 625 3951 tiam.
654 3897 767 3951 Non
807 3897 947 3951 enim
977 3912 1110 3966 opus
1138 3897 1400 3952 habemus
1419 3899 1646 3964 discere,
1671 3902 1811 3970 quod
1843 3905 2041 3958 malum

479 3991 549 4044 sit
574 3992 865 4054 I'ornicatio,
895 3999 948 4045 et
975 3990 1168 4044 bonum
1194 3992 1538 4059 continentia,
1560 3994 1653 4047 sed
1681 3995 1749 4048 ab
1766 3996 1916 4050 initio
1940 3997 2042 4051 hoc

468 4082 758 4136 scimus.t£t
775 4088 831 4134 ut
844 4080 1016 4134 discas
1034 4094 1132 4134 nos
1154 4080 1221 4133 ab
1243 4081 1389 4135 initio
1411 4083 1511 4136 hoc
1529 4084 1960 4156 seire,legislator
1978 4089 2043 4140 lc-

468 4189 560 4242 ges
579 4182 756 4242 postea
776 4172 971 4234 ferens,
991 4182 1045 4226 et
1065 4173 1250 4227 dicens
1275 4189 1289 4225 :
1309 4172 1430 4226 Non
1455 4175 1787 4246 occides(Ex.
1811 4177 1996 4250 QUAE)
2023 4197 2036 4232 :

477 4278 582 4315 non
606 4264 802 4328 intulit,
828 4262 1019 4315 Malum
1036 4263 1177 4316 enim
1200 4263 1406 4318 caedes:
1430 4265 1520 4318 sed
1543 4267 1884 4336 simpliciter:
1919 4268 2039 4324 Non

463 4356 681 4418 occides,
708 4355 877 4423 inquit
911 4372 924 4408 :
954 4356 1221 4425 prohibuit
1244 4357 1385 4409 enim
1419 4369 1692 4425 peccatum
1737 4360 2033 4428 dumtaxat,

464 4461 571 4501 non
593 4445 968 4513 docuit.Quare
994 4445 1151 4515 igitur
1172 4446 1259 4516 qui
1281 4446 1560 4511 dixit,Non
1577 4450 1792 4516 occides,
1814 4467 1916 4505 non
1943 4453 2038 4506 ad-

461 4539 617 4605 didit,
638 4539 767 4605 Quia
788 4535 987 4592 inalum
1017 4538 1189 4593 cmdes
1211 4542 1234 4594 't
1258 4538 1518 4606 Quoniam
1542 4543 1684 4610 prius
1712 4546 2034 4601 conscientia

463 4652 563 4696 nos
589 4635 691 4689 hoc.
714 4632 914 4695 docuit,
938 4639 990 4684 et
1012 4639 1279 4700 tamquam
1313 4634 1600 4689 scientibus
1622 4642 1676 4689 et
1698 4637 2037 4706 intelligenti-

461 4731 565 4789 hus
587 4729 656 4781 ita
688 4727 937 4795 loquitur.
961 4727 1092 4779 Cum
1116 4724 1273 4794 igitur
1290 4726 1356 4780 de
1379 4728 1482 4781 alio
1505 4728 1735 4797 loquitur
1761 4732 2030 4799 mandato,

458 4833 566 4876 non
596 4816 748 4870 nobis
777 4830 871 4885 per
890 4816 1268 4870 conscientiam
1301 4825 1455 4881 noto,
1486 4834 1589 4872 non
1621 4830 1819 4874 tantum
1852 4824 2033 4891 prohi-

458 4911 573 4976 bet,
605 4909 697 4962 sed
724 4919 776 4962 et
805 4922 1019 4964 causam
1049 4908 1286 4976 apponit.
1321 4910 1391 4963 De
1414 4910 1634 4965 sabbato
1661 4913 1835 4982 itaque
1864 4915 2032 4983 legem

460 5006 662 5066 ferens,
693 5011 747 5056 et
776 4999 958 5055 dicens
982 5020 996 5055 :
1029 4999 1257 5070 Septima
1282 5003 1363 5055 die
1388 5020 1488 5056 non
1509 4990 1665 5076 facies
1709 5022 1835 5074 opus
1870 5005 2028 5076 (Ibid.

461 5109 495 5147 ν
533 5132 547 5147 .
578 5094 664 5164 10)
701 5111 714 5148 :
744 5093 1012 5161 subjunxit
1035 5107 1252 5147 causam
1281 5110 1491 5163 quoque
1517 5099 1829 5151 cessationis
1860 5116 1873 5151 :
1901 5114 2031 5168 qua-

456 5184 558 5239 lem
590 5185 762 5238 Vero?
796 5182 927 5246 Quia
960 5182 1012 5236 in
1043 5183 1124 5237 die
1150 5184 1361 5253 septima
1384 5186 1632 5252 requievit
1655 5184 1795 5239 Deus
1829 5189 1891 5240 ab
1919 5205 2029 5242 om-

454 5274 599 5327 nibus
643 5274 873 5343 operibus
923 5274 1028 5327 snis
1055 5289 1165 5343 qua:
1198 5283 1411 5342 cwperat
1454 5278 1619 5345 facere
1647 5291 1664 5328 :
1691 5286 1745 5331 et
1772 5293 1981 5334 rursum
2012 5297 2026 5333 :

460 5366 709 5433 Quoniam
736 5382 905 5419 servus
936 5366 1077 5436 fuisti
1103 5366 1154 5417 in
1185 5375 1317 5418 terra
1344 5363 1557 5436 Aigypli
1591 5362 1765 5437 (Deut.
1792 5369 1882 5424 24.
1913 5371 2024 5441 ιδ).

456 5464 631 5527 Quare
678 5459 856 5528 igitur,
885 5459 971 5512 die
1013 5458 1162 5524 mihi,
1195 5460 1245 5512 in
1285 5459 1506 5514 sabbato
1550 5462 1763 5531 quidem
1812 5478 2025 5520 causam

454 5552 670 5620 adjecit,
703 5552 754 5604 in
788 5552 931 5605 ccede
961 5567 1086 5605 vero
1122 5550 1254 5605 nihil
1293 5553 1395 5606 tale
1425 5552 1589 5607 fecit?
1619 5555 1877 5621 Quoniam
1925 5556 2026 5613 hoc

452 5643 663 5709 quidem
707 5641 1011 5694 mandatum
1044 5656 1150 5695 non
1199 5641 1266 5697 de
1313 5645 1579 5712 primariis
1616 5656 1751 5713 erat,
1783 5662 1881 5703 nec
1931 5664 2024 5719 per

450 5733 825 5791 Conscientiam
853 5730 1007 5789 nobis
1033 5733 1337 5816 exquisitis,
1367 5736 1458 5791 sed
1491 5739 1806 5809 particulare
1841 5742 2011 5812 quod-

1176 334 1232 388 S.
1272 331 1545 388 JOXNNIS
1582 329 2051 385 CtlliYSOSTOMl
2093 330 2407 387 ARCHIEP.
2449 331 2979 390 CONSTANTiNOP.

3640 336 3751 397 ’139

2175 440 2297 495 dum
2323 452 2377 497 et
2403 451 2803 513 temporaneum
2839 462 2852 499 :
2884 454 3160 515 propterea
3203 455 3322 515 post
3362 449 3475 504 hzec
3508 453 3746 509 solutum

2168 539 2289 586 est:
2326 535 2625 587 necessaria
2656 547 2804 597 vero,
2837 543 2893 589 et
2916 535 3340 590 vitam-nostram
3368 540 3700 595 continentia
3728 586 3747 609 ,

2169 621 2253 674 illa
2305 632 2429 675 sunt
2458 640 2472 677 :
2508 621 2629 677 Non
2671 624 2899 689 occides,
2934 641 3036 678 non
3081 624 3348 696 furaberis,
3372 645 3472 683 non
3515 633 3746 685 ιηωτιω.

2164 710 2293 765 beris
2320 710 2512 785 (Exod.
2540 713 2630 769 20.
2667 715 2857 784 15-15)
2892 732 2906 769 :
2937 724 2992 770 et
3029 716 3150 785 ideo
3179 718 3476 774 nullatenus
3495 721 3583 776 bic
3609 739 3750 777 cau-

2164 816 2277 855 sam
2311 803 2476 871 ponit.
2505 818 2604 859 nec
2628 802 2923 858 doctrinam
2953 806 3189 874 adducit,
3211 808 3307 863 sed
3328 811 3440 865 sola
3461 827 3593 881 opus
3621 831 3748 870 esse

2166 903 2319 962 putat
2352 893 2732 960 prohibitione.

2232 985 2286 1038 4.
2325 984 2470 1039 Juris
2505 987 2751 1039 naturalis
2794 986 3013 1057 cognitio
3054 987 3219 1042 indita
3275 989 3485 1045 homini.
3516 1021 3589 1033 -—
3633 992 3749 1049 Nec

2164 1077 2290 1132 inde
2322 1086 2547 1143 tantum,
2578 1078 2670 1133 sed
2718 1088 2772 1134 et
2797 1079 3010 1133 aliunde
3055 1080 3205 1135 vobis
3245 1080 3610 1139 demonstrare
3648 1099 3743 1139 co-

2163 1168 2351 1230 nabor,
2386 1167 2652 1238 quomodo
2696 1183 2724 1220 a
2770 1178 2955 1222 natura
2996 1170 3267 1226 institutus
3307 1182 3423 1227 erat
3470 1172 3630 1228 homo
3673 1175 3745 1230 ad

2161 1260 2373 1314 virtutis
2398 1260 2781 1329 cognitionem.
2822 1260 3058 1314 Primum
3090 1263 3259 1316 Adam
3304 1264 3518 1319 admisit
3547 1281 3746 1334 pecea-

2164 1358 2297 1415 tum,
2326 1359 2518 1419 etpost
2563 1359 2838 1419 peccatum
2884 1352 3062 1404 statim
3107 1368 3166 1407 se
3204 1355 3528 1409 occultavit?
3553 1358 3598 1410 si
3641 1357 3752 1410 ali—

2161 1439 2287 1509 quid
2320 1441 2442 1494 mali
2474 1455 2532 1495 se
2578 1450 2917 1509 perpetrasse
2943 1456 3048 1495 non
3078 1451 3319 1504 noverat,
3348 1459 3451 1513 qua
3483 1443 3550 1500 de
3576 1460 3740 1500 causa

2161 1543 2219 1583 se
2240 1530 2568 1583 occultavit?
2596 1528 2776 1599 Neque
2801 1530 2942 1584 enim
2973 1538 3125 1584 erant
3143 1528 3477 1594 litteraemon
3500 1533 3604 1597 lex,
3632 1550 3740 1589 non

2161 1619 2333 1673 Moses
2363 1636 2377 1672 :
2408 1619 2549 1673 unde
2592 1620 2749 1688 igitur
2782 1619 2930 1674 novit
2972 1629 3247 1688 peccatum
3269 1660 3284 1683 ,
3319 1627 3378 1672 ut
3412 1635 3472 1675 se
3511 1621 3748 1675 abscon-

2160 1709 2344 1763 deret?
2371 1709 2481 1764 Nec
2520 1719 2722 1763 tantum
2776 1724 2835 1762 se
2889 1709 3057 1773 celat,
3115 1708 3209 1762 sed
3257 1717 3311 1764 et
3357 1720 3635 1763 accusatus
3685 1711 3738 1763 in

2158 1801 2320 1854 alium
2377 1811 2601 1854 conatur
2647 1799 2936 1854 transferre
2988 1815 3246 1865 causam,
3292 1800 3515 1856 dicens:
3548 1802 3732 1857 Mulier

2157 1908 2309 1962 quant
2334 1891 2516 1945 dedisti
2561 1891 2720 1956 mihi,
2756 1892 2867 1961 ipsa
2911 1892 3046 1945 dedit
3094 1892 3216 1945 mihi
3257 1892 3318 1946 de
3363 1893 3501 1964 ligno
3527 1934 3542 1959 ,
3574 1905 3621 1947 et
3647 1913 3737 1948 co-

2159 1981 2293 2033 medi
2323 1979 2473 2050 (Gen.
2506 1981 2702 2051 5.12).
2757 1982 2824 2035 Ει
2872 1982 2960 2036 illa
3008 1997 3192 2037 rursus
3231 1984 3283 2037 in
3328 1984 3490 2038 alium
3531 1986 3741 2042 crimen

2158 2071 2443 2138 transfert,
2510 2082 2810 2142 serpentem
2847 2075 3068 2130 scilicet.
3116 2075 3193 2129 Ac
3241 2075 3365 2131 vide
3418 2078 3737 2147 sapientiam

2159 2163 2251 2217 Dei
2284 2180 2445 2218 :cunt
2500 2167 2640 2219 enim
2691 2166 2859 2219 Adam
2912 2166 3169 2221 dixisset:
3211 2166 3395 2222 Vocem
3448 2179 3586 2222 tuam
3636 2189 3737 2224 au-

2155 2257 2290 2322 divi,
2320 2267 2364 2311 et
2415 2259 2588 2324 timui,
2614 2276 2670 2313 eo
2711 2261 2844 2330 quod
2892 2260 3058 2313 nudus
3086 2277 3238 2315 essent
3258 2302 3273 2327 ,
3306 2272 3355 2315 et
3393 2261 3632 2316 abscondi
3659 2278 3734 2319 ηιξ

2156 2349 2259 2418 (Ib.
2283 2366 2330 2403 υ.
2366 2353 2453 2422 10)
2481 2370 2494 2405 :
2524 2353 2660 2407 Deus
2680 2368 2785 2407 non
2812 2354 2988 2408 statim
3017 2354 3209 2408 factum
3240 2354 3533 2424 redarguit,
3564 2372 3738 2426 neque

2153 2441 2285 2496 dixit
2308 2461 2321 2496 :
2352 2443 2525 2512 Quare
2553 2445 2692 2498 enim
2723 2445 2788 2499 de
2812 2446 2952 2515 ligno
2975 2446 3291 2500 comedisti?
3318 2447 3411 2500 sed
3429 2448 3737 2517 quomodo?

2156 2534 2281 2600 Quis
2307 2537 2437 2589 enim
2463 2536 2698 2590 indicavit
2739 2537 2827 2590 tibi
2853 2538 2986 2604 quod
3029 2538 3193 2592 nudus
3236 2555 3364 2593 esses
3392 2540 3489 2592 nisi
3515 2539 3652 2608 quod
3673 2554 3736 2593 ea

2152 2625 2320 2693 ligno,
2352 2632 2413 2680 de
2451 2643 2547 2698 quo
2578 2643 2912 2696 prtcceperam
2946 2627 3034 2681 tibi
3063 2645 3124 2682 ne
3147 2628 3447 2693 comederes,
3476 2628 3737 2682 comedisli

2153 2715 2339 2787 (Ibid.
2382 2737 2437 2776 ν.
2488 2716 2640 2788 tl)?
2684 2718 2865 2788 Neque
2920 2720 3118 2785 tacuit,
3169 2735 3268 2773 nec
3319 2727 3503 2787 aperte
3560 2720 3732 2787 ipsum

2153 2806 2465 2876 redarguit:
2517 2822 2622 2861 non
2678 2809 2818 2863 enim
2850 2811 3043 2876 tacuit,
3082 2820 3138 2863 ut
3176 2811 3345 2877 ipsum
3412 2809 3476 2863 ad
3528 2810 3734 2879 peccati

2110 2920 2111 2923 η
2148 2896 2538 2952 confessionem
2563 2906 2843 2963 evocaret;
2865 2914 2961 2953 nec
2985 2914 3110 2953 vero
3132 2899 3409 2954 manifeste
3431 2899 3725 2968 redarguit,

2151 3003 2219 3042 ne
2241 2997 2404 3042 totum
2438 2989 2529 3044 Dei
2557 2999 2718 3055 esset,
2749 2999 2803 3045 et
2844 2991 2934 3044 ille
2966 2992 3197 3059 privatus
3228 3002 3526 3046 remaneret
3556 2993 3731 3057 venia,

2154 3094 2272 3148 qua:
2316 3079 2468 3134 nobis
2497 3096 2565 3134 ex
2615 3080 2951 3136 confessione
3002 3083 3255 3136 nascitur.
3295 3083 3576 3152 Propterea
3625 3101 3732 3139 non

2151 3170 2282 3223 dixit
2311 3171 2585 3226 manifeste
2607 3186 2842 3236 causam,
2862 3173 3001 3227 unde
3024 3175 3253 3243 cognitio
3275 3175 3289 3206 ί
3314 3184 3432 3229 nata
3454 3183 3617 3242 esset,
3637 3177 3731 3231 sed

2152 3261 2251 3314 sub
2283 3262 2713 3331 interrogationis
2752 3262 2922 3318 forma
2961 3280 3263 3320 sermonem
3306 3267 3542 3335 profert,
3572 3279 3625 3321 ut
3644 3270 3732 3327 illi

2149 3352 2348 3406 aditum
2384 3353 2448 3407 ad
2479 3353 2865 3409 confessionem
2889 3357 3230 3425 relinqueret.
3264 3357 3493 3412 Rursum
3517 3360 3569 3412 in
3598 3359 3727 3413 Cain

2148 3452 2200 3495 et
2228 3443 2359 3496 Abel
2388 3443 2526 3498 idem
2551 3444 2733 3500 videre
2759 3445 2900 3500 licet.
2933 3446 3171 3501 Primum
3220 3451 3431 3518 quidem
3471 3450 3730 3519 primitias

2150 3533 2259 3589 Deo
2291 3533 2530 3589 ferebant
2568 3536 2805 3591 laborum
2837 3553 3073 3593 suorum.
3110 3540 3220 3594 Non
3249 3543 3390 3595 enim
3428 3558 3457 3595 a
3508 3554 3730 3613 peccato

2150 3633 2369 3688 tantum,
2402 3626 2495 3680 sed
2524 3628 2681 3682 etiam
2705 3644 2735 3681 a
2762 3630 2954 3695 virtute
2980 3630 3425 3696 demonstremus,
3456 3632 3726 3690 hominem

2149 3719 2421 3786 utriusque
2441 3719 2662 3774 scicntia
2694 3720 2969 3788 praeditum
3001 3722 3179 3777 fuisse.
3208 3724 3359 3790 Quod
3383 3725 3539 3795 igitur
3564 3726 3727 3781 homo

2146 3821 2419 3880 peccatum
2483 3826 2603 3866 esse
2666 3814 2861 3866 malum
2915 3814 3023 3881 jam
3090 3817 3288 3879 sciret,
3343 3816 3729 3874 demonstravit

2146 3902 2313 3956 Adam
2340 3918 2354 3967 ;
2377 3903 2518 3972 quod
2559 3914 2732 3957 autem
2759 3906 3007 3960 virtutem
3038 3920 3159 3961 esse
3200 3907 3394 3962 bonum
3426 3911 3583 3964 etiam
3622 3911 3727 3965 sci-

2144 4003 2248 4057 ret,
2279 4006 2486 4050 rursum
2542 3997 2676 4067 Abel
2733 3997 3108 4052 manifestavit.
3155 4000 3266 4054 Non
3319 4003 3457 4056 enim
3502 4005 3570 4058 ab
3613 4006 3725 4060 ullo

2143 4085 2350 4151 doctus,
2372 4103 2540 4156 neque
2567 4090 2680 4154 lege
2700 4088 2765 4142 de
2790 4090 3032 4158 primitiis
3059 4092 3173 4147 hzrc
3201 4088 3496 4149 disserente
3521 4097 3720 4163 audita,

2143 4178 2237 4233 sed
2264 4195 2292 4232 a
2321 4194 2413 4233 sua
2444 4181 2767 4234 conscientia
2796 4182 2984 4236 doctus
3005 4224 3021 4247 ,
3047 4187 3361 4239 sacrificium
3412 4189 3537 4241 illud
3563 4189 3715 4243 obtu-

2143 4269 2221 4323 lit.
2253 4270 2533 4339 Propterea
2574 4287 2678 4325 non
2724 4272 2992 4329 descendo
3026 4275 3092 4328 ad
3140 4289 3401 4343 posteros,
3435 4280 3527 4333 sed
3576 4281 3720 4336 circa

2143 4360 2345 4429 priores
2370 4360 2610 4416 homines
2634 4378 2839 4428 versor,
2867 4364 3076 4434 quando
3121 4366 3352 4420 nondum
3385 4369 3594 4439 litterae,
3621 4386 3721 4424 ne-

2141 4465 2244 4520 que
2268 4452 2372 4515 lex,
2405 4467 2579 4522 neque
2599 4454 2873 4523 pr0pbetm
2903 4464 2956 4509 et
2976 4454 3183 4524 judices
3206 4498 3220 4521 ,
3257 4457 3348 4511 sed
3374 4461 3521 4512 solus
3549 4461 3719 4517 Adam

2140 4556 2262 4595 cum
2287 4541 2405 4597 filiis
2432 4554 2546 4597 erat
2566 4583 2580 4608 ,
2612 4555 2674 4597 ut
2696 4543 2869 4598 discas
2896 4544 2947 4597 in
2970 4559 3158 4598 natura
3202 4545 3459 4601 bonorum
3503 4560 3556 4603 et
3584 4566 3717 4606 con-

2142 4634 2422 4688 trariorum
2466 4636 2740 4689 scientiam
2788 4636 2932 4704 prius
2978 4635 3141 4692 fuisse
3205 4640 3511 4706 repositam.
3565 4641 3717 4698 Unde

2139 4724 2283 4777 enim
2336 4724 2520 4779 didicit
2566 4727 2720 4790 Abel,
2747 4728 2888 4796 quod
2922 4727 3117 4782 bonum
3144 4740 3286 4784 esset
3336 4732 3549 4799 offerre,
3572 4737 3713 4802 quod

2138 4815 2335 4868 bonum
2363 4816 2525 4869 Deum
2552 4820 2816 4883 venerari,
2848 4829 2901 4873 et
2927 4821 2977 4874 in
3005 4821 3251 4875 omnibus
3275 4824 3471 4892 gratias
3510 4840 3668 4895 agere
3691 4830 3715 4882 ’ἒ

2137 4903 2272 4971 Quid
2306 4905 2464 4974 igitur
2485 4947 2500 4971 ,
2524 4922 2589 4960 an
2612 4905 2739 4962 Cain
2784 4924 2887 4963 non
2930 4910 3161 4964 obtulit?
3184 4911 3384 4966 Obtulit
3419 4915 3631 4983 quidem
3660 4927 3713 4971 et

2138 4994 2280 5062 ipse,
2311 4994 2404 5048 sed
2442 5011 2548 5049 non
2597 4998 2858 5051 similiter.
2890 4999 2954 5052 Et
2994 4998 3118 5054 hinc
3151 5016 3278 5054 vero
3327 5017 3534 5056 rursum
3580 5019 3712 5058 cou-

2136 5084 2371 5137 seientia:
2395 5085 2626 5154 cognitio
2654 5096 2873 5155 apparet
2898 5106 2913 5143 :
2935 5091 3181 5157 quoniam
3211 5091 3348 5144 enim
3379 5093 3463 5157 ei,
3493 5096 3582 5163 qui
3613 5095 3711 5147 ho-

2137 5185 2353 5231 noratus
2380 5175 2588 5243 fuerat,
2605 5179 2851 5234 invidens
2871 5221 2886 5246 ,
2917 5180 2983 5234 de
3007 5182 3152 5236 caede
3177 5182 3531 5250 deliberabat,
3557 5186 3710 5239 dolo-

2136 5282 2247 5321 sam
2283 5269 2489 5324 celebat
2515 5271 2830 5324 sententiam
2858 5280 2943 5326 :et
2968 5274 3091 5341 quid
3126 5275 3711 5344 inquit?.lge,egredia-

2133 5375 2247 5412 mur
2288 5361 2344 5413 in
2391 5377 2626 5429 campum
2659 5363 2806 5434 (Gen.
2833 5364 2885 5417 4.
2935 5363 3027 5437 8).
3066 5367 3180 5419 Alia
3216 5364 3404 5433 figura.
3432 5365 3711 5426 (ξιιιι-ίιιιιῐς

2131 5451 2273 5504 enim
2302 5452 2566 5505 simulatio
2592 5469 2607 5506 :
2638 5455 2899 5508 sententia
2923 5455 3024 5509 alia
3045 5496 3060 5520 ,
3091 5456 3342 5510 fratricidi
3383 5460 3524 5513 enim
3573 5463 3711 5516 deii-

2135 5543 2356 5598 beratio.
2396 5543 2466 5599 Et
2504 5545 2604 5598 nisi
2644 5546 2843 5600 malum
2895 5548 3175 5601 consilium
3238 5551 3488 5619 putabat,
3538 5569 3707 5621 quare

2131 5697 2500 5811 "Morel
2529 5708 2580 5753 et
2601 5702 2792 5766 quidam
2814 5710 2919 5754 Mss.
2959 5702 3103 5754 Sat-il.
3128 5711 3181 5754 et
3219 5705 3410 5768 quidam
3431 5706 3532 5771 alii,
3559 5705 3706 5761 Uade
