3912 6230
196 318 306 375 ~13!

195 434 423 506 θρωπον
444 431 471 487 6
499 420 735 503 πονηρὸς
753 430 964 504 δαίμων
1001 433 1208 498 ἐκεῖνος
1236 435 1671 507 ἐξετραχήλισεν,
1702 438 1875 492 ἐλπίδι

198 519 449 590 μείζονος
465 519 717 590 γνώσεως
761 520 967 591 καὶτῆς
987 520 1156 591 οὔσης
1183 524 1582 595 ἀποστερήσας.
1602 524 1702 577 Διά
1721 523 1881 578 τοῦτο

188 609 296 663 ναὶ
347 609 510 677 σοφός
556 626 645 672 τις
687 612 944 681 παραινεῖ
979 609 1153 678 λέγων
1176 627 1190 642 ·
1240 612 1612 680 Ἰσχυρότερά
1630 628 1747 667 σου
1789 613 1876 683 μὴ

192 695 374 761 ζήτει,
393 695 492 750 καί
507 695 811 765 ,ϐηθύτερά
834 713 950 751 σου
971 696 1058 766 μὴ
1075 697 1289 765 ἐρεύνα
1308 715 1321 728 ·
1341 697 1380 752 ιι
1392 697 1732 768 προσετιίγη
1756 712 1876 765 σοι,

194 783 391 836 ταῦτα
448 783 693 837 διανοοῦ
714 802 727 814 ·
754 784 824 836 τὰ
862 782 971 854 γὰρ
1018 783 1237 838 πλείονα
1274 783 1384 838 τῶν
1418 784 1596 855 ἔργων
1620 785 1785 838 αὐτοῦ
1821 787 1879 838 ἐν

192 870 543 942 ἀποκρύφοις
561 887 575 901 ο
602 871 698 924 καὶ
724 871 907 935 πάλιν,
925 870 1185 925 Πλείονα
1211 873 1519 937 συνέσεως
1545 872 1876 940 ἀνθρώπων

189 958 524 1025 ὐπεδει’χθη
580 972 700 1012 σοι.
734 957 906 1011 Τοῦτο
954 958 1011 1011 δὲ
1070 953 1191 1011 εἶπε
1247 957 1740 1029 παραμυθούμενος
1786 958 1881 1010 τὸν

189 1046 537 1115 ἀσχάλλοντα
576 1046 674 1099 καὶ
708 1044 961 1109 ἀλύοντα,
1002 1045 1188 1106 ἐπειδὴ
1243 1045 1317 1117 μὴ
1353 1046 1528 1099 πάντα
1559 1041 1718 1099 οἶδεν.
1762 1045 1877 1098 Καὶ

190 1133 305 1203 γάρ
325 1132 488 1197 αὐτὰ,
518 1134 706 1203 φησὶν,
730 1132 874 1205 ἅπερ
892 1133 1210 1204 ἐπετράπης
1232 1133 1454 1197 εἰδέναι,
1488 1133 1693 1204 σφόδρα
1716 1133 1880 1202 ὐπερ-

188 1223 372 1275 ϐαίνει
414 1240 509 1277 σου
552 1223 654 1294 τὴν
695 1221 910 1276 σύνεσιν
936 1238 951 1254 ⁸
991 1223 1114 1276 οὐδέ
1158 1222 1267 1293 γὰρ
1295 1222 1505 1275 οἴκοθεν
1537 1215 1716 1293 εὗρες,
1740 1220 1878 1275 ἀλλὰ

188 1312 349 1381 παρά
360 1311 455 1364 τοῦ
469 1311 603 1364 Θεοῦ
621 1311 907 1382 διδαχθείς.
925 1311 980 1363 Ἀ
991 1309 1121 1383 ρκοῦ
1138 1310 1317 1363 τοίνυν
1329 1308 1407 1381 τῷ
1421 1309 1629 1365 δοθέντι
1643 1308 1875 1380 πλούτῳ,

188 1400 288 1453 καὶ
320 1399 395 1471 μὴ
428 1399 591 1453 πλέον
614 1400 883 1471 ἐπιζήτει,
905 1398 1022 1453 ἀλλ’
1054 1400 1195 1470 ὑπὲρ
1215 1390 1291 1454 ὧν
1318 1396 1512 1461 ἔλαϐες
1541 1396 1874 1467 εὐχαρίστει,

192 1486 274 1557 μὴ
311 1488 613 1555 ἀγανάκτει
647 1487 788 1562 ὑπὲρ
835 1478 912 1540 ὧν
946 1486 1047 1540 οὐκ
1083 1485 1293 1550 ἔλαϐες,
1319 1486 1414 1540 καὶ
1454 1485 1595 1557 ὑπὲρ
1626 1477 1701 1538 ὧν
1728 1479 1877 1546 οἶδας

187 1573 410 1638 δόξαζε,
449 1575 524 1645 μὴ
557 1573 914 1637 σκανδαλίζου
943 1573 1013 1627 δι’
1040 1571 1076 1627 ἀ
1108 1572 1209 1626 οὐκ
1237 1567 1384 1634 οἶδας
1408 1588 1422 1602 ·
1457 1570 1742 1643 ἀμφότερα
1767 1567 1876 1639 γὰρ

187 1661 483 1731 χρησίμως
513 1664 541 1715 6
576 1661 708 1725 Θεὸς
738 1662 983 1733 ἐποίησε,
1024 1661 1120 1714 καὶ
1146 1660 1215 1714 τὰ
1243 1660 1344 1730 μὲν
1380 1657 1699 1727 ἀπεκάλυψε
1722 1669 1772 1721 ι,
1805 1654 1875 1709 τὰ

186 1747 247 1800 δέ
286 1748 724 1819 ἁπέκλεισε,τῆς
759 1750 857 1820 σῆς
888 1747 1133 1820 προνοῶν
1173 1748 1468 1818 σωτηρίας.
1504 1742 1601 1809 Εἷς
1631 1746 1729 1818 μὲν
1757 1741 1872 1809 οὖν,

186 1837 329 1905 ὅπερ
361 1835 517 1907 ἔφην,
549 1837 748 1906 τρόπος
765 1836 1090 1905 θεογνωσίας
1109 1834 1240 1890 ὁδιά
1269 1836 1367 1906 τῆς
1391 1835 1644 1899 κτίσεως,
1676 1831 1875 1895 πολλὰς

184 1922 491 1992 δυνάμενος
529 1924 740 1995 ἡμέρας
788 1923 1084 1977 ἀναλῶσαι.
1135 1923 1253 1976 Ἵνα
1304 1923 1413 1994 γὰρ
1462 1922 1536 1993 μὴ
1588 1920 1873 1993 μόνον’τοῢ

185 2009 481 2081 ἀνθρώπου
524 2013 645 2064 κατ’
689 2011 976 2082 ἀκρίϐειαν
1016 2010 1115 2082 τὴν
1163 2010 1495 2064 διατύπωσιν
1537 2008 1871 2079 ἐπέλθωμεν,

185 2099 312 2149 κατ’
340 2096 626 2167 ἀκρίϐειαν
652 2098 709 2152 δὲ
738 2097 880 2167 λέγω
907 2098 1008 2169 τὴν
1036 2099 1168 2167 ἡμῖν
1195 2096 1450 2167 δυνατὴν,
1485 2096 1544 2149 οὐ
1574 2095 1675 2167 τὴν
1705 2095 1875 2158 ὅντως

185 2184 505 2255 ἀκρίϐειαν⁹
531 2186 578 2238 εἰ
601 2186 708 2255 γὰρ
729 2186 824 2239 καὶ
851 2183 1082 2248 πολλοὺς
1112 2185 1414 2256 εἰρήκαμεν
1430 2183 1538 2237 τῶν
1567 2181 1875 2253 γενομένων

186 2269 402 2339 λόγους,
434 2271 547 2324 ἀλλ’
596 2273 705 2325 εἰσί
750 2273 845 2325 καὶ
886 2272 1064 2342 ἕτεροι
1100 2270 1319 2333 πλείους
1356 2269 1689 2340 ἀπόρρητοι,
1724 2266 1876 2342 οὒςό

186 2361 423 2429 ποιήσας
465 2354 574 2412 οἶδε
601 2359 734 2423 Θεός
758 2376 771 2390 ·
807 2359 867 2412 οὐ
914 2340 1023 2428 γάρ
1049 2358 1113 2428 δὴ
1153 2358 1364 2421 πάντας
1405 2357 1563 2426 ἴσμεν
1592 2355 1774 2408 αὐτοί’
1807 2340 1876 2406 ἶν’

184 2442 280 2499 οὖν
300 2446 519 2500 ἃπασαν
540 2439 634 2499 τού
666 2446 957 2518 ἀνθρώπου
974 2446 1116 2499 κατά
1141 2445 1431 2515 ἀκρίϐειαν
1454 2443 1553 2515 τὴν
1584 2443 1874 2497 διάπλασιν

184 2532 510 2603 ἐπέλθωμεν
555 2534 651 2587 καὶ
684 2534 784 2604 τὴν
824 2536 883 2587 ἐν
929 2533 1148 2603 ἑκάστῳ
1186 2532 1338 2602 μέλει
1373 2532 1567 2600 σοφίαν
1597 2529 1869 2600 εὕρωμεν,

184 2621 294 2674 τῶν
314 2619 548 2691 νεύρων,
582 2620 692 2673 τῶν
730 2620 962 2688 φλεϐῶν,
997 2620 1107 2674 τῶν
1133 2618 1415 2691 ἀρτηριῶν
1451 2619 1551 2689 την
1589 2616 1870 2689 διανομὴν,

182 2707 285 2778 τὴν
303 2706 473 2773 θέσιν,
492 2708 593 2780 τὴν
617 2707 905 2762 διάπλασιν
922 2706 1032 2762 τῶν
1051 2707 1228 2762 ἀλλων
1248 2707 1530 2774 ἁπάντων,
1556 2706 1677 2760 οὐδὲ
1701 2707 1873 2758 ἐνιαυ-

183 2796 277 2859 τὸς
309 2795 601 2866 ὁλόκληρος
621 2798 751 2867 ἡμῖν
775 2794 1060 2867 ἀρκέσειεν
1080 2796 1147 2850 ἂν
1174 2796 1312 2867 πρὸς
1330 2795 1430 2867 τὴν
1459 2794 1718 2864 ἐξήγησιν
1734 2792 1867 2847 ταύ-

181 2901 303 2955 την.
342 2882 739 2955 Διόπερτοῦτον
770 2883 1002 2938 ἐνταῦθα
1021 2883 1428 2947 καταλύσαντες
1460 2883 1555 2936 τὸν
1577 2882 1757 2950 λόγον,
1776 2883 1871 2935 καὶ

183 2975 295 3035 τοῖς
320 2971 629 3041 φιλοπόνοις
649 2973 744 3027 καὶ
758 2971 1082 3043 φιλομαθέσι
1100 2971 1473 3042 παρασχόντες
1499 2972 1563 3024 ἐκ
1580 2969 1688 3022 τῶν
1717 2971 1872 3041 εἰρη-

185 3060 367 3131 μένων
401 3059 495 3112 καὶ
523 3061 591 3113 τά
606 3060 766 3114 λοιπὰ
793 3061 892 3132 τῆς
916 3061 1145 3123 κτίσεως
1168 3058 1413 3113 ἐπελθεῖν
1441 3059 1602 3132 μέρη,
1642 3058 1726 3126 ἐφ’
1754 3056 1872 3109 ἐτέ-

184 3165 289 3218 ραν
324 3147 585 3201 ὑπόθεσιν
614 3149 707 3201 τὸν
724 3148 882 3217 λόγον
906 3147 1218 3220 τρέφωμεν,
1233 3146 1567 3217 ἐνδεικτικῆν
1585 3146 1678 3198 καὶ
1701 3144 1872 3217 αὐτὴν

180 3232 348 3289 οὖσαν
380 3236 480 3306 τῆς
509 3235 603 3289 τοῦ
635 3235 771 3290 Θεοῦ
821 3234 1099 3307 προνοίας.
1140 3234 1235 3299 Τίς
1272 3230 1367 3287 οὖν
1408 3235 1556 3286 ἐστιν
1582 3234 1616 3304 ἡ
1642 3231 1870 3303 δευτέρα

71 3362 80 3370 -
183 3325 477 3391 ὐπόθεσις;
512 3324 604 3389 Ἐξ
630 3325 807 3395 ἀρχῆς
835 3323 1087 3376 πλάττων
1123 3323 1151 3375 6
1172 3321 1306 3386 Θεὸς
1338 3322 1426 3375 τὸν
1449 3320 1758 3392 ἄνθρωπον,
1784 3320 1871 3374 νό-

187 3431 286 3483 μον
316 3412 466 3483 αὐτῷ
492 3412 722 3481 φυσικὸν
754 3410 1094 3481 ἐγκατέθηκε
1138 3411 1188 3463 ι’.
1224 3410 1336 3463 Καὶ
1370 3408 1424 3463 τί
1454 3408 1585 3462 ποτέ
1611 3411 1758 3462 ἐστιν
1779 3407 1871 3461 νό-

186 3519 288 3570 μος
319 3499 579 3569 φυσικός;
631 3499 704 3552 Τὸ
747 3498 989 3561 συνειδὸς
1020 3499 1152 3569 ἡμῖν
1177 3496 1505 3569 διήρθρωσε,
1538 3496 1635 3549 καὶ
1659 3495 1870 3550 αὐτοδί-

180 3589 379 3641 δακτον
416 3585 568 3660 [128]
598 3586 819 3657 ἐποίησε
848 3585 947 3657 τὴν
975 3584 1179 3654 γνῶσιν
1202 3583 1307 3637 τῶν
1330 3582 1513 3638 καλῶν
1551 3582 1779 3637 καὶτῶν
1806 3584 1868 3637 οὐ

181 3675 443 3730 τοιούτων
470 3691 484 3706 ’
518 3675 579 3727 οὐ
599 3673 707 3745 γὰρ
748 3672 981 3744 δεόμεθα
1030 3672 1222 3743 μαθεῖν
1250 3672 1331 3724 ὅτι
1359 3671 1530 3724 κακὸν
1561 3672 1595 3742 ἡ
1623 3672 1867 3743 πορνεία,

184 3765 281 3817 καὶ
313 3762 482 3817 καλὸν
522 3763 557 3833 ἡ
593 3760 939 3832 σωφροσύνη,
969 3760 1084 3814 ἀλλ’
1112 3759 1268 3829 ἴσμεν
1287 3757 1347 3823 ἐξ
1374 3758 1548 3828 ἀρχῆς
1566 3757 1870 3813 τούτο.Καὶ

185 3854 273 3905 ἴνα
302 3850 482 3923 μάθῃς
504 3851 589 3904 ὅτι
615 3849 774 3903 τοῦτο
794 3848 851 3916 ἐξ
876 3849 1049 3920 ἀρχῆς
1077 3846 1256 3918 ἴσμεν,
1287 3847 1316 3899 6
1345 3846 1643 3917 νομοθέτης
1675 3846 1871 3916 νόμους

182 3941 359 4002 διδους
385 3937 636 4008 ὕστερον,
659 3938 753 3991 καὶ
770 3934 962 4001 εἰπὼν,
993 3936 1076 3989 Οὐ
1102 3934 1442 4003 φονεύσεις,
1466 3934 1566 3986 οὐκ
1598 3933 1866 4003 ἐπήγαγε,

191 4026 376 4082 ῐίακὸν
393 4023 499 4097 γὰρ
528 4027 556 4079 6
586 4025 765 4094 φόνος,
800 4022 915 4078 ἀλλ’
945 4023 1157 4087 ἁπλῶς,
1202 4024 1286 4075 Οὐ
1309 4022 1646 4091 φονεύσεις,
1678 4016 1830 4074 εἶπεν
1852 4038 1866 4052 ’

187 4116 535 4186 ἀπηγόρευσε
558 4114 669 4184 γὰρ
687 4112 785 4183 τὴν
819 4111 1092 4183 ἁμαρτίαν
1121 4109 1303 4180 μόνον,
1334 4109 1434 4161 οὐκ
1464 4107 1689 4172 ἐδίδαξε.
1716 4108 1872 4173 Τίνος

186 4200 281 4258 οὖν
305 4204 492 4255 ἕνεκεν
508 4199 694 4265 εἰπὼν,
723 4203 804 4254 Οὐ
825 4199 1162 4269 φονεύσεις,
1177 4196 1236 4249 οὐ
1255 4194 1615 4266 προσέθηκεν,
1629 4195 1753 4248 ’Ότι
1772 4211 1869 4249 καο

190 4292 288 4345 κὸν
314 4293 344 4344 ὁ
371 4290 565 4357 φόνος
603 4288 824 4359 Ἐπειδὴ
860 4285 1147 4359 προλαϐὼν
1172 4284 1234 4337 τὸ
1278 4283 1515 4347 συνειδὸς
1544 4284 1692 4353 ἡμᾶς
1715 4283 1871 4336 ἐπαί-

190 4378 347 4432 δευσε
379 4375 557 4441 τοῦτο,
587 4377 682 4430 καὶ
710 4376 785 4439 ὡς
816 4376 984 4429 εἰδόσι
1011 4375 1106 4427 καί
1124 4371 1509 4441 ἐπισταμένοις
1529 4370 1671 4424 οὕτω
1699 4371 1873 4424 διαλέ-

192 4483 370 4535 γεται.
409 4465 577 4518 Ὅταν
600 4462 731 4532 γοῦν
750 4462 875 4534 περὶ
897 4460 1091 4532 ἐτέρας
1118 4458 1336 4531 ἐντολῆς
1357 4458 1493 4530 λέγῃ
1525 4458 1623 4529 τῆς
1649 4458 1710 4511 οὐ
1735 4474 1874 4526 γνωο

196 4555 365 4626 ρίμης
406 4554 536 4622 ἡμῖν
576 4552 683 4605 ἀπὸ
711 4550 805 4604 τοῦ
857 4547 1153 4610 συνειδότος
1182 4546 1499 4616 γενομένης,
1533 4546 1631 4598 οὐκ
1664 4547 1872 4615 ἀπαγο-

194 4643 345 4713 ρεύει
373 4642 554 4709 μόνον,
587 4636 722 4690 ἀλλά
754 4637 848 4690 καὶ
874 4636 972 4708 τὴν
998 4634 1178 4689 αἰτίαν
1210 4633 1553 4704 προστίθησι.
1582 4633 1717 4705 Περί
1742 4633 1874 4686 σαϐ-

193 4731 362 4784 ϐάτου
407 4726 540 4795 γοῦν
597 4724 901 4796 νομοθετῶν
948 4725 1045 4777 καὶ
1093 4722 1288 4791 λέγων,
1361 4718 1439 4789 Τῇ
1489 4720 1557 4773 δὲ
1584 4720 1775 4790 ἡμέρᾳ
1798 4721 1875 4792 τῇ

192 4817 419 4884 ἑϐδόμη
448 4817 520 4868 οὐ
540 4813 815 4881 ποιήσεις
840 4812 1037 4880 ἔργον,
1063 4810 1157 4863 καὶ
1190 4810 1288 4880 τὴν
1311 4808 1489 4862 αἰτίαν
1512 4810 1755 4880 ἐπήγαγε
1775 4809 1877 4881 τῆς

191 4905 397 4975 ἀργίας
422 4918 435 4932 ⁸
464 4902 623 4955 ποίαν
641 4901 706 4972 δὴ
734 4900 971 4971 ταύτην;
990 4898 1121 4952 Ὀτι
1142 4898 1211 4951 ἐν
1233 4896 1308 4966 τῇ
1330 4897 1525 4965 ἡμέρῃ
1555 4895 1629 4965 τῇ
1655 4896 1875 4968 ἐὸδόμῃ

193 4990 588 5045 κατέπαυσεν
604 4991 636 5042 ό
662 4987 806 5054 Θεὸς
828 4985 949 5042 ἀπὸ
977 4985 1218 5039 πάντων
1243 4983 1363 5038 τῶν
1383 4984 1573 5053 ἔργων
1587 4984 1775 5038 αὐτοῦ
1790 4979 1878 5038 ὧν

193 5078 426 5149 ἤΓξατο
455 5075 705 5142 ποιῆσαι
725 5092 738 5106 ο
767 5075 860 5128 καὶ
889 5074 1072 5137 πάλιν,
1105 5073 1225 5126 Ὅτι
1265 5072 1502 5139 οἰκέτης
1525 5067 1688 5142 ἦσθα
1711 5071 1780 5126 ἐν
1799 5071 1880 5142 τῇ

194 5168 492 5235 Αἰγύπτῳ.
520 5164 677 5226 Τίνος
703 5158 795 5216 οὖν
822 5162 1028 5227 ἕνεκεν,
1073 5160 1193 5213 εἰπέ
1221 5178 1331 5230 μοι,
1366 5161 1456 5212 ἐπὶ
1498 5160 1596 5230 μὲν
1627 5158 1723 5213 τοῦ
1747 5161 1879 5213 σαϐει

197 5255 365 5307 ϐάτου
421 5252 522 5323 τὴν
567 5250 748 5304 αἰτίαν
790 5249 1151 5321 προσέθηκεν,
1185 5249 1278 5300 ἐπὶ
1310 5247 1366 5300 δὲ
1399 5246 1493 5299 τοῦ
1529 5248 1690 5316 φόνου
1726 5248 1879 5301 οὐδὲν

196 5342 444 5397 τοιοῦτον
491 5340 780 5411 ἐποίησενς
824 5337 1038 5410 Ἐπειδὴ
1088 5337 1227 5408 αὕτη
1267 5336 1363 5407 μὲν
1401 5337 1435 5406 ἡ
1460 5335 1650 5403 ἐντολὴ
1684 5336 1745 5388 οὐ
1772 5334 1879 5389 τῶν

199 5427 634 5501 προηγουμένων
652 5423 742 5498 ἦν,
771 5427 890 5480 οὐδέ
911 5427 1019 5479 τῶν
1034 5427 1099 5478 ἐκ
1122 5424 1216 5478 τοῦ
1239 5424 1536 5486 συνειδότος
1562 5424 1693 5493 ἡμῖν
1722 5426 1879 5496 ἠκρι-

198 5516 485 5586 ϐωμένων,
512 5512 648 5567 ἀλλά
676 5531 740 5583 με
751 5514 873 5584 ρική
901 5530 984 5576 τις
1011 5514 1104 5566 καί
1124 5513 1477 5583 πρόσκαιρος,
1504 5511 1592 5565 διὰ
1612 5512 1768 5565 τοῦτο
1788 5514 1881 5566 καὶ.

195 5603 473 5673 κατελύθη
510 5603 649 5674 μετὰ
674 5602 869 5656 ταῦτα·
902 5602 959 5654 αἱ
993 5601 1048 5654 δὲ
1090 5603 1382 5669 ἀναγκαῖαι
1420 5600 1513 5654 καί
1560 5601 1880 5670 συνέχουσαι

266 5906 291 5976 _‘
313 5909 467 5976 δατ-Η,
495 5916 545 5959 et
570 5911 768 5976 quidam
794 5913 873 5961 alii
898 5911 1168 5976 ἐξεκάλυψε.

263 5971 293 6009 ³⁵
318 5972 421 6027 ΔὶῘὶ
448 5971 725 6035 ἐγκατέθετο

1228 320 1322 376 AD
1364 321 1690 381 POPULUN
1736 323 2238 386 ANTIOCDENUM
2277 327 2511 385 HOMIL.
2553 326 2665 383 XII.

3543 322 3648 379 132

1980 442 2078 512 τὴν
2108 442 2252 514 ζωὴν
2282 443 2380 515 τὴν
2407 442 2702 513 ἡμετέραν,
2728 435 2933 491 ἐκεῖναί
2966 437 3101 490 εἰσιν
3128 453 3140 466 ·
3190 437 3272 489 Οὐ
3306 436 3651 504 φονεύσεις,

1989 529 2072 581 Οὺ
2078 532 2442 612 μοιχεύσεις,
2463 530 2546 585 Οὐ
2569 534 2841 603 κλέψεις.
2877 532 3075 603 Διόπερ
3101 528 3339 599 οὐδαμοῦ
3362 529 3539 582 αἰτίαν
3561 530 3652 582 ἐν·

1980 631 2158 685 ταῦθα
2183 631 2418 703 τίθησιν,
2453 631 2576 687 οὐδὲ
2601 630 2953 685 διδασκαλίαν
2992 628 3227 696 εἰσάγει,
3260 626 3375 681 ἀλλ’
3400 628 3653 698 ἀρκεῖται

1981 729 2112 801 ψιλῇ
2149 733 2213 801 τῇ
2237 730 2625 801 ἀπαγορεύσει.

1998 860 2001 865 -
2047 833 2108 886 δ’.
2135 835 2250 886 Οὐκ
2275 832 2523 887 ἐντεῦθεν
2538 832 2777 903 δέμόνον,
2793 830 2931 885 ἀλλά
2948 831 3040 885 καὶ
3058 831 3320 901 ἑτέρωθεν
3338 831 3467 903 ὑμῖν
3482 832 3653 900 δεῖξαι

1979 929 2313 1001 πειράσομαι
2354 929 2470 992 πῶς
2514 928 2891 991 αὐτοδίδακτος
2916 924 2983 1001 ἧν
3016 929 3043 981 6
3064 928 3346 999 ἄνθρωπος
3385 930 3521 1000 πρὸς
3551 929 3654 1002 τὴν

1978 1026 2077 1096 τῆς
2102 1024 2303 1096 ἀρετῆς
2334 1025 2554 1093 γνῶσιν.
2572 1025 2857 1096 Ἥμαρτεν
2881 1027 2909 1078 6
2939 1024 3109 1095 ’Λδάμ
3131 1024 3227 1096 τὴν
3253 1025 3526 1096 ἁμαρτίαν
3554 1027 3654 1098 τὴν

1978 1122 2223 1193 πρώτην,
2265 1122 2360 1174 καὶ
2390 1120 2528 1192 μετά
2567 1120 2664 1191 τὴν
2706 1120 2977 1191 ἁμαρτίαν
3014 1120 3212 1185 εὐθέως
3243 1120 3570 1193 ἐκρύπτετο·
3602 1123 3653 1175 εἰ

1976 1209 2034 1262 δὲ
2069 1208 2143 1280 μὴ
2182 1208 2297 1280 ᾔδει
2338 1208 2503 1262 κακόν
2541 1226 2593 1261 τι
2647 1208 3039 1279 ἐργασάμενος,
3085 1209 3228 1271 τίνος
3267 1208 3452 1262 ἕνεκεν
3492 1209 3654 1280 ἐκρύ-

1978 1314 2172 1363 πτετο;
2204 1297 2339 1351 Οὐδὲ
2370 1296 2480 1367 γὰρ
2516 1296 2820 1367 γράμματα
2851 1292 2939 1367 ἦν,
2985 1296 3046 1349 οὐ
3091 1296 3272 1365 νόμος,
3319 1296 3381 1350 οὐ
3416 1298 3649 1367 Μωσῆς*

1977 1394 2143 1448 πόθεν
2181 1389 2274 1449 οὖν
2302 1393 2444 1464 ἔγνω
2482 1393 2583 1465 τὴν
2622 1393 2894 1465 ἁμαρτίαν
2935 1394 3028 1446 καὶ
3075 1392 3411 1462 κρύπτεται;
3452 1394 3562 1447 Καὶ
3591 1394 3654 1448 οὐ

1977 1489 2275 1560 κρύπτεται
2325 1489 2506 1561 μόνον,
2556 1489 2693 1543 ἀλλὰ
2738 1490 2832 1543 καὶ
2881 1488 3301 1559 ἐγκαλούμενος,
3345 1490 3430 1558 ἐφ’
3468 1489 3655 1561 ἕτερον

1976 1588 2233 1657 πειρᾶται
2266 1584 2610 1657 μετατιθέναι
2638 1584 2738 1656 τὴν
2772 1585 2948 1638 αἰτίαν
2986 1596 3035 1649 ο,
3059 1583 3261 1652 λέγων·
3294 1584 3363 1639 'II
3388 1586 3542 1654 γυνὴ
3575 1586 3651 1654 ἦν

1976 1680 2206 1747 ἔδωκάς
2232 1698 2355 1751 μοι,
2387 1681 2539 1749 αὕτη
2568 1680 2752 1734 ἔδωκέ
2768 1698 2872 1751 μοι
2899 1682 2967 1735 ἐκ
3000 1681 3104 1735 τοῦ
3138 1680 3349 1746 ξύλου,
3381 1681 3481 1735 καί
3511 1681 3656 1751 ἔφα-

1976 1793 2086 1845 γον
2103 1796 2114 1806 ·
2145 1776 2371 1847 κάκείνη
2401 1776 2562 1829 πάλιν
2599 1778 2683 1846 ἐφ’
2711 1776 2896 1848 ἓτερον
2929 1776 3151 1847 μετάγει
3178 1776 3239 1829 τὸ
3264 1776 3536 1846 ἔγκλημα,
3561 1776 3653 1830 τὸν

1975 1872 2116 1943 ὅφιν.
2164 1872 2275 1926 Καὶ
2301 1873 2402 1944 ὅρα
2448 1872 2582 1926 Θεοῦ
2619 1871 2837 1941 σοφίαν-
2876 1871 3121 1935 εἰπόντος
3164 1870 3273 1943 γὰρ
3320 1871 3415 1924 τοῦ
3458 1872 3651 1943 Ἀδάμ,

1975 1970 2056 2023 ὅτι
2112 1971 2380 2025 Ἤκουσα
2419 1967 2528 2038 τῆς
2554 1966 2760 2037 φωνῆς
2789 1982 2905 2022 σου
2940 1968 3038 2022 καὶ
3070 1967 3395 2039 ἐφοϐήθην,
3430 1967 3519 2022 ὅτι
3553 1987 3654 2039 γυ-

1970 2068 2126 2136 μνός
2148 2064 2263 2135 εἰμι
2295 2066 2394 2120 καὶ
2421 2066 2700 2134 ἐκρύϐὴν,
2743 2065 2843 2118 οὐκ
2870 2065 3092 2136 ἤλεγξεν
3120 2065 3321 2129 εὐθέως
3355 2066 3384 2118 6
3421 2064 3553 2129 Θεὸς
3594 2065 3657 2119 τὸ

1974 2162 2217 2231 γεγονὸς,
2246 2163 2367 2216 οὐδὲ
2396 2161 2516 2216 εἷπε
2538 2180 2551 2193 ο
2589 2161 2685 2216 Διὰ
2713 2161 2766 2215 τί
2796 2162 2903 2234 γὰρ
2934 2162 3135 2232 ἔφαγες
3164 2162 3270 2216 ἀπὸ
3316 2161 3408 2216 τοῦ
3456 2161 3611 2227 ξύλου
3637 2182 3652 2228 ;

1976 2263 2111 2318 ἁλλὰ
2140 2263 2294 2331 πῶς;
2333 2264 2426 2330 Τίς
2454 2279 2551 2319 σοι
2591 2264 2930 2334 ἀνήγγειλε,
2962 2265 3146 2334 φησὶν,
3183 2265 3273 2319 ὅτι
3309 2266 3536 2336 γυμνὸς
3578 2260 3654 2332 εἷ,

1973 2358 2125 2428 εἰμὴ
2144 2360 2263 2414 ἀπὸ
2279 2359 2385 2414 τοῦ
2407 2358 2600 2424 ξύλου
2623 2356 2694 2415 οὗ
2713 2358 3101 2430 ἐνετειλάμην
3113 2375 3211 2415 σοι
3233 2362 3446 2415 τούτου
3461 2362 3656 2431 μόνου

1968 2457 2056 2527 μὴ
2090 2456 2324 2526 φαγεῖν,
2358 2456 2460 2511 ἀπ’
2503 2455 2690 2510 αὐτοῦ
2727 2455 2984 2526 ἐφαγες;
3028 2455 3164 2510 Οὔτε
3215 2456 3488 2528 ἐσίγησεν,
3530 2456 3656 2511 οὐτε

1973 2555 2226 2628 φανερῶς
2256 2554 2417 2609 αὐτὸν
2446 2553 2701 2626 ἤλεγξενο
2729 2555 2829 2608 οὐκ
2862 2553 3082 2624 ἐσίγησε
3109 2555 3228 2625 μὲν,
3255 2554 3341 2608 ἵνα
3369 2554 3532 2609 αὐτὸν
3562 2556 3657 2608 ἐκ·

1973 2656 2269 2728 καλέσηται
2299 2655 2436 2729 πρὸς
2461 2654 2753 2726 ὁμολογίαν
2780 2655 2878 2726 τῆς
2913 2656 3216 2727 ἁμαρτίας
3247 2658 3345 2709 οὐκ
3379 2656 3573 2727 ἤλεγξε
3600 2657 3657 2711 δὲ

1974 2752 2242 2824 φανερῶς,
2275 2753 2360 2806 ἵνα
2394 2751 2468 2823 μὴ
2498 2751 2661 2805 αὐτοῦ
2701 2750 2762 2805 τὸ
2812 2753 2922 2805 πᾶν
2958 2751 3205 2824 γένηται,
3245 2753 3497 2817 κάκεῖνος
3528 2751 3658 2825 ἔρη-

1975 2867 2074 2920 μος
2099 2848 2180 2920 εἴη
2216 2848 2314 2921 τῆς
2342 2849 2449 2902 ἀπὸ
2479 2848 2580 2919 τῆς
2605 2846 3049 2920 ἐξομολογήσεως
3080 2849 3372 2921 γινομένης
3412 2847 3659 2918 συγγνώε

1976 2959 2082 3013 μης
2109 2944 2259 3013 ἡμῖν.
2291 2943 2389 2997 Διὰ
2432 2943 2591 2997 τοῦτο
2622 2944 2721 2997 οὐκ
2765 2939 2885 2998 εἷπε
2933 2945 3185 3014 φανερῶς
3218 2946 3317 3015 τὴν
3350 2945 3529 2999 αἰτίαν
3562 2945 3658 3015 ἀφ’

1969 3032 2036 3108 ἧς
2073 3038 2271 3106 γνῶσις
2299 3039 2325 3079 ά
2360 3040 2600 3109 γέγονεν,
2638 3038 2752 3092 ἁλλ’
2785 3042 2842 3092 ἐν
2885 3040 3211 3111 ἐρωτήσεως
3235 3040 3392 3106 τὰξει
3426 3039 3658 3112 προάγει

1970 3131 2060 3184 τὸν
2088 3131 2265 3201 λόγον,
2286 3133 2485 3205 ἐκείνῳ
2534 3133 2963 3205 καταλιμπὰνων
3010 3136 3091 3198 εἰς
3138 3133 3524 3207 ἐξομολόγησιν
3571 3134 3658 3188 ἐλ-

1971 3226 2100 3285 θεῖν.
2143 3229 2311 3284 Πάλιν
2341 3230 2434 3284 ἐπὶ
2465 3230 2558 3284 τοῦ
2596 3232 2735 3285 Κάῖν
2777 3232 2873 3285 καὶ
2911 3230 3005 3285 τοῦ
3036 3231 3202 3285 Ἀϐελ
3232 3232 3385 3304 [1°29]
3419 3233 3480 3286 τὸ
3524 3232 3658 3285 αὐτὸ

1968 3324 2125 3380 τοῦτο
2157 3325 2302 3379 ἐστιν
2338 3325 2483 3381 ἰδεῖν.
2523 3325 2747 3394 Πρῶτον
2777 3326 2878 3397 μὲν
2918 3328 3027 3398 γὰρ
3059 3327 3373 3399 ἀπήρξαντο
3411 3328 3490 3396 τῷ
3536 3326 3658 3398 Θεῷ

1967 3423 2077 3476 τῶν
2104 3422 2320 3476 οἰκείων
2338 3422 2538 3477 πόνων.
2566 3423 2656 3495 Μὴ
2686 3422 2795 3495 γὰρ
2824 3422 2888 3494 δὴ
2911 3422 3018 3476 ἀπὸ
3043 3421 3145 3492 τῆς
3176 3424 3448 3495 ἁμαρτίας
3474 3423 3657 3494 μόνον,

1968 3518 2104 3572 ἀλλὰ
2143 3519 2238 3573 καὶ
2273 3518 2384 3572 ἀπὸ
2420 3519 2521 3589 τῆς
2546 3520 2750 3591 ἀρετῆς
2790 3518 3074 3588 δείξωμεν,
3111 3520 3195 3572 ὅτι
3229 3519 3556 3591 ἀμφοτέρων
3588 3513 3661 3592 ἦν

1970 3616 2388 3687 ἐπιστημονικὸς
2411 3617 2440 3669 6
2468 3615 2773 3687 ἄνθρωπος.
2799 3616 2920 3670 Ὅτι
2954 3616 3053 3686 μὲν
3075 3612 3169 3669 οὖν
3198 3616 3314 3687 ᾔδει
3347 3617 3448 3688 τὴν
3475 3617 3660 3690 ἀμαρ-

1970 3716 2090 3769 τίαν
2113 3715 2280 3770 κακὸν
2322 3715 2382 3769 ὃν
2426 3717 2456 3769 6
2502 3715 2806 3789 ἄνθρωπος,
2838 3715 3036 3783 ἔδειξεν
3067 3717 3097 3769 ὁ
3135 3717 3327 3787 Ἀδὰμο
3356 3720 3437 3771 ὅτι
3469 3717 3525 3771 δέ
3562 3717 3660 3773 καὶ

1971 3812 2067 3884 τὴν
2095 3813 2294 3886 ἀρετὴν
2321 3813 2588 3884 ἠπίστατο
2614 3812 2778 3868 καλὸν
2809 3813 2889 3879 ὃν,
2932 3813 3167 3887 ἐδήλωσε
3198 3815 3359 3869 πάλιν
3402 3815 3431 3866 6
3467 3815 3655 3873 Ἀϐελ.

1973 3909 2046 3962 Οὐ
2074 3909 2182 3981 γὰρ
2211 3909 2363 3979 παρά
2402 3925 2545 3972 τινος
2588 3906 2797 3979 μαθὼν,
2833 3910 2955 3964 οὐδὲ
3002 3910 3169 3981 νόμου
3222 3911 3349 3982 περὶ
3392 3911 3660 3983 ἀπαρχῶν

1971 4003 2348 4075 διαλεγομένου
2378 4004 2499 4057 τότε
2530 4004 2792 4069 ἀκούσας,
2844 4005 2959 4059 ἀλλ’
2985 4007 3196 4061 οἴκοθεν
3240 4008 3335 4061 καί
3370 4009 3522 4080 παρὰ
3563 4011 3658 4064 τοῦ

1976 4100 2272 4163 συνειδότος
2299 4096 2563 4168 διδαχθεὶς
2593 4100 2693 4172 τὴν
2739 4100 2929 4155 θυσίαν
2973 4101 3189 4173 ἐκείνην
3232 4103 3522 4175 ἀνήνεγκε.
3557 4105 3666 4162 Διὰ,

1972 4196 2129 4249 τοῦτο
2159 4196 2220 4249 οὐ
2250 4195 2542 4268 καταφέρω
2581 4197 2732 4250 κάτω
2769 4197 2860 4250 τὸν
2910 4197 3087 4267 λόγον,
3114 4197 3229 4252 ἀλλ’
3257 4200 3350 4253 ἐπὶ
3382 4199 3489 4254 τῶν
3515 4218 3655 4273 προς

1973 4284 2145 4354 τέρων
2174 4283 2335 4337 αὐτὸν
2371 4282 2672 4355 ἀνθρώπων
2715 4285 2996 4355 γυμνάζω,
3027 4286 3114 4340 ὅτε
3136 4285 3287 4340 οὔπω
3330 4288 3663 4360 γράμματα,

1972 4379 2095 4434 οὔτε
2122 4380 2304 4451 νόμος,
2331 4377 2455 4434 οὔτε
2485 4381 2761 4452 προφῆται
2803 4382 2898 4436 καὶ
2941 4382 3214 4449 δικασταὶ,
3258 4384 3396 4439 ἀλλὰ
3441 4384 3602 4458 μόνος
3628 4390 3665 4447 ὁ

1987 4477 2158 4547 ’Δδάμ
2187 4476 2326 4548 μετά
2350 4476 2461 4530 τῶν
2499 4478 2705 4532 παίδων
2731 4473 2820 4550 ἦν,
2866 4479 2954 4533 ἵνα
2982 4479 3163 4552 μάθῃς
3186 4481 3270 4534 ὅτι
3308 4482 3368 4537 ἐν
3394 4484 3460 4553 τῇ
3496 4482 3663 4553 φύσει

1976 4573 2340 4644 προαπέκειτο
2373 4573 2482 4627 τῶν
2508 4571 2689 4627 καλῶν
2713 4576 2808 4628 καὶ
2836 4576 2944 4630 τῶν
2972 4577 3034 4631 οὐ
3080 4576 3340 4632 τοιούτων
3376 4580 3410 4651 ή
3435 4579 3668 4649 γνῶσις.

1975 4670 2147 4723 Πόθεν
2172 4671 2279 4742 γὰρ
2305 4670 2505 4743 ἔμαθεν
2539 4672 2621 4725 ὅτι
2663 4672 2827 4727 καλὸν
2854 4674 2914 4727 τὸ
2940 4675 3273 4747 προσφέρειν
3297 4679 3327 4731 6
3359 4678 3545 4745 Ἅϐελ,
3576 4681 3672 4740 ὅτι

1976 4766 2138 4820 καλὸν
2168 4766 2227 4819 τὸ
2250 4768 2413 4838 τιμᾷν
2453 4767 2543 4821 τὸν
2571 4767 2702 4822 Θεὸν
2745 4769 2838 4823 καὶ
2876 4770 3220 4843 εὐχαριστεῖν
3249 4775 3308 4828 ἐν
3339 4775 3511 4830 ἅπασι
3540 4794 3556 4837 :
3593 4776 3667 4839 Tt

1976 4858 2140 4932 οὗν;ό
2188 4864 2346 4928 Κὰῖν,
2388 4866 2572 4936 φησὶν,
2620 4866 2681 4920 οὐ
2738 4868 3120 4940 προσήνεγκε;
3162 4871 3513 4945 Προσήνεγκε
3558 4874 3671 4947 μὲν

1978 4963 2073 5017 καὶ
2104 4957 2277 5028 οὗτος,
2306 4964 2421 5017 ἁλλ’
2453 4964 2551 5036 οὐχ
2578 4966 2795 5037 ὁμοίως.
2827 4967 3135 5023 Κάντεῦθεν
3181 4970 3239 5023 δὲ
3290 4972 3453 5026 πάλιν
3484 4974 3517 5046 ἠ
3564 4973 3665 5031 τοῦἰ

1979 5060 2277 5125 συνειδότος
2316 5061 2564 5132 φαίνεται
2609 5063 2838 5131 γνῶσις·
2878 5064 3065 5137 ἐπειδὴ
3105 5066 3214 5139 γὰρ
3257 5067 3337 5138 τῷ
3376 5068 3659 5140 τιμηθέντι

1982 5156 2258 5230 βασκήνας
2292 5159 2417 5230 περὶ
2443 5159 2659 5231 σφαγῆς
2684 5160 3024 5228 ἐϐουλεύετο,
3054 5162 3288 5234 κρύπτει
3312 5163 3411 5236 τὴν
3437 5164 3663 5235 δολερὰν

1979 5252 2227 5325 γνώμην.
2266 5255 2377 5308 Καὶ
2414 5254 2466 5308 τί
2516 5272 2683 5327 φησι;
2725 5257 2928 5326 Δεῦρο,
2970 5257 3309 5328 ἐξέλθωμεν
3338 5261 3425 5324 εἰς
3453 5258 3521 5312 τὸ
3558 5275 3662 5314 πε-

1979 5348 2132 5405 δίον.
2163 5350 2391 5423 Ἕτερον
2419 5351 2477 5404 τὸ
2506 5352 2712 5422 σχῆμα,
2761 5352 3161 5425 φιλοφροσύνης
3196 5353 3304 5425 γάρ
3350 5355 3383 5422 ἠ
3427 5354 3671 5423 ὑπόκρις

1983 5464 2095 5513 σις·
2123 5448 2217 5503 καὶ
2245 5450 2305 5502 τὸ
2334 5450 2587 5521 φρόνημα
2617 5450 2823 5517 ἕτερον,
2871 5450 3288 5519 ἀδελφοκτονίας
3319 5449 3429 5521 γὰρ
3455 5453 3487 5521 ἡ
3519 5450 3663 5519 γνῶ,-

1985 5564 2082 5618 μη.
2114 5548 2308 5603 Καίτοι
2333 5550 2381 5600 εἰ
2414 5549 2489 5620 μὴ
2533 5549 2702 5602 κακὸν
2728 5549 2843 5620 ᾔδει
2884 5548 2945 5601 τὸ
2988 5547 3256 5617 βούλημα,
3300 5548 3445 5613 τίνος
3474 5551 3669 5603 ἕνεκεν

2049 5778 2069 5805 π
2105 5777 2188 5839 Sic
2209 5777 2358 5826 Savil.
2383 5782 2435 5824 et
2455 5788 2628 5839 omnes
2649 5787 2780 5837 pene
2804 5789 2902 5825 mss
2928 5813 2942 5838 ,
2968 5783 3116 5839 atque
3140 5775 3205 5827 ila
3238 5777 3361 5839 legit
3386 5777 3652 5836 interpres.

1983 5834 2157 5899 Morel.
2188 5851 2306 5899 vero
2323 5840 2409 5895 τὴν
2432 5834 2681 5899 ἁμαρτίαν.

1988 5965 2007 5977 φ
2043 5897 2241 6018 ἀήςιινξι.
2269 5906 2321 5946 el
2340 5894 2546 5962 quidiun'
2560 5912 2675 5950 mss.
2699 5898 2777 5965 ἀφ’
2797 5900 2852 5959 ἧς
2870 5904 2900 5960 ἡ
2920 5904 3174 5968 ’πέμ-,ωας
3201 5900 3370 5950 Morel.
3396 5903 3446 5949 et
3471 5894 3553 5950 alii
3576 5895 3651 5955 ἀν’

1980 5974 2041 6021 ης
2119 5974 2303 6021 γνωσις.
