3912 6230
309 324 417 382 135

308 435 440 491 αὐτὸ
469 430 790 499 συνεσκίαξε
815 449 831 499 ;
865 430 975 487 Καὶ
1006 432 1145 502 μετὰ
1174 433 1236 485 τὸ
1257 430 1509 501 γενέσθαι
1541 431 1634 484 τὸν
1658 429 1839 499 φόνον,
1871 426 1973 484 πά-

304 529 389 581 λιν
421 524 769 598 ἐρωτώμενος
804 522 907 576 ὑπὸ
933 521 1026 575 τοῦ
1071 522 1226 586 Θεοῦ,
1281 519 1403 575 Ποῦ
1440 522 1612 574 Ἅϐελ
1650 521 1683 573 ό
1709 515 1971 585 ἀδελφός

306 629 462 679 σου;
492 612 654 683 φησίν
673 629 687 642 ·
723 613 844 664 Οὺκ
875 606 1039 663 οἷδα’
1068 606 1154 677 μὴ
1183 607 1385 676 φύλαξ
1415 607 1522 660 τοῦ
1559 604 1827 673 ἀδελφοῦ
1850 621 1971 673 μου

304 704 420 772 εἰμί
453 700 603 769 ὲγώ;
631 700 785 761 Τίνος
820 697 926 767 γὰρ
956 696 1140 749 ἕνεκεν
1176 696 1455 767 ἀρνεῖται;
1483 694 1584 746 οὐκ
1629 691 1850 761 εὔδηλον
1892 691 1974 743 ὅτι

305 785 730 853 καταγινώσκων
778 784 978 853 σφόδρα
1029 781 1262 845 ἐαυτοῦ;
1300 782 1511 850 Ὥσπερ
1555 778 1665 848 γὰρ
1715 779 1744 829 6
1792 775 1973 846 πατὴρ

307 873 473 928 αὑτοῦ
519 872 746 942 ἐκρύϐη,
795 869 937 922 οὕτω
974 870 1065 922 καὶ
1108 864 1259 930 οὗτος
1294 870 1562 938 ἀρνεῖται·
1594 864 1689 918 καὶ
1720 864 1855 935 μετά
1886 862 1972 916 τὸν

306 960 524 1028 ἔλεγχον
559 955 718 1008 πάλιν
757 955 888 1024 φησί
907 973 918 984 ·
955 950 1177 1014 Μείζων
1206 956 1242 1021 η
1272 954 1429 1006 atria
1456 969 1575 1020 μου
1617 950 1722 1003 τοῦ
1754 946 1974 1016 ἀφεθῆ-

304 1048 405 1100 ναί
434 1061 528 1113 με.
568 1042 703 1097 Ἀλλ’
736 1045 763 1095 ὁ
799 1040 998 1111 Ἕλλην
1036 1041 1136 1093 οὐκ
1173 1034 1419 1110 ἀνέχεται
1452 1031 1676 1091 τούτων.
1715 1037 1851 1107 Φέρε
1880 1030 1971 1087 οὖν

303 1134 398 1187 καὶ
426 1130 557 1202 πρὸς
578 1131 781 1182 ἐκεῖνον
808 1128 1195 1198 διαλεχθῶμεν,
1218 1129 1308 1179 καὶ
1337 1122 1473 1196 ὅπερ
1502 1126 1592 1177 ἐπὶ
1616 1116 1715 1195 τῆς
1745 1122 1974 1184 κτίσεως

303 1215 658 1288 ἐποιήσαμεν,
690 1216 788 1268 ούκ
814 1215 921 1268 ἀπὸ
953 1214 1061 1267 τῶν
1107 1214 1145 1266 Γ
1152 1213 1335 1284 ραφῶν
1366 1215 1543 1283 μόνον,
1572 1211 1706 1265 ἀλλά
1735 1209 1830 1262 καὶ
1867 1202 1973 1261 ἀπὸ

302 1300 575 1371 λογισμῶν
605 1302 730 1364 τοὺς
766 1301 901 1370 πρὸς
928 1300 1165 1363 ἐκείνους
1202 1301 1521 1369 κινήσαντες
1549 1297 1785 1364 ἀγῶνας,
1816 1292 1974 1346 τοῦτο

302 1390 399 1443 καὶ
429 1392 519 1443 ἐπὶ
546 1388 639 1443 τοῦ
669 1388 966 1451 συνειδότος
992 1380 1230 1457 ποιῶμεν
1259 1386 1354 1439 νῦν
1373 1402 1387 1416 ο
1419 1384 1514 1438 καὶ
1554 1384 1663 1454 γὰρ
1697 1382 1790 1435 καὶ
1817 1379 1974 1432 τοῦτο

299 1477 362 1531 τὸ
394 1477 685 1547 κεφάλαιον
708 1479 736 1530 6
759 1476 966 1538 Παῦλος
993 1475 1209 1545 ἐκίνησε
1231 1472 1367 1544 πρὸς
1390 1471 1626 1534 ἐκείνους
1650 1466 1974 1538 ἀγωνιζόμε-

301 1581 412 1628 νος.
441 1564 504 1616 Τί
521 1562 639 1617 ποτ’
655 1559 746 1617 οῦν
773 1566 917 1617 ἐστιν
935 1563 963 1615 ὃ
977 1561 1242 1631 λέγουσιν;
1261 1561 1373 1613 Οὐκ
1399 1558 1543 1612 ἔστιν
1561 1559 1690 1631 ήμίν
1705 1553 1971 1610 αὐτοδίδαι

302 1669 429 1715 κτος
453 1652 615 1722 νόμος
634 1654 691 1705 ἐν
715 1651 791 1722 τῷ
815 1630 1092 1713 συνειδότι,
1118 1650 1269 1720 φησὶ,
1295 1649 1562 1719 κείμενος,
1579 1630 1699 1698 οῦδὲ
1722 1644 1788 1714 τῇ
1813 1641 1972 1713 φύσει

300 1738 457 1793 τοῦτο
491 1739 856 1810 ὲγκατέθηκεν
897 1741 925 1793 6
956 1737 1107 1801 Θεός.
1150 1736 1318 1789 Πόθεν
1350 1731 1463 1799 οὖν,
1504 1732 1626 1786 εἰπέ
1663 1749 1773 1803 μοι,
1811 1729 1972 1784 πόθεν

304 1827 433 1895 περὶ
459 1828 672 1897 γάμων,
706 1828 831 1897 περὶ
857 1826 1051 1894 φόνων,
1084 1824 1211 1894 περὶ
1238 1821 1529 1892 διαθηκῶν,
1563 1818 1690 1890 περὶ
1724 1835 1973 1889 παρακα-

300 1913 575 1984 ταθηκῶν,
604 1911 854 1983 περὶτοῦ
894 1910 967 1983 μὴ
1003 1910 1339 1963 πλεονεκτεῖν
1382 1906 1663 1976 ἀλλήλους,
1709 1906 1837 1974 περὶ
1879 1922 1974 1974 μυ-

304 2001 436 2071 ρίων
461 2002 660 2070 ἐτέρων
681 1999 876 2068 νόμους
913 1997 1156 2069 ἔγραψαν
1192 1999 1242 2050 οἱ
1283 1996 1411 2065 παρ’
1441 1995 1619 2056 αὐτοῖς
1653 1991 1968 2061 νομοθέται;

301 2082 462 2142 Οὗτοι
489 2089 585 2159 μὲν
606 2086 711 2157 γὰρ
740 2086 787 2139 οἱ
814 2086 907 2139 νῦν
931 2086 1059 2147 ἴσως
1075 2087 1222 2157 παρὰ
1244 2084 1350 2138 τῶν
1373 2083 1602 2155 πρῶτων
1631 2082 1850 2153 ἔμαθον,
1878 2083 1971 2134 κοιλ⁵

300 2179 495 2230 ἐκεῖνοι
528 2173 680 2245 παρά
719 2173 827 2227 τῶν
861 2172 1157 2244 προτέρων,
1196 2173 1291 2225 καὶ
1326 2170 1477 2241 παρὰ
1512 2170 1617 2223 τῶν
1660 2170 1772 2223 ἄνω
1812 2168 1969 2223 πάλιν

298 2257 479 2318 ιῦτοι’
513 2265 563 2316 οἱ
598 2262 654 2316 δὲ
692 2260 752 2327 ἐξ
787 2261 963 2332 ἀρχῆς
1007 2259 1102 2313 καὶ
1144 2259 1348 2329 πρῶτοι
1398 2259 1526 2330 παρ’
1556 2257 1736 2320 αὐτοῖς
1775 2257 1971 2327 νόμους

299 2350 505 2415 θέντες,
534 2349 686 2422 παρὰ
723 2349 866 2412 τίνος
909 2347 1147 2418 ἐμαθονς
1179 2349 1280 2400 ούκ
1313 2345 1531 2414 εὔδηλον
1566 2347 1647 2398 ὅτι
1688 2346 1837 2416 παρὰ
1875 2345 1969 2397 τοῦ

299 2439 633 2503 συνειδότος;
673 2438 733 2490 ού
774 2436 883 2509 γάρ
910 2437 976 2490 ἂν
1017 2439 1190 2506 ἔχοιεν
1232 2437 1405 2488 εἰπεῖν
1440 2435 1520 2487 ὃτι
1576 2435 1797 2487 Μωῦσεῖ
1849 2450 1970 2485 συν-

298 2526 563 2594 εγένοντο,
610 2526 691 2579 ὅτι
733 2523 1027 2594 προφητῶν
1077 2523 1343 2593 ἤκουσανυ
1390 2521 1505 2584 πῶς
1558 2519 1667 2591 γὰρ
1713 2520 1971 2590 Ἕλληνες

295 2611 485 2679 ὕντεςς
528 2612 665 2665 Ἀλλ’
696 2610 915 2681 εὔδηλον
961 2611 1040 2663 ὄτι
1094 2610 1201 2662 ἀπὸ
1241 2609 1334 2662 τοῦ
1375 2610 1544 2678 νόμου
1589 2607 1647 2660 ὃν
1701 2607 1895 2677 ἔθηκεν
1943 2612 1971 2660 ὁ

298 2700 433 2764 Θεὸς
456 2701 532 2771 τῷ
558 2698 846 2771 ἀνθρώπῳ,
879 2697 938 2762 ἐξ
979 2696 1150 2767 ἀρχῆς
1183 2696 1345 2750 αὑτὸν
1386 2695 1654 2759 πλάττων,
1697 2696 1804 2749 ἀπὸ
1847 2695 1970 2747 τού·-

296 2804 391 2841 του
422 2805 514 2841 κα.
538 2789 735 2858 νόμους
759 2786 982 2856 ἔθηκαν,
1017 2786 1110 2838 καὶ
1133 2785 1326 2854 τέχνας
1351 2782 1592 2855 εὕροντο,
1619 2785 1714 2835 καὶ
1745 2784 1812 2836 τά
1838 2783 1971 2836 ἄλλα

299 2876 477 2930 πάντα
529 2876 638 2928 Καὶ
670 2875 893 2945 γάρ-καὶ
922 2874 976 2925 αἱ
1008 2872 1191 2942 τέχναι
1234 2870 1375 2925 οὕτω
1406 2871 1738 2942 συνέστησαν
1766 2871 1874 2924 τῶν
1913 2871 1970 2938 ἐξ

299 2965 474 3037 ἀρχῆς
512 2961 901 3024 αὺτοδιδάκτως
940 2960 1026 3012 ἐπ’
1058 2960 1227 3023 αὑτάς
1257 2959 1516 3013 ἐλθόντων
1537 2977 1549 2990 ·
1578 2959 1720 3012 οῦτω
1756 2958 1849 3013 καὶ
1891 2959 1971 3011 δι-

297 3053 570 3122 καστήρια
611 3049 820 3118 γέγονε,
863 3047 1005 3101 οὓτω
1042 3049 1135 3102 καὶ
1173 3047 1420 3110 κολάσεις
1466 3046 1797 3118 ὡρίσθησαν,
1835 3048 1971 3116 ὅπερ

296 3137 389 3194 οὗν
425 3140 516 3192 καὶ
552 3141 580 3192 6
615 3136 764 3209 [150]
794 3136 1004 3199 Παῦλός
1043 3153 1225 3207 φησιν.
1268 3134 1484 3206 Ἐπειδὴ
1514 3135 1622 3206 γὰρ
1651 3134 1835 3188 πολλοὶ
1861 3133 1971 3187 τῶν

311 3226 575 3298 Ἑλλήνων
604 3225 902 3293 ἀντιλέγειν
940 3223 1181 3294 ἔμελλον,
1214 3222 1309 3277 καὶ
1346 3222 1524 3290 λέγειν
1556 3224 1658 3286 ὅτι,
1684 3222 1810 3286 Πῶς
1846 3240 1971 3294 κρι-

297 3318 379 3370 νεῖ
402 3318 430 3369 6
458 3314 591 3377 Θεὸς
630 3314 754 3377 τοὺς
783 3310 1102 3383 ἀνθρώπους
1128 3310 1255 3375 τοὺς
1286 3311 1393 3382 πρὸ
1425 3312 1739 3378 Menam-5m;
1788 3311 1848 3363 οὐ
1887 3327 1974 3363 νο-

301 3402 532 3473 μοθέτην
578 3401 841 3471 ἔπεμψεν,
880 3400 940 3454 οὐ
987 3398 1148 3466 νόμον
1190 3399 1525 3471 είσήνεγκεν,
1570 3399 1630 3452 οὐ
1686 3399 1971 3470 προφήτην

295 3490 633 3553 ἀπέστειλεν,
660 3490 759 3541 ούκ
793 3487 1106 3547 ἀπόστολον,
1138 3487 1239 3539 οὐκ
1271 3487 1694 3558 εὐαγγελιστήψ
1732 3486 1850 3550 πῶς
1878 3482 1972 3541 οὗν

298 3578 529 3642 εὐθύνας
564 3578 821 3640 ἀπαιτεῖ;
855 3574 1175 3645 βουλόμενος
1201 3576 1229 3627 ὁ
1257 3575 1467 3638 Παῦλος
1481 3575 1668 3641 δεῖξαι,
1698 3575 1779 3628 ὅτι
1813 3576 1973 3629 αὺτο-

294 3666 544 3719 δίδακτον
585 3661 730 3734 εἶχον
766 3663 947 3733 νόμον,
996 3661 1089 3714 καὶ
1122 3662 1190 3715 τὰ
1236 3662 1484 3732 πρακτέα
1523 3664 1710 3732 σαφῶς
1751 3662 1968 3733 ᾔδεσαν,

297 3756 529 3810 ἄκουσον
557 3752 673 3815 πῶς
701 3766 896 3823 φησιν’
932 3751 1111 3803 Ὅταν
1143 3747 1252 3818 γὰρ
1293 3748 1439 3817 ἔθνη
1460 3789 1475 3814 ,
1529 3749 1602 3803 τὰ
1642 3750 1728 3818 μὴ
1784 3753 1974 3820 νόμον

299 3842 539 3911 ἔχοντα,
571 3840 751 3910 φύσει
788 3839 861 3893 τὰ
908 3836 1015 3892 τοῦ
1051 3837 1238 3906 νόμου
1270 3834 1435 3905 ποιῇ,
1466 3831 1632 3892 οὗτοι
1669 3840 1857 3905 νόμον
1885 3838 1970 3907 μὴ

294 3929 543 3996 ἔχοντες
593 3928 827 3994 ἑαυτοῖς
868 3929 985 3982 εισι
1031 3927 1237 3996 νόμος,
1287 3925 1505 3990 οἵτινες
1558 3923 1974 3980 ἐνδείκνυνται

185 4026 190 4031 '
297 4017 368 4071 τὸ
394 4016 570 4086 ἔργον
588 4016 692 4070 τοῦ
716 4016 904 4085 νόμου
931 4015 1192 4085 γραπτὸν
1211 4014 1281 4068 ἐν
1301 4012 1426 4078 ταῖς
1452 4010 1724 4080 καρδίαις
1752 4010 1969 4067 αὐτῶν.

302 4104 425 4167 Πῶς
453 4104 621 4174 χωρὶς
648 4104 1027 4175 γραμμάτων;
1058 4100 1608 4171 Συμμαρτυρούσης
1639 4098 1837 4153 αὐτῶν
1860 4097 1973 4166 τῆς

299 4190 710 4257 συνειδήσεως
758 4192 857 4244 καὶ
893 4188 1122 4258 μεταξὺ
1178 4187 1468 4253 ἀλλήλων
1515 4184 1635 4240 τῶν
1664 4186 1973 4255 λογισμῶν

299 4276 810 4347 κατηγορούντων,
853 4276 891 4346 ἢ
946 4276 1041 4331 καὶ
1097 4274 1596 4344 ἀπολογουμένων
1640 4272 1712 4326 ἐν
1759 4273 1970 4343 ἡμέρᾳ,

299 4364 400 4418 ὅτε
432 4364 623 4433 κρινεῖ
650 4367 683 4418 ό
719 4364 867 4430 Θεὸς
905 4363 979 4418 τὰ
1018 4361 1253 4431 κρυπτά
1299 4360 1419 4415 τῶν
1461 4360 1786 4428 ἀνθρώπων
1821 4363 1972 4416 κατὰ

299 4451 368 4505 τὸ
412 4450 765 4522 εὐαγγέλιόν
797 4468 916 4521 μου
957 4449 1052 4505 διὰ
1088 4448 1284 4518 Ἰησοῦ
1319 4446 1607 4517 Χριστοῦ
1643 4449 1739 4502 καὶ
1776 4448 1968 4502 πάλινσ

301 4537 468 4593 Ὅσοι
503 4539 614 4609 γὰρ
658 4540 894 4608 ἀνόμως
929 4537 1210 4606 ἥμαρτον,
1261 4536 1496 4607 ἀνόμως
1531 4536 1628 4590 καὶ
1667 4536 1972 4591 ἀπολοῦν-

300 4643 425 4682 ται·
459 4628 558 4681 καὶ
595 4627 730 4680 ὅσοι
774 4627 845 4680 ἐν
886 4625 1049 4693 νόμῳ
1090 4623 1377 4693 ἥμαρτον,
1413 4624 1512 4679 διὰ
1541 4625 1730 4694 νόμου
1768 4624 1971 4694 κριθή-

296 4728 533 4770 σονται.
563 4714 627 4767 Τί
657 4717 824 4780 ἐστιν,
861 4713 1110 4782 Ἆνόμως
1137 4712 1536 4778 ἀπολοῦνται;
1574 4713 1709 4785 Οὐχὶ
1748 4712 1844 4766 τοῦ
1887 4713 1974 4767 v6-

301 4819 407 4874 μου
453 4800 897 4873 κατηγοροῦντος,
929 4798 1220 4852 ἀλλάκτῶν
1262 4797 1536 4870 λογισμῶν
1574 4802 1668 4854 καὶ
1707 4800 1803 4855 τοῦ
1850 4817 1975 4854 συν-

298 4888 520 4952 ειδότος.
574 4890 638 4942 Εἰ
677 4887 733 4941 δὲ
774 4888 848 4959 μὴ
893 4882 1036 4957 εἶχον
1067 4885 1228 4955 νόμον
1261 4886 1351 4939 τὸν
1377 4887 1469 4941 τοῦ
1499 4889 1818 4954 συνειδότος,
1852 4889 1975 4943 οὐδὲ

299 4977 597 5033 ἀπολέσθαι
637 4977 833 5040 αὐτοὺς
860 4977 1272 5049 ἁμαρτάνοντας
1299 4975 1404 5030 ἔδει
1424 4990 1438 5005 °
1471 4976 1588 5041 πῶς
1615 4978 1743 5051 γάρ,
1774 4981 1822 5032 εί
1851 4979 1975 5033 ἀνό-

304 5084 421 5138 μως
445 5066 725 5138 ήμαρτον;
776 5064 912 5118 Ἀλλ’
940 5065 1174 5135 ἀνόμως
1200 5068 1326 5121 ὅταν
1354 5065 1504 5137 εἴπῃ,
1532 5067 1593 5120 ού
1623 5068 1780 5121 τοῦτο
1806 5067 1972 5136 λέγει,

299 5154 381 5208 ὅτι
411 5155 511 5208 ούκ
542 5150 684 5225 εἶχον
709 5156 892 5226 νόμον,
926 5155 1041 5209 ἀλλ’
1069 5156 1151 5209 ὅτι
1191 5156 1290 5209 οὐκ
1331 5151 1475 5226 εἶχον
1507 5156 1670 5226 νόμον
1706 5155 1974 5226 γραπτὸν,

300 5241 392 5296 τὸν
422 5242 478 5296 δὲ
509 5243 609 5315 τῆς
641 5242 855 5313 φύσεως
890 5243 1053 5315 νόμον
1098 5241 1261 5315 εἶχον.
1320 5244 1430 5297 Καὶ
1473 5244 1663 5297 πάλιν·
1703 5242 1857 5308 Δόξα
1884 5242 1973 5309 δὲ,

300 5330 401 5384 καί
436 5331 595 5401 τιμὴ.
631 5333 728 5386 καὶ
760 5331 967 5401 εἰρήνη
999 5333 1178 5386 παντὶ
1219 5329 1300 5398 τῷ
1332 5329 1696 5402 ἐργαζομένῳ
1741 5332 1805 5384 τὸ
1834 5331 1978 5400 ἀγα-

298 5417 432 5482 θὸν,
474 5420 729 5484 Ἰουδαίῳ
751 5436 816 5474 τε
841 5419 1077 5489 πρῶτον
1103 5420 1203 5474 καὶ
1231 5421 1504 5488 Ἕλληνι.
1978 5437 1984 5489 ;

373 5522 559 5576 Ταῦτα
595 5525 651 5578 δέ
687 5524 839 5594 ἔλεγε
882 5525 1010 5597 περὶ
1051 5523 1159 5579 τῶν
1197 5522 1310 5577 ἀνω
1351 5524 1557 5594 χρόνων
1597 5523 1977 5596 διαλεγόμενος

299 5608 411 5663 τῶν
442 5609 545 5680 πρὸ
578 5611 675 5680 τῆς
708 5611 1010 5682 παρουσίας
1042 5610 1139 5664 τοῦ
1175 5609 1433 5682 Χριστοῦ.
1479 5612 1588 5664 Καὶ
1617 5612 1853 5684 Ἕλληνα
1893 5616 1979 5667 ὲν-

303 5692 479 5750 me:
529 5696 684 5748 καλεῖ
724 5699 784 5750 οὐ
830 5698 922 5751 τὸν
966 5698 1376 5770 είδωλολάτρην,
1423 5698 1559 5754 άλλὶι
1594 5699 1688 5754 τὸν
1740 5718 1980 5774 προσκυο

305 5780 503 5835 νοῦντα
528 5781 625 5851 μὲν
652 5782 743 5836 τὸν
773 5784 902 5838 Θεὸν
939 5785 1117 5856 μόνον,
1151 5786 1253 5839 οὐκ
1295 5786 1633 5858 ἐνδεδεμένον
1669 5789 1726 5842 δὲ
1758 5793 1824 5862 τῇ
1865 5789 1976 5845 τῶν

320 5866 621 5923 Ἰουδαϊκῶν
659 5874 1090 5944 παρατηρήσεων
1131 5871 1365 5948 ἀνάγκη,
1403 5875 1792 5949 σαϐϐατισμοῖς
1832 5876 1975 5950 λέγω

760 5996 792 6026 ὦ
836 6029 848 6035 -

768 6036 780 6049 Χ

1055 318 1113 372 S.
1156 309 1445 374 JOANNIS
1474 307 1964 373 CHRYSOSTOMI
1998 304 2319 370 ARCHIEP.
2358 302 2907 364 CONSTANTINOP.

3637 290 3745 348 εει

2076 422 2179 478 καὶ
2203 426 2465 493 περιτομῇ
2513 418 2607 474 καὶ
2644 418 2998 489 καθαρισμοῖς
3028 412 3319 484 διαφόροις,
3347 407 3483 463 ἀλλὰ
3524 408 3748 493 φιλοσο-

2078 511 2205 580 φίαν
2237 492 2329 563 καὶ
2354 492 2632 561 εὐσέϐειαν
2672 506 2888 558 ἃπασαν
2929 500 3383 568 ἐπιδεικνύμενον.
3429 495 3537 548 Καὶ
3580 492 3747 546 πάλιν

2079 577 2206 667 περὶ
2246 596 2338 649 τοῦ
2388 594 2553 647 αὐτοῦ
2599 588 2976 661 διαλεγόμενός
3021 602 3184 656 φησι·
3230 580 3424 651 eum;
3447 581 3544 634 καὶ
3570 577 3747 649 ὀργὴ,

2075 682 2277 749 θλῖψις
2308 680 2405 733 καὶ
2436 678 2802 748 στενοχωρία
2828 675 2929 729 ἐπὶ
2955 673 3162 727 πᾶσαν
3184 668 3391 739 ψυχὴν
3425 668 3747 734 ἀνθρώπου

2075 763 2573 835 κατεργαζομένου
2612 763 2677 816 τὸ
2709 761 2921 821 κακὸν,
2962 757 3246 812 Ἰουδαίου
3279 771 3342 808 τε
3370 751 3624 819 πρῶτον,
3645 751 3750 806 και

2078 855 2391 922 Ἕλληνος
2425 851 2592 904 Πάλιν
2633 847 2865 901 ἐνταῦθα
2902 845 3138 916 Ἕλληνα
3177 841 3330 896 καλεί
3372 841 3462 892 τὸν
3498 838 3752 907 ἀπηλλαο

2074 940 2273 1011 γμένον
2325 941 2423 1010 τῆς
2477 938 2911 1009 παρατηρήσεως
2962 934 3059 1003 τῆς
3100 928 3411 998 Ἰουδαϊκῆς.
3457 927 3519 981 Et
3562 927 3751 978 τοίνυν

2080 1029 2214 1098 μήτε
2251 1026 2415 1095 νόμου
2456 1026 2686 1096 ῆκουσε,
2734 1022 2870 1092 μήτε
2920 1020 3057 1089 μετὰ
3092 1016 3358 1071 Ἰουδαίων
3405 1013 3749 1082 ἁνεστράφη,

2076 1113 2192 1176 πῶς
2222 1112 2372 1165 ἔσται
2399 1110 2544 1181 αὐτῷ
2574 1108 2743 1179 θυμὸς
2769 1107 2864 1161 καὶ
2892 1106 3030 1176 ὀργὴ
3059 1105 3153 1157 καὶ
3178 1101 3356 1170 θλῖψις
3395 1099 3751 1170 ἐργαζομένῳ

2074 1199 2134 1252 τὸ
2161 1199 2368 1265 κακόν;
2410 1196 2630 1267 Ἐπειδὴ
2671 1193 2910 1256 συνειδὸς
2947 1189 3087 1262 εἶχεν
3130 1191 3275 1243 ἔνδον
3317 1186 3541 1257 ἐνηχοῦν
3571 1185 3749 1255 αὐτῷ,

2077 1284 2172 1338 καὶ
2202 1285 2448 1337 διδάσκον
2480 1282 2573 1336 καὶ
2608 1280 2856 1334 παιδεῦον
2888 1279 3120 1333 ἅπαντα.
3157 1276 3325 1329 Πόθεν
3352 1275 3509 1345 δῆλον
3546 1273 3744 1337 τοῦτο;

2089 1371 2207 1439 Ἀφ’
2229 1366 2304 1423 ὧν
2328 1371 2545 1440 ἐτέρους
2574 1367 2981 1439 ἁμαρτάνοντας
3009 1365 3284 1429 ἐκόλασεν,
3315 1362 3408 1432 ἀφ’
3436 1356 3511 1416 ὧν
3546 1361 3749 1430 νόμους

2075 1457 2291 1527 ἔθηκεν,
2323 1457 2413 1525 ἀφ’
2443 1450 2518 1508 ὧν
2548 1455 2616 1508 τὰ
2646 1454 2969 1525 δικαστήρια
2995 1450 3235 1506 ἐκάθισε.
3272 1450 3442 1503 Τοῦτο
3472 1448 3583 1519 γὰρ
3614 1448 3751 1502 αὐτὸ

2075 1544 2249 1615 δηλῶν
2278 1546 2306 1598 6
2342 1543 2548 1606 Παῦλος
2586 1542 2735 1610 ἐλεγε
2767 1543 2892 1612 περὶ
2925 1540 3033 1594 τῶν
3070 1542 3128 1593 ἐν
3166 1538 3336 1610 κακίᾳ.
3365 1537 3615 1603 ζώντων*
3649 1535 3752 1590 ΟΖ·

2074 1648 2232 1697 τινες
2268 1631 2335 1685 τὸ
2362 1630 2650 1699 δικαίωμα
2685 1629 2791 1683 τοῦ
2840 1627 2986 1682 Θεοῦ
3032 1627 3399 1694 ἐπιγνόντες,
3443 1625 3531 1678 ὅτι
3570 1628 3626 1679 οἱ
3672 1625 3752 1679 τὰ

2074 1718 2318 1772 τοιαῦτα
2341 1717 2719 1786 πράσσοντες
2749 1715 2902 1781 ἄξιοι
2934 1713 3194 1770 θανάτου
3234 1714 3413 1778 είσὶν,
3444 1714 3517 1766 οὐ
3549 1713 3750 1781 μόνον

2075 1805 2229 1859 αὐτὰ
2270 1805 2569 1867 ποιοῦσιν,
2599 1803 2760 1859 ἀλλὰ
2798 1802 2896 1857 καὶ
2937 1800 3312 1856 συνδοκοῦσι
3342 1812 3368 1841 α
3399 1799 3524 1865 τοῖς
3553 1800 3750 1866 πράσ-

2075 1909 2276 1946 σουσι.
2323 1893 2431 1946 Καὶ
2469 1891 2630 1945 πόθεν
2677 1891 2929 1962 ᾔδεισαν,
2974 1888 3158 1960 φησὶν,
3205 1890 3285 1941 ὅτι
3343 1887 3555 1956 θέλημα
3606 1886 3748 1940 Θεοῦ

2076 1982 2190 2032 ἐστι
2211 1981 2334 2043 τοὺς
2356 1981 2413 2032 ἐν
2440 1979 2672 2051 πονηρία
2698 1978 2902 2042 ζῶντας
2924 1976 3136 2046 θανάτῳ
3165 1974 3518 2039 κολάζεσθαι;
3548 1973 3747 2041 πόθεν;

2088 2065 2178 2129 Ἐξ
2207 2059 2280 2121 ὧν
2313 2066 2528 2137 ἐτέρους
2560 2064 2806 2128 ἐδίκαζον
2843 2063 3272 2135 ἁμαρτάνοντας.
3314 2062 3376 2114 Εἰ
3409 2060 3516 2131 γάρ
3554 2062 3628 2132 μὴ
3658 2079 3751 2114 νο-

2079 2152 2257 2223 μίζεις
2294 2152 2461 2206 κακὸν
2499 2153 2637 2206 εἶναι
2677 2153 2768 2205 τὸν
2816 2152 2994 2221 φόνον,
3025 2150 3244 2203 ἐπειδάν
3280 2148 3450 2222 λάϐῃς
3483 2149 3751 2220 ἀνδροφό-

2075 2255 2183 2300 νον,
2218 2239 2321 2291 ὑπὸ
2353 2241 2418 2309 τῇ
2464 2242 2530 2309 σῇ
2560 2239 2724 2309 ψήφῳ
2760 2238 2833 2309 μὴ
2867 2238 3132 2308 κολάσῃςο
3175 2238 3223 2288 εί
3260 2236 3333 2306 μὴ
3366 2234 3607 2306 νομίζεις
3641 2253 3749 2288 κα-

2076 2326 2169 2378 κὸν
2201 2322 2341 2379 εἶναι
2383 2326 2444 2378 τὸ
2479 2326 2781 2397 μοιχεύειν,
2823 2324 3041 2378 ἐπειδὰν
3086 2324 3300 2395 ἐμπέσῃ
3355 2322 3559 2394 μοιχὸς,
3609 2324 3750 2391 ἄφες

2073 2414 2233 2468 αὑτὸν
2261 2413 2362 2484 τῆς
2392 2414 2678 2484 τιμωρίας.
2720 2411 2867 2485 [151]
2895 2413 2956 2464 Εἰ
3002 2411 3059 2465 δὲ
3089 2414 3144 2465 ἐν
3173 2414 3285 2474 τοῖς
3318 2410 3519 2480 ἐτέρων
3563 2410 3754 2480 ἀμαρ-

2072 2502 2279 2570 τήμασι
2320 2501 2415 2554 καὶ
2447 2501 2642 2570 νόμους
2677 2500 2929 2571 γράφεις,
2974 2498 3068 2552 καὶ
3099 2497 3366 2568 τιμωρίας
3394 2496 3614 2566 όρίζεις,
3650 2497 3752 2549 καὶ

2074 2588 2305 2659 ἀκριϐὴς
2333 2585 2383 2640 εἷ
2413 2588 2688 2658 δικαστὴς,
2720 2587 2877 2640 ποίαν
2913 2586 2978 2639 ἂν
3007 2586 3193 2656 σχοίης
3230 2583 3520 2651 ἀπολογίαν
3563 2586 3621 2636 ἐν
3663 2579 3752 2646 οἷς

2073 2675 2234 2736 αὐτὸς
2274 2675 2627 2746 ἁμαρτάνεις,
2667 2674 2839 2741 λέγων
2887 2675 3097 2740 ἀγνοεῖν
3133 2672 3199 2724 τὰ
3234 2671 3521 2742 πρακτέα;
3561 2670 3753 2741 Ἐμοί-

2074 2778 2294 2832 χευσας,
2334 2762 2427 2814 καὶ
2453 2761 2512 2815 ού
2557 2764 2823 2822 κάκεῖνος.
2875 2760 3029 2820 Τίνος
3060 2754 3152 2813 οὖν
3195 2759 3378 2810 ἕνεκεν
3407 2759 3615 2809 ἐκεῖνον
3649 2756 3754 2827 μὲν

2075 2849 2342 2913 κολάζεις,
2370 2849 2561 2903 σαυτὸν
2587 2848 2642 2900 δὲ
2675 2839 2998 2916 συγγνώμης
3023 2846 3191 2912 ἀξιοῖς
3215 2862 3230 2911 ;
3263 2846 3325 2898 Εἰ
3354 2846 3461 2915 γὰρ
3493 2844 3569 2915 μὴ
3599 2844 3753 2914 ᾕδεις

2075 2938 2241 2990 κακὸν
2283 2933 2419 2990 εἶναι
2467 2935 2566 3006 τὴν
2611 2935 2850 3006 μοιχείαν
2897 2934 2942 2992 ι’,
2988 2933 3110 2986 οὐδὲ
3155 2933 3338 3003 ἕτερον
3386 2931 3754 3002 τιμωρεῖσθαι

2072 3025 2214 3078 ἔδει·
2256 3025 2303 3076 εί
2340 3023 2396 3076 δὲ
2448 3023 2632 3093 ἕτερον
2667 3022 2764 3092 μὲν
2808 3021 3071 3086 κολάζεις,
3127 3021 3191 3073 σὺ
3242 3020 3298 3072 δὲ
3346 3017 3589 3089 νομίζεις
3634 3018 3756 3070 δια-

2075 3112 2295 3182 φεύγειν
2328 3111 2426 3182 τὴν
2480 3111 2718 3174 κόλασιν,
2774 3108 2888 3172 πῶς
2930 3107 2995 3161 ἂν
3038 3107 3148 3176 ἔχοι
3207 3106 3361 3174 λόγον
3407 3104 3517 3158 τῶν
3567 3106 3757 3159 αὐτῶν

2073 3202 2485 3271 ἁμαρτημάτων
2515 3199 2588 3268 μὴ
2618 3197 2715 3260 τὰς
2742 3196 2910 3259 αὐτάς
2937 3195 3137 3248 διδόναι
3165 3194 3355 3258 δίκας;
3401 3191 3575 3246 Τοῦτο
3617 3191 3757 3261 γοῦν

2074 3288 2206 3342 αὐτὸ
2258 3285 2502 3356 ἐγκαλῶν
2554 3288 2579 3338 ό
2626 3284 2833 3346 Παῦλος
2878 3284 3063 3351 ἕλεγε³
3105 3282 3312 3352 Αογίζῃ
3346 3281 3415 3335 δὲ
3458 3282 3660 3346 τοῦτο,
3707 3276 3760 3336 ὦ

2073 3376 2363 3445 ἄνθρωπε,
2411 3377 2444 3428 ό
2494 3373 2712 3442 κρίνων
2758 3370 2901 3436 τοὺς
2942 3370 3014 3423 τὰ
3065 3370 3305 3424 τοιαῦτα
3355 3370 3757 3437 πράσσοντας

2077 3463 2173 3516 καὶ
2200 3460 2386 3515 ποιῶν
2412 3461 2582 3523 αὐτὰ,
2614 3458 2703 3512 ὅτι
2730 3457 2810 3511 σὺ
2832 3457 3096 3527 ἐκφεύξῃ
3125 3457 3191 3511 τὸ
3221 3456 3399 3526 κρῖμα
3426 3457 3536 3510 τοῦ
3567 3456 3758 3520 Θεοῦ;

2077 3551 2190 3603 Οὐκ
2219 3550 2332 3602 ἐστι
2352 3548 2527 3614 τοῦτο,
2556 3547 2654 3600 οὐκ
2681 3546 2857 3600 ἔστιν·
2902 3547 3008 3599 ἀπὸ
3050 3544 3158 3615 γὰρ
3188 3545 3287 3614 τῆς
3325 3544 3530 3614 ψήφου,
3561 3545 3757 3614 φησὶν,

2075 3632 2142 3709 ἧς
2179 3637 2413 3708 ἡνεγκας
2442 3634 2559 3689 καθ’
2591 3635 2796 3704 ἐτέρου,
2831 3632 2938 3685 ἀπὸ
2975 3631 3177 3702 ταύτης
3223 3647 3304 3684 σοι
3351 3632 3528 3702 κρινεῖ
3557 3632 3585 3684 ό
3620 3630 3760 3694 Θεὸς

2072 3725 2225 3778 τότεο
2256 3723 2316 3777 ού
2341 3725 2448 3794 γὰρ
2495 3721 2664 3792 δήπου
2715 3721 2779 3772 σὺ
2817 3719 2914 3790 μὲν
2953 3718 3177 3783 δίκαιος,
3205 3719 3234 3770 6
3278 3717 3336 3770 δὲ
3379 3717 3511 3781 Θεὸς
3544 3716 3755 3776 ἄδικος.

2075 3814 2139 3866 El
2164 3811 2271 3882 γὰρ
2301 3810 2364 3863 σὺ
2395 3809 2456 3861 ού
2492 3808 2750 3880 περιορᾷς
2792 3806 2976 3870 ἓτερον
3006 3803 3378 3875 ἀδικούμενον,
3409 3805 3527 3869 πῶς
3565 3807 3595 3857 6
3620 3804 3762 3869 Θεὸς

2077 3898 2425 3969 περιόψεταις
2454 3897 2502 3948 εἰ
2538 3894 2600 3948 σὺ
2628 3892 2856 3964 διορθοῖς
2886 3891 2954 3945 τά
2983 3892 3185 3963 ἐτέρων
3211 3891 3611 3962 ἁμαρτήματα,
3639 3892 3759 3955 πῶς

2073 3989 2102 4039 ὁ
2132 3985 2263 4048 Θεὸς
2300 3985 2361 4037 οὐ
2393 3980 2743 4052 διορθώσεται
2774 3996 2868 4045 σε;
2899 3980 2962 4032 Et
3000 3979 3056 4031 δὲ
3080 3980 3140 4031 ού
3176 3976 3327 4048 παρὰ
3364 3977 3530 4041 πόδας
3555 3978 3762 4044 ἐπάγει

2076 4090 2157 4127 σοι
2177 4073 2274 4143 τὴν
2296 4071 2586 4143 τιμωρίαν,
2611 4069 2685 4139 μὴ
2708 4067 2896 4139 θάρρει
2920 4066 3005 4120 δια
3029 4066 3204 4125 τοῦτο,
3230 4065 3366 4118 ἀλλὰ
3390 4065 3556 4135 φοϐοῦ
3581 4066 3764 4136 μειζό-

2075 4177 2199 4223 νως.
2229 4157 2386 4213 Οὕτω
2408 4158 2501 4212 καὶ
2528 4155 2737 4218 Παῦλος
2763 4154 3013 4207 ἐκέλευσε
3038 4153 3238 4221 λέγων’
3267 4155 3341 4207 ’Ὴ
3357 4153 3464 4206 τοῦ
3484 4154 3761 4209 πλούτου

2075 4245 2184 4314 τῆς
2212 4247 2621 4315 χρηστότητος
2648 4241 2833 4297 αὑτοῦ
2868 4240 2966 4294 καὶ
2991 4239 3100 4307 τῆς
3123 4239 3354 4308 ἀνοχῆς
3381 4240 3477 4293 καὶ
3510 4239 3623 4308 τῆς
3648 4257 3763 4309 μα-

2076 4334 2396 4401 κροθυμίας
2419 4328 2829 4398 καταφρονεῖς,
2860 4325 3093 4395 ἀγνοῶν
3118 4326 3203 4379 ὅτι
3240 4326 3305 4379 τὸ
3337 4327 3611 4396 χρηστὸν
3648 4328 3759 4382 τοῦ

2078 4420 2226 4474 Θεοῦ
2266 4422 2353 4485 εις
2369 4416 2694 4488 μετάνοιάν
2732 4431 2806 4469 σε
2844 4414 3007 4485 ἅγει;
3036 4416 3131 4468 Διὰ
3158 4415 3265 4483 γὰρ
3295 4415 3452 4467 τοῦτο
3479 4416 3756 4484 ἀνέχεται,

2077 4507 2261 4576 φησὶν,
2282 4507 2380 4576 οὐχ
2401 4506 2487 4560 ἵνα
2504 4506 2698 4576 χείρων
2716 4503 2869 4575 γένῃ,
2899 4503 3011 4555 ἀλλ’
3034 4502 3119 4555 ἵνα
3144 4502 3498 4572 μετανοήσῃς
3525 4505 3572 4554 εἰ
3598 4502 3656 4555 δὲ
3680 4505 3757 4573 μὴ

2076 4595 2273 4666 βούλει,
2322 4594 2592 4657 κολάσεως
2646 4592 2890 4662 μείζονος
2940 4590 3146 4659 ἐφόδιον
3186 4594 3219 4660 ἡ
3270 4590 3626 4661 μακροθυμία
3671 4608 3759 4644 σοι

2076 4682 2673 4753 γίνεται,άμετανοήτῳ
2703 4680 2936 4751 μένοντι.
2985 4679 3095 4732 Καὶ
3127 4680 3286 4732 τοῦτο
3313 4679 3443 4747 γοῦν
3491 4679 3622 4733 αὐτὸ
3662 4680 3763 4750 δη-

2078 4771 2184 4824 λῶν
2214 4770 2396 4840 ἐλεγεο
2416 4769 2575 4823 Κατὰ
2615 4767 2683 4820 δὲ
2716 4766 2830 4836 τὴν
2857 4766 3240 4834 σκληρότητά
3268 4784 3384 4821 σου
3417 4767 3514 4821 καὶ
3542 4767 3763 4835 ἀμετα-

2076 4860 2299 4928 νόητον
2320 4858 2589 4926 καρδίαν,
2615 4853 2986 4925 θησαυρίζεις
3005 4855 3238 4920 σεαυτῷ
3266 4855 3455 4925 ὀργὴν
3472 4857 3542 4908 ἐν
3564 4855 3762 4924 ἡμέρᾳ

2074 4947 2262 5017 ὀργῆς
2307 4946 2408 4999 καὶ
2469 4944 2945 5019 ἀποκαλύψεως,
3002 4942 3101 4997 καὶ
3157 4941 3593 5009 δικαιοκρισίας
3646 4942 3760 4997 τοῦ

2078 5034 2249 5096 Θεοῦ,
2292 5031 2361 5100 ὃς
2399 5031 2697 5088 ἀποδώσει
2741 5030 2977 5094 ἑκάστῳ
3025 5028 3174 5083 κατὰ
3223 5028 3296 5082 τὰ
3345 5030 3490 5099 ἔργα
3542 5031 3757 5085 αὐτοῦ.

2091 5121 2244 5175 Ἐπεὶ
2268 5117 2360 5174 οῦν
2399 5120 2613 5189 ἑκάστῳ
2650 5118 2792 5171 κατὰ
2831 5117 2900 5171 τὰ
2946 5117 3083 5189 ἔργα
3116 5115 3427 5179 ἀποδίδωσι,
3460 5117 3556 5169 καὶ
3591 5117 3762 5188 νόμον

2077 5209 2166 5263 διὰ
2197 5207 2354 5261 τοῦτο
2383 5206 2610 5276 φυσικὸν
2651 5207 2785 5276 ἡμῖν
2829 5203 3075 5275 ἐνέθηκε,
3123 5202 3216 5256 καὶ
3257 5202 3500 5273 γραπτὸν
3531 5201 3763 5275 ὕστερον

2077 5296 2296 5359 ἔδωκεν,
2340 5295 2427 5347 ἵνα
2467 5292 2699 5356 εὐθύνας
2723 5292 3002 5363 ἀπαιτήσῃ
3050 5288 3157 5342 τῶν
3199 5288 3633 5358 ἁμαρτημάτων,
3669 5292 3767 5344 καὶ

2078 5383 2165 5438 ἵνα
2211 5379 2609 5453 κατορθοῦντας
2672 5376 3018 5448 στεφανώσῃ·
3072 5375 3210 5447 μετά
3261 5374 3463 5445 πολλῆς
3510 5371 3605 5429 οῦν
3659 5377 3767 5447 τῆς

2081 5469 2335 5541 σπουδῆς,
2369 5469 2462 5522 καὶ
2492 5467 2680 5539 ὥσπερ
2714 5469 2793 5530 εἰς
2817 5466 3164 5536 δικαστήριον
3190 5462 3601 5535 ἀπαντήσεσθαι
3633 5466 3768 5535 μέλ-

2077 5557 2257 5623 λοντες
2283 5556 2531 5628 φοϐερὸν,
2565 5558 2636 5608 τά
2662 5554 2799 5608 ’καθ’
2830 5553 3056 5617 ἑαυτοὺς
3089 5553 3538 5624 οἰκονομήσωμεν
3557 5591 3575 5620 ,
3621 5553 3768 5607 εἰδό·

2139 5764 2158 5788 ⁸
2191 5765 2289 5816 Alii
2311 5764 2393 5813 καὶ
2413 5759 2767 5825 συνευδοκοῦσι.
2788 5759 2916 5825 Infra
2928 5760 3110 5825 θανάτῳ
3127 5766 3240 5809 ante
3262 5760 3539 5825 κολάζεσθαι
3558 5761 3767 5825 quidam

2080 5841 2196 5879 mss.
2223 5838 2320 5875 non
2343 5825 2544 5883 habent,
2569 5837 2661 5873 nec
2685 5824 2790 5885 ipse
2809 5822 2958 5874 habet
2981 5822 3143 5873 uisi'in
3164 5824 3383 5886 margine
3407 5824 3559 5875 Savil.

2145 5889 2172 5931 δ
2198 5888 2297 5940 Alii
2319 5887 2468 5937 κακὸν
2492 5886 2544 5936 ὃν
2566 5886 2650 5945 τήν
2670 5900 2799 5946 um}.
