3912 6230
325 307 434 367 133

322 420 499 491 ipsum
526 420 841 488 occultabat,
871 427 925 478 et
956 429 1074 491 post
1112 421 1450 476 commissam
1480 434 1665 475 necem
1693 434 1906 474 rursum

321 528 352 565 a
383 513 491 567 Deo
520 513 906 582 interrogatus,
933 510 1032 567 Ubi
1068 521 1139 566 est
1179 511 1304 566 Abel
1327 511 1486 582 frater
1524 513 1677 566 tuus?
1701 511 1868 580 inquit
1892 550 1908 577 ,

324 604 544 660 Nescio:
561 606 807 677 numquid
821 614 987 659 custos
1007 604 1179 676 fratris
1199 604 1294 657 mei
1314 621 1423 659 sum
1440 620 1530 673 ego
1551 602 1699 673 (Gen.
1717 602 1906 673 Leti):

322 698 507 766 Quare
533 699 675 753 enim
710 699 909 768 negat?
938 711 1115 752 nonne
1154 706 1299 767 patet
1344 697 1487 766 quod
1533 697 1910 751 condemnaret

322 790 561 858 seipsum
584 788 966 844 vehcmcn’er?
997 789 1145 844 Sicut
1167 790 1309 842 enim
1338 789 1499 857 ipsius
1530 797 1679 857 pater
1703 802 1761 843 se
1788 789 1905 841 abs-

320 880 611 944 conderat,
640 880 709 934 ita
750 889 800 935 et
848 880 935 935 hic
979 888 1137 949 negat
1165 896 1178 931 :
1210 888 1266 934 et
1293 888 1410 948 post
1441 878 1908 947 interrogationem

320 969 516 1025 iterum
546 971 734 1040 inquit,
770 970 941 1041 Major
970 981 1039 1025 est
1086 986 1240 1023 causa
1289 985 1418 1033 mea,
1440 985 1590 1040 quam
1635 980 1688 1021 ut
1734 967 1907 1020 dimit-

319 1072 459 1116 tatur
480 1064 601 1117 nti/ti
628 1064 736 1131 (Ib.
766 1081 819 1114 ν.
849 1062 960 1130 15).
991 1061 1097 1116 Sed
1128 1061 1338 1130 gentilis
1367 1061 1480 1114 haec
1509 1075 1611 1113 non
1641 1057 1764 1113 fert.
1797 1060 1908 1128 Age

318 1154 483 1225 igitur
509 1165 561 1209 ct
586 1155 649 1208 ad
683 1155 830 1208 illum
861 1155 1157 1224 loquamur,
1181 1161 1235 1207 et
1273 1151 1414 1221 quod
1445 1151 1495 1204 in
1524 1149 1798 1205 creatione
1826 1150 1906 1204 t‘e-

322 1247 520 1311 cimus,
554 1261 659 1300 non
697 1245 986 1316 Scripturis
1017 1254 1243 1307 tantum,
1274 1244 1367 1297 sed
1413 1243 1574 1296 etiam
1613 1240 1907 1295 rationibus

318 1338 614 1394 certamina
641 1346 827 1391 contra
860 1338 980 1391 illos
1021 1344 1319 1401 moventes,
1350 1334 1452 1387 hoc
1493 1341 1548 1387 et
1591 1332 1730 1387 circa
1771 1347 1906 1386 eon-

318 1431 599 1486 scientiam
625 1445 764 1483 nunc
794 1429 1067 1483 faciamus.
1104 1427 1312 1481 Etenim
1345 1434 1399 1481 et
1426 1425 1622 1479 Paulus
1657 1424 1758 1477 hoc.
1785 1439 1904 1477 mo-

319 1521 397 1574 vit
415 1530 783 1591 argumentum
813 1519 1071 1573 adversus
1098 1519 1215 1571 illos
1242 1532 1499 1587 pugnans.
1522 1514 1659 1582 Quid
1691 1514 1906 1569 tandem

319 1621 406 1665 est
451 1611 593 1680 quod
643 1611 866 1664 dicunt?
894 1609 1010 1664 Non
1050 1616 1131 1663 est
1165 1610 1316 1662 nobis
1361 1623 1456 1675 per
1494 1622 1552 1660 se
1579 1608 1659 1661 lex
1692 1606 1744 1660 in
1771 1620 1907 1661 con-

319 1702 546 1754 scientia
578 1702 772 1769 posita,
806 1715 905 1754 nec
930 1714 1045 1753 eam
1086 1708 1289 1752 naturae
1320 1698 1464 1752 Deus
1491 1696 1731 1751 inseruit.
1752 1695 1907 1753 Unde

316 1791 502 1861 igitur,
527 1790 683 1854 unde,
709 1791 944 1860 inquam,
969 1791 1035 1844 de
1054 1790 1268 1858 nuptiis,
1287 1789 1354 1843 tle
1379 1788 1632 1850 cmdibus.
1652 1787 1719 1843 de
1743 1796 1908 1842 testa-

320 1883 538 1944 mentis,
570 1882 636 1936 de
663 1881 919 1950 depositis
940 1922 953 1938 .
978 1882 1042 1935 de
1084 1880 1337 1949 proximis
1365 1895 1470 1933 non
1508 1878 1902 1948 opprimendis,

320 1975 390 2029 de
423 1974 638 2029 infinitis
676 1973 794 2028 aliis
826 1973 969 2041 leges
1019 1972 1158 2041 apud
1199 1986 1294 2026 eos
1335 1970 1664 2040 scripserunt
1696 1969 1907 2039 legisla-

316 2066 512 2121 tores?
538 2065 601 2119 Hi
642 2064 838 2134 quippe
861 2073 1154 2133 pratsentes
1185 2060 1321 2116 forte
1360 2076 1391 2115 a
1443 2060 1730 2129 majoribus
1777 2072 1904 2113 natu

316 2158 637 2221 didicerunt,
661 2165 719 2211 et
763 2156 837 2210 illi
879 2171 909 2209 a
948 2155 1232 2224 prioribus,
1269 2164 1322 2208 et
1345 2169 1554 2208 rursum
1609 2168 1638 2207 a
1673 2153 1905 2222 superio-

319 2250 471 2303 ribus
496 2249 580 2301 isti
616 2265 633 2304 :
667 2248 754 2318 qui
781 2261 912 2302 vero
936 2247 1171 2301 abiuitio
1198 2256 1252 2300 et
1282 2247 1438 2316 primi
1460 2245 1598 2315 apud
1625 2260 1718 2300 eos
1761 2246 1903 2315 leges

316 2322 585 2402 tulerunt,
615 2355 645 2393 a
699 2355 805 2408 quo
853 2338 1193 2393 didicerunt?
1233 2352 1411 2390 annon
1464 2337 1645 2406 utique
1690 2351 1723 2390 a
1770 2350 1902 2389 con-

318 2431 584 2486 scientia?
638 2429 821 2500 Neque
865 2431 1006 2484 enim
1058 2430 1237 2484 dicere
1287 2437 1540 2498 possent,
1588 2427 1731 2499 quod
1779 2442 1902 2482 eum

319 2524 468 2577 Mose
522 2523 753 2587 fuerint,
781 2521 921 2592 quod
969 2520 1254 2590 prophetas
1301 2519 1903 2590 audierint:quomodo

311 2617 463 2670 enim
490 2617 577 2686 qui
609 2616 837 2685 gentiles
865 2614 1058 2669 erant?
1090 2613 1195 2667 Sed
1220 2622 1366 2683 patet
1388 2628 1483 2667 eos
1511 2628 1539 2665 a
1570 2614 1685 2681 lege
1705 2653 1720 2676 ,
1742 2625 1902 2683 quam

316 2708 594 2764 hominem
626 2711 828 2778 [ingens
854 2708 993 2762 Deus
1017 2708 1085 2761 ab
1109 2707 1258 2761 initio
1287 2707 1385 2776 ipsi
1414 2706 1606 2776 posuit,
1634 2706 1702 2760 ab
1727 2705 1827 2761 hac
1848 2720 1903 2762 et

318 2802 469 2872 leges
498 2802 738 2870 posuisse
760 2814 905 2865 suas,
929 2808 1137 2866 ct_artcs
1157 2799 1439 2866 invenisse,
1459 2799 1666 2868 aliaque
1687 2797 1898 2854 omnia:

318 2894 522 2948 etenim
560 2900 615 2946 et
652 2901 796 2945 artes
829 2891 907 2945 sic
951 2891 1253 2945 constitutae
1296 2898 1449 2953 sunt,
1479 2905 1599 2963 cum
1628 2888 1786 2958 prisci
1826 2888 1903 2943 ilii

319 2994 513 3053 saepte
542 2984 758 3053 ingenio
783 2983 849 3038 ad
882 2984 1000 3038 illas
1036 2997 1333 3038 accessere.
1362 2981 1451 3037 Sic
1475 2990 1529 3036 et
1564 2981 1762 3051 judicia
1784 3022 1797 3047 τ
1825 2982 1904 3037 sic

312 3086 373 3131 et
400 3091 573 3146 paenae
599 3076 832 3132 deﬁnita:
858 3085 984 3131 sunt
1012 3093 1025 3127 :
1050 3075 1192 3146 quod
1223 3090 1414 3144 nempe
1435 3082 1490 3129 et
1519 3074 1709 3128 Paulus
1742 3073 1891 3128 dicit.

313 3168 454 3237 Quia
485 3170 626 3223 enim
651 3177 705 3222 et
730 3169 1006 3240 gentilium
1037 3169 1188 3223 multi
1217 3166 1597 3222 contradicturi
1629 3173 1782 3221 erant
1805 3206 1819 3230 ,
1849 3171 1904 3219 et

314 3262 553 3315 dicturi:
585 3260 862 3327 Quomodo
908 3261 1050 3314 Deus
1097 3259 1343 3314 homines
1379 3260 1469 3328 qui
1521 3257 1734 3311 fuerunt
1779 3266 1913 3311 ante.

317 3350 524 3407 Mosem
550 3351 852 3419 judicabit?
880 3366 985 3404 non
1016 3351 1161 3406 misit
1189 3350 1571 3420 legislatorem,
1603 3363 1708 3402 non
1733 3349 1904 3418 legem

314 3446 462 3507 tulit,
496 3461 601 3498 non
654 3445 965 3514 prophetam
1016 3444 1239 3512 paravit,
1268 3458 1374 3497 non
1418 3442 1712 3511 apostolum
1739 3482 1755 3507 ,
1797 3455 1905 3496 non

319 3537 699 3607 evangelistam
734 3536 1044 3606 :quomodo
1090 3537 1158 3590 ab
1202 3536 1329 3605 ipsis
1357 3549 1543 3606 pinnas
1570 3533 1784 3603 exiget?
1812 3546 1909 3587 vo-

317 3631 439 3685 lens
460 3630 661 3684 Paulus
686 3628 1053 3683 demonstrare
1077 3669 1092 3691 ,
1120 3627 1260 3697 quod
1290 3642 1319 3681 a
1346 3638 1534 3681 natura
1563 3626 1704 3680 docti
1733 3626 1904 3695 legem

318 3722 603 3787 haberent,
626 3730 680 3775 et
709 3721 910 3790 agenda
939 3720 1215 3775 manifeste
1244 3719 1480 3780 scirent,
1519 3717 1639 3771 audi
1668 3716 1793 3787 quid
1820 3717 1902 3770 in-

310 3814 474 3883 quit:
507 3813 631 3866 Cum
660 3812 792 3866 enim
832 3821 1018 3882 gentes,
1039 3825 1150 3880 qua:
1197 3810 1355 3882 legem
1395 3825 1496 3863 non
1526 3807 1727 3871 habent,
1758 3814 1905 3861 natu-

312 3904 508 3959 raliter
530 3920 587 3958 ea
609 3892 722 3971 qua:
742 3903 865 3974 legis
885 3911 1034 3967 sunt,
1078 3903 1269 3974 faciunt
1291 3918 1310 3955 :
1331 3901 1576 3973 ejusmodi
1604 3900 1761 3969 legem
1803 3915 1905 3953 non

316 3994 579 4059 habentes,
608 3993 708 4063 ipsi
743 3992 837 4048 sibi
885 4003 1002 4048 sunt
1049 3993 1149 4060 lex,
1172 3993 1255 4063 qui
1300 3990 1564 4047 ostendunt
1608 4006 1734 4061 Opus
1779 3989 1904 4062 legis

311 4088 576 4144 scriptum
620 4078 671 4129 in
715 4077 959 4130 cordibus
1003 4080 1132 4131 suis.
1172 4080 1456 4145 Quomodo
1502 4082 1620 4135 sine
1659 4082 1891 4139 litteris?

316 4165 704 4219 Testimonium
743 4166 986 4220 reddente
1034 4166 1143 4221 illis
1179 4170 1498 4223 conscientia
1541 4171 1797 4240 ipsorum,
1837 4182 1889 4228 et

311 4256 521 4307 in'erse
536 4256 752 4309 invicem
773 4255 1176 4325 cogitationibus
1194 4259 1585 4324 accusantibus,
1608 4268 1700 4312 aut
1727 4261 1888 4314 etiam

310 4346 738 4414 defendentibus,
761 4348 815 4400 in
852 4347 938 4401 die
958 4364 1062 4418 qua
1074 4347 1343 4418 judicabit
1381 4348 1518 4403 Deus
1552 4352 1759 4406 occulta
1790 4353 1889 4407 lto-

314 4438 545 4498 minum,
566 4439 850 4491 secundum
867 4439 1191 4509 evangelium
1211 4457 1379 4495 meum
1406 4442 1695 4512 perlesum
1730 4444 1891 4498 σιω-ί-

309 4537 459 4580 stum
476 4526 709 4597 (Romi.
730 4528 792 4583 M
825 4528 910 4599 16)
933 4546 944 4580 :
968 4540 1021 4584 et
1038 4532 1229 4585 iterum
1250 4547 1262 4583 :
1280 4531 1602 4604 Quicumque
1617 4536 1756 4588 enim
1778 4537 1891 4590 sine

310 4618 427 4689 lege
454 4612 817 4686 peccaverunt,
846 4622 958 4677 sine
985 4621 1093 4695 lege
1121 4625 1363 4693 peribunt
1386 4639 1405 4677 :
1424 4633 1472 4677 et
1501 4627 1812 4698 quicumque
1835 4628 1893 4682 in

308 4712 427 4779 lege
450 4723 906 4782 peccaverunt,per
937 4714 1096 4784 legem
1110 4714 1498 4783 judicabumur
1525 4713 1748 4787 (Ibid.v.
1776 4717 1888 4791 12).

309 4801 460 4867 Quid
482 4813 586 4869 est,
613 4802 739 4859 Siue
762 4804 870 4874 lege
892 4804 1292 4873 peribunt?Non
1322 4805 1438 4876 lege
1453 4816 1767 4871 accusante,
1796 4809 1891 4863 sed

309 4894 651 4951 conscientia
677 4907 730 4951 et
762 4897 1204 4968 cOgitationihus.
1232 4899 1287 4954 Si
1308 4916 1435 4955 vero
1453 4902 1623 4970 legem
1654 4915 1760 4955 non
1790 4902 1889 4955 ha-

310 4986 940 5056 buissentconscientite,
958 5004 1055 5044 nec
1070 4990 1213 5061 ipsos
1231 4992 1407 5060 perire
1426 4999 1718 5062 peccantes
1734 5003 1891 5058 Opor-

307 5077 465 5132 tebat
484 5093 497 5128 :
519 5082 795 5150 quomodo
815 5080 980 5147 enim,
997 5082 1042 5136 si
1069 5083 1186 5137 sine
1212 5083 1329 5154 lege
1361 5081 1760 5154 peccaverunt?
1784 5078 1887 5133 Sed

306 5184 441 5223 cum
463 5172 575 5224 sine
592 5170 700 5241 lege
723 5172 872 5238 dicit,
892 5189 999 5231 non
1019 5174 1152 5231 dicit
1176 5189 1283 5230 non
1306 5175 1560 5233 habuisse
1579 5177 1770 5244 legem,
1795 5173 1890 5227 sed

307 5278 423 5315 non
449 5261 708 5318 habuisse
730 5264 898 5334 legem
928 5266 1211 5335 scriptam,
1231 5275 1439 5321 natura:
1452 5280 1580 5322 vero
1605 5266 1773 5336 legem
1795 5266 1891 5319 ba-

306 5354 520 5408 huisse.
536 5353 603 5408 Et
618 5371 865 5410 rursum:
890 5355 1072 5411 Gloria
1086 5368 1283 5426 autem,
1299 5367 1347 5412 et
1361 5359 1544 5422 honor,
1563 5367 1612 5411 et
1624 5373 1731 5427 pax
1747 5357 1890 5411 omni

303 5448 556 5516 aperanti
580 5445 984 5514 bonumJudwo
1001 5451 1251 5518 primunt,
1270 5460 1318 5505 et
1337 5450 1521 5505 Gra'co
1543 5446 1889 5520 (Ibid.v.10.)

382 5543 441 5599 5.
470 5542 601 5598 "me
616 5551 795 5597 autem
818 5541 1025 5596 dicebat
1048 5541 1115 5598 de
1134 5542 1494 5612 superioribus
1520 5543 1740 5612 loquens
1764 5555 1899 5599 tem-

302 5636 552 5709 poribus,
584 5650 704 5706 qute
730 5646 851 5691 ante
875 5634 1072 5691 Christi
1097 5635 1377 5691 adventum
1411 5635 1639 5691 fuerunt.
1664 5636 1729 5691 Et
1749 5637 1895 5693 Grie-

307 5746 429 5786 ctnn
477 5728 565 5785 hic
593 5734 747 5783 meat
784 5742 888 5784 non
934 5727 1304 5798 idololatram,
1335 5728 1428 5783 sed
1477 5727 1638 5784 Deum
1685 5728 1896 5802 quidem

1125 307 1250 390 (AD
1289 306 1608 364 POPULUM
1647 305 2157 366 ANTIOCIIENUM.
2195 309 2423 367 IlOMlL.
2466 312 2580 369 XII.

3501 327 3601 383 151

2022 422 2193 478 solum
2235 423 2545 481 adorantem
2569 468 2584 489 .
2629 425 2974 486 Judaicarum
3016 447 3143 490 vero
3179 435 3609 498 Observationum

2018 514 2321 568 necessitati
2353 530 2457 570 non
2488 516 2749 586 deditum,
2775 520 3111 580 sabbatismis
3131 524 3270 594 dico,
3293 537 3349 583 et
3371 531 3602 588 circum-

2017 602 2203 658 cisioni
2229 645 2244 671 ,
2274 614 2329 660 et
2357 607 2519 661 variis
2547 609 3040 680 puriﬁcationihus;
3077 615 3171 671 sed
3196 619 3508 686 sapientiam
3550 634 3605 680 et

2019 694 2268 764 pietatem
2311 712 2523 753 onmem
2568 700 2929 759 exhibentem.
2973 707 3040 761 Et
3072 723 3279 764 rursum
3308 711 3374 767 de
3415 715 3605 771 eodem

2014 785 2283 841 disserens
2304 785 2475 858 inquit
2495 807 2507 841 :
2532 788 2559 842 Ι
2567 808 2622 843 ra
2642 802 2687 845 et
2712 794 3011 865 indignatio,
3036 798 3290 856 tribulatio
3306 812 3352 856 et
3371 807 3605 876 angustia

2013 891 2164 945 super
2191 894 2388 931 omnem
2415 876 2633 934 animam
2673 883 2888 940 hominis
2909 892 3162 956 aperantis
3189 894 3397 962 malum,
3431 896 3605 951 Judtci

2014 968 2231 1037 primum
2264 979 2311 1024 et
2352 969 2517 1026 Gratci
2540 975 2710 1042 (Rom.
2733 983 2789 1036 2.
2819 977 2851 1032 9
2887 982 2925 1047 ).
2955 980 3182 1037 Rursum
3230 985 3315 1040 hic
3358 989 3602 1045 Grtecutn

2013 1069 2200 1125 vocat,
2229 1059 2603 1119 observatione
2629 1064 2842 1122 Judaiea
2878 1068 3176 1127 liberatum.
3205 1076 3262 1130 Si
3294 1078 3468 1149 itaque
3510 1098 3603 1135 ne-

2012 1165 2113 1220 que
2135 1151 2303 1221 legem
2329 1154 2547 1221 audivit,
2574 1173 2744 1228 neque
2764 1175 2884 1214 cum
2909 1161 3107 1219 Judteis
3128 1181 3472 1226 conversatus
3494 1185 3596 1236 est,

2015 1242 2282 1310 quomodo
2304 1245 2405 1299 erit
2426 1245 2525 1315 ipsi
2553 1247 2629 1302 ira
2654 1261 2709 1304 et
2729 1249 3016 1322 indignatio
3034 1265 3086 1310 et
3112 1258 3376 1315 tribulatio
3402 1264 3596 1318 malum

2011 1336 2295 1402 operanti?
2323 1335 2582 1403 Quoniam
2609 1341 2754 1398 intus
2799 1346 3179 1404 conscientiam
3208 1351 3400 1410 habeat
3423 1355 3597 1411 incre-

2010 1437 2220 1495 pantem
2250 1438 2305 1483 et
2330 1430 2607 1487 docentem
2633 1436 3036 1494 cterudientem
3068 1441 3117 1494 in
3148 1445 3412 1501 omnibus.
3446 1447 3597 1504 Unde

2009 1515 2113 1572 hoc
2136 1519 2508 1576 manifestum?
2536 1524 2610 1578 Ex
2636 1526 2700 1579 iis
2721 1526 2772 1580 in
2799 1529 2989 1596 quibus
3014 1533 3146 1587 alios
3174 1536 3447 1605 castigavit
3468 1555 3593 1608 pee-

2008 1619 2214 1674 cantcs,
2252 1611 2395 1680 leges
2426 1615 2572 1677 tulit,
2600 1616 2798 1685 judicia
2828 1621 3119 1676 constituit.
3149 1624 3258 1678 Hoc
3301 1628 3459 1698 igitur
3496 1630 3594 1684 de-

2007 1700 2214 1756 clarans
2261 1704 2453 1759 Paulus
2476 1748 2491 1772 ,
2537 1709 2604 1762 de
2631 1710 2928 1767 viventibus
2956 1715 3006 1768 in
3036 1716 3162 1769 vitio
3201 1719 3409 1775 diccbat
3439 1741 3452 1776 :
3488 1723 3590 1790 Qui

1997 1815 2116 1854 cum
2158 1793 2428 1868 justitiam
2468 1797 2565 1853 Dei
2604 1802 2980 1871 cognovissent,
3035 1806 3283 1874 quoniam
3324 1808 3414 1876 qui
3452 1808 3583 1861 talin

1995 1894 2158 1955 agunt
2214 1886 2360 1957 digni
2410 1895 2532 1941 sunt
2590 1898 2794 1955 morte,
2847 1906 2952 1944 non
3005 1892 3170 1947 solum
3228 1912 3291 1948 ca
3345 1897 3583 1967 faciunt,

1995 1979 2087 2034 sed
2131 1978 2291 2032 etiam
2345 1980 2672 2057 consentignt
2724 1981 2741 2012 ί
2800 1983 3113 2052 facientibus
3168 1986 3341 2057 (Rom.
3376 1990 3426 2042 l.
3465 1988 3580 2057 5'2).

1999 2067 2067 2122 Et
2118 2069 2263 2122 unde
2307 2069 2548 2124 scierunt
2578 2043 2925 2127 ‘voluntatcm
2959 2074 3052 2129 Dei
3112 2091 3253 2138 esse,
3295 2086 3356 2132 nt
3393 2078 3485 2147 qui
3529 2080 3583 2135 iu

1997 2159 2341 2228 improbitate
2373 2161 2563 2214 vivunt
2594 2163 2927 2230 puniantur?
2967 2167 3148 2220 unde?
3177 2169 3246 2221 lix
3280 2157 3429 2223 iisin
3459 2171 3584 2239 qui-

1994 2248 2096 2302 bus
2145 2248 2278 2301 alios
2324 2247 2646 2318 judicabant
2693 2265 3002 2322 peccantes.
3060 2256 3113 2308 Si
3172 2258 3317 2311 enitn
3376 2260 3582 2315 malum

2012 2362 2134 2401 esse
2163 2361 2267 2400 non
2288 2357 2444 2416 putes
2469 2351 2689 2410 ezedem,
2705 2364 2828 2403 cum
2858 2349 3183 2404 homicidam
3208 2351 3435 2419 ceperis,
3455 2366 3581 2407 sen-

2015 2440 2180 2495 tentia
2207 2448 2297 2493 tua
2326 2453 2432 2494 non
2453 2441 2643 2509 punies
2663 2458 2675 2494 :
2697 2440 2798 2494 nisi
2826 2442 3025 2495 malum
3050 2457 3169 2497 esse
3188 2455 3340 2512 putes
3368 2445 3579 2499 adulte-

2013 2544 2156 2592 rare,
2177 2544 2301 2583 cum
2334 2529 2582 2583 inciderit
2613 2529 2845 2594 adulter,
2867 2529 3034 2583 libera
3067 2532 3241 2599 ipsum
3270 2548 3297 2586 a
3320 2548 3502 2603 poena.
3522 2533 3579 2587 Si

2012 2636 2143 2675 vero
2171 2628 2226 2676 et
2264 2620 2318 2673 in
2354 2619 2588 2674 aliorum
2628 2620 2865 2689 peccatis
2893 2620 3035 2689 leges
3067 2622 3285 2687 scribis,
3314 2633 3367 2677 et
3393 2639 3581 2691 pomus

2011 2710 2223 2777 detinis,
2239 2721 2291 2766 et
2307 2726 2528 2766 severus
2546 2710 2810 2780 esjudcx:
2831 2726 2991 2778 quam
3014 2712 3209 2766 habere
3227 2714 3402 2781 possis
3416 2729 3582 2768 excu-

2011 2802 2300 2861 sationem,
2334 2800 2387 2853 in
2422 2799 2622 2869 quibus
2658 2799 2772 2868 ipse
2813 2813 3027 2867 peccas,
3063 2799 3251 2853 dicens
3283 2807 3334 2852 te
3372 2800 3578 2869 agenda

2012 2893 2297 2962 ignorare?
2316 2891 2569 2946 Mtechati
2594 2891 2726 2945 estis
2742 2897 2796 2944 et
2818 2899 2872 2944 tu
2898 2899 2951 2943 et
2967 2890 3074 2944 ille.
3092 2889 3273 2954 Quare
3289 2890 3440 2944 illum
3460 2891 3581 2960 qui.

2010 2989 2129 3040 dem
2156 2986 2335 3055 punis,
2360 2992 2412 3039 te
2428 2999 2556 3039 vero
2576 2983 2728 3037 venia
2747 2982 2967 3051 dignum
2986 2982 3211 3037 censes?
3230 2981 3285 3036 Si
3302 2982 3446 3036 enim
3468 2998 3581 3036 ma-
3634 3032 3637 3033 ν

2011 3079 2120 3133 lum
2143 3077 2420 3131 nesciebas
2433 3091 2553 3130 esse
2570 3074 2917 3137 adulterium,
2938 3085 3188 3130 neutrum
3213 3073 3390 3143 puniri
3416 3088 3579 3142 opor-

2010 3169 2151 3222 tebat
2167 3187 2180 3232 ;
2197 3168 2241 3222 si
2266 3183 2392 3219 vero
2413 3167 2642 3221 alterum
2666 3164 2882 3234 quidem
2897 3166 3113 3233 punias,
3135 3174 3185 3219 te
3208 3179 3336 3220 vero
3360 3180 3577 3233 pmuam

2010 3261 2245 3328 elTugcre
2269 3259 2568 3319 existimes.
2609 3259 2885 3328 quomodo
2923 3258 3115 3312 rationi
3150 3269 3577 3311 consentaneum

2010 3352 2176 3407 videri
2207 3352 2401 3421 poterit
2421 3352 2731 3405 eorumdem
2761 3349 3053 3405 criminum
3084 3364 3207 3403 reos
3230 3363 3337 3400 non
3359 3346 3576 3401 easdem

2012 3444 2245 3515 pendere
2268 3442 2491 3513 pinnas?
2523 3440 2638 3497 Hoc
2669 3441 2833 3511 igitur
2863 3440 3038 3510 ipsum
3069 3454 3339 3494 accusans
3367 3438 3572 3492 Paulus

2009 3534 2224 3589 dicebat
2259 3552 2273 3588 :
2309 3534 2602 3587 Existimas
2636 3543 2813 3588 autem
2843 3533 2960 3598 hoc,
2989 3548 3018 3584 o
3041 3530 3216 3595 homo,
3247 3531 3338 3600 qui
3358 3532 3578 3600 judicas

2008 3638 2094 3676 eos
2117 3624 2207 3692 qui
2230 3622 2363 3677 talia
2381 3630 2564 3693 agunt,
2597 3631 2645 3676 et
2670 3622 2839 3691 facias
2868 3637 2950 3683 ea,
2971 3621 3096 3690 quia
3115 3629 3167 3673 tu
3186 3620 3402 3690 effugies
3422 3620 3580 3689 judi-

2010 3714 2145 3768 cium
2171 3713 2262 3768 Dei
2285 3712 2457 3782 (Rom.
2476 3713 2532 3777 2,
2555 3711 2767 3784 3).Non
2795 3712 2993 3775 estita,
3019 3727 3125 3766 non
3149 3720 3262 3778 est;
3288 3726 3352 3766 ex
3370 3711 3581 3781 judicio

2009 3808 2152 3863 enim
2172 3808 2315 3876 quod
2338 3807 2388 3861 in
2405 3808 2568 3861 alium
2588 3805 2880 3876 protulisti,
2902 3821 2968 3860 ex
2992 3804 3091 3860 hoc
3111 3814 3161 3861 te
3185 3805 3324 3861 Deus
3344 3815 3471 3861 tunc
3485 3805 3579 3875 ju-

2009 3899 2371 3954 dicabitznou
2404 3898 2547 3953 enim
2578 3897 2821 3967 profecto
2850 3909 2905 3954 tu
2941 3900 3159 3969 quidem
3186 3899 3392 3967 justus,
3439 3897 3582 3953 Deus

2010 4001 2191 4046 autem
2230 3989 2487 4060 injustas.
2521 3988 2576 4043 Si
2602 3990 2745 4043 enim
2770 4005 2876 4045 non
2910 3990 3146 4057 despicis
3177 3990 3341 4043 alium
3380 3988 3580 4057 injuria

2009 4080 2279 4147 allectum,
2294 4082 2571 4150 quomodo
2593 4080 2733 4135 Deus
2752 4080 3095 4150 despici°t?si
3123 4089 3175 4134 tu
3195 4080 3425 4147 corrigis
3442 4081 3579 4134 alio-

2010 4187 2130 4227 rum
2156 4181 2394 4240 peccata,
2416 4172 2692 4243 quomodo
2710 4182 2760 4227 te
2780 4171 2924 4227 Deus
2944 4157 3049 4228 non
3081 4172 3315 4242 corriget
3330 4172 3354 4226 1
3371 4171 3427 4227 Si
3449 4189 3579 4227 vero

2011 4277 2116 4315 non
2135 4261 2227 4314 tibi
2254 4262 2436 4317 statim
2461 4278 2675 4332 pmnam
2698 4261 2880 4328 infert,
2900 4278 2966 4317 ne
2989 4252 3058 4317 ob
3083 4264 3185 4317 hoc
3198 4264 3462 4328 conlldas,
3483 4266 3578 4319 sed

2011 4352 2141 4405 time
2167 4351 2359 4421 magis.
2403 4352 2494 4406 Sic
2520 4351 2790 4407 etPaulus
2809 4351 2977 4423 jussit
3003 4354 3225 4409 dicens:
3252 4356 3331 4408 An
3365 4355 3579 4409 divitias

2011 4439 2261 4496 bonitatis
2277 4445 2390 4511 ejus
2407 4453 2456 4498 et
2469 4446 2737 4514 patientiae
2750 4458 2799 4501 et
2825 4447 3246 4517 longanimitatis
3265 4449 3579 4510 contemnis,

2009 4531 2260 4601 ignorans
2296 4535 2542 4602 quoniam
2575 4534 2869 4607 benignitas
2901 4539 3000 4593 ‘Dei
3041 4541 3109 4593 ad
3139 4541 3497 4609 ptenitentiam
3534 4552 3584 4596 te

2009 4624 2223 4678 adducit
2243 4626 2414 4692 (Rom.
2433 4626 2487 4680 2.
2506 4627 2589 4699 4)?
2606 4629 2891 4699 Propterea
2907 4633 3047 4686 enim
3064 4633 3276 4695 tolerat,
3301 4648 3406 4688 non
3423 4644 3584 4704 uipe-

2005 4715 2093 4785 jor
2115 4717 2231 4778 tias,
2253 4718 2341 4771 sed
2363 4728 2417 4771 ιιι
2437 4721 2809 4788 ptenitentlam
2830 4739 2987 4792 agas;
3004 4725 3048 4778 si
3070 4739 3198 4779 vero
3217 4741 3320 4779 non
3343 4727 3443 4789 vis,
3469 4744 3585 4782 ma-

2006 4807 2142 4877 joris
2163 4809 2383 4863 materia
2401 4810 2621 4868 ultionis
2637 4812 2730 4867 tibi
2745 4824 2827 4869 est
2844 4814 2934 4869 Dei
2951 4817 3334 4886 longanimitas
3348 4822 3465 4881 sine
3478 4834 3586 4890 pm-

2009 4898 2234 4953 nitentia
2252 4904 2613 4969 permanenti.
2635 4902 2702 4957 Et
2721 4904 2824 4960 hoc
2841 4907 3040 4977 quippe
3052 4908 3335 4965 declarans
3351 4910 3581 4966 dicebat:

2012 4988 2307 5044 Secundum
2327 5002 2502 5047 autem
2516 4994 2772 5055 duritiam
2790 5006 2933 5051 tuam
2947 5007 2995 5051 et
3010 4999 3336 5069 impa'niteus
3351 5019 3457 5067 cor,
3478 5003 3583 5054 tlte-

2010 5082 2254 5135 saurizas
2273 5084 2368 5137 tibi
2388 5086 2525 5139 iram
2546 5087 2600 5139 in
2620 5087 2705 5141 die
2721 5089 2818 5142 ira:
2833 5096 2882 5142 et
2902 5090 3238 5146 reuelationis
3247 5093 3384 5161 justi
3388 5094 3584 5163 judicii

2009 5168 2128 5237 Dei,
2142 5175 2230 5243 qui
2249 5176 2424 5229 reddet
2440 5179 2720 5250 unicuique
2739 5181 3023 5239 secundum
3037 5198 3196 5252 opera
3213 5185 3324 5254 ejus
3340 5184 3510 5256 (Rom.
3526 5185 3583 5245 2.

2011 5265 2066 5319 5.
2086 5264 2161 5335 6).
2186 5265 2454 5331 Quoniam
2479 5259 2644 5339 igliur
2662 5271 2859 5341 cuique
2879 5274 3179 5329 secundum
3204 5292 3366 5345 opera
3386 5278 3580 5351 reddit,

2009 5367 2061 5411 et
2075 5357 2242 5428 legem
2262 5369 2542 5430 propterea
2557 5364 2714 5419 nobis
2729 5367 3026 5420 naturalem
3045 5367 3310 5431 indidit,et
3324 5370 3580 5440 scriptam

2013 5453 2358 5519 postmodum
2392 5455 2558 5523 dedit,
2586 5466 2643 5511 ut
2681 5473 2870 5528 ptenas
2903 5460 3087 5528 exigat
3120 5472 3495 5529 peccatorum,
3528 5474 3578 5524 et

2014 5550 2157 5594 recte
2174 5556 2393 5610 agentes
2407 5556 2649 5599 coronet:
2668 5549 2836 5602 multo
2857 5551 3036 5618 itaque
3049 5551 3230 5603 studio
3245 5561 3498 5621 tanquam
3512 5554 3577 5608 ad

2071 5681 2088 5714 ι
2136 5677 2533 5736 \lii,assentitmt.
2579 5676 2701 5728 infra
2738 5677 2873 5735 voci,
2911 5676 3186 5742 punimur,
3224 5688 3328 5732 επ.
3370 5683 3497 5737 addit
3529 5687 3577 5744 in

2006 5743 2247 5806 margine,
2268 5748 2433 5792 morte.
