3920 6224
384 291 481 347 I35

380 407 718 463 tremendum
763 400 1075 459 conventuri
1136 397 1390 469 judicium
1418 438 1435 462 ,
1481 396 1719 450 actiones
1764 404 1975 449 nostras

379 494 1031 568 dispensemus,sciemes
1073 490 1212 559 quod
1255 488 1453 542 nullam
1498 500 1847 556 assequemur
1887 500 1976 540 ve-

380 593 524 645 niam
546 632 559 652 ,
590 589 635 644 si
663 598 786 658 post
811 584 1102 641 naturalem
1130 591 1185 637 et
1214 582 1463 652 scriptam
1490 578 1660 650 legem
1689 587 1745 633 et
1772 578 1975 637 destri-

385 697 506 734 nam
551 688 748 732 tantam
791 685 845 730 ct
880 672 1295 730 admonitionem
1324 670 1594 726 assiduam
1621 669 1848 725 salutem
1874 684 1975 723 no-

382 781 546 825 stram
577 768 922 837 negligemus.

451 862 507 916 ϐ.
537 861 562 913 Ι
572 872 732 914 terum
760 858 825 911 de
833 856 1161 927 juramentis.
1186 885 1261 896 -—
1280 854 1413 909 Volo
1455 854 1633 922 itaque
1671 870 1881 909 rursum
1907 852 1977 909 de

378 951 696 1021 juramcntis
719 949 870 1003 vobis
900 947 1063 1018 loqui,
1095 947 1354 1002 erubesco
1377 955 1576 1000 autem.
1604 945 1729 1000 Mihi
1759 945 1975 1015 quidem

378 1059 540 1113 grave
570 1057 674 1096 non
707 1050 789 1096 est
816 1040 902 1095 die
943 1050 1204 1108 nocteque
1233 1037 1419 1094 eadem
1447 1037 1597 1092 vobis
1624 1038 1831 1101 dicere;
1880 1038 1975 1093 sed

382 1139 542 1191 timeo
570 1153 637 1191 ne
661 1145 942 1206 postquam
963 1149 1059 1191 vos
1083 1135 1167 1188 his
1204 1133 1382 1188 multis
1412 1132 1600 1187 diebus
1627 1132 1973 1196 admonuero,

382 1232 604 1285 multum
635 1238 903 1299 torporem
925 1237 1158 1283 vestrum
1181 1225 1534 1281 damnabilem
1557 1224 1855 1285 ostendam.
1887 1223 1977 1294 qui

382 1324 433 1376 in
464 1324 676 1392 negotio
722 1332 828 1376 tam
879 1320 1015 1375 facili
1045 1320 1296 1375 continua
1339 1318 1549 1388 egeatis
1591 1316 1973 1372 admonitione.

383 1413 493 1469 Nec
524 1422 725 1468 tantum
770 1413 1026 1467 erubesco
1050 1453 1064 1477 ,
1111 1410 1205 1466 sed
1236 1418 1290 1464 ct
1330 1410 1494 1464 timeo
1533 1409 1704 1463 vobis.
1750 1408 1976 1463 Assidua

382 1518 610 1573 namque
647 1502 888 1558 doctrina
929 1499 1329 1556 adverteutibus
1376 1498 1625 1553 salutaris
1666 1497 1879 1568 quidem
1924 1509 1978 1553 et

379 1595 542 1662 utilis,
568 1594 900 1665 torpentibus
919 1607 1052 1648 vero
1073 1590 1324 1646 damnosa
1349 1600 1403 1645 et
1425 1589 1739 1661 periculosa.
1765 1590 1976 1646 Etenim

382 1696 582 1757 quanto
606 1687 724 1757 quis
752 1685 946 1754 saepius
975 1682 1222 1748 audierit,
1250 1689 1399 1736 tanto
1422 1683 1681 1752 majorem
1724 1682 1977 1737 ultionem

384 1779 648 1844 attrahet,
680 1794 786 1833 non
816 1777 1016 1832 faciens
1037 1790 1155 1846 quae
1174 1775 1440 1831 dicuntur.
1472 1775 1585 1831 Hoc
1609 1775 1767 1847 igitur
1792 1786 1846 1833 et
1879 1776 1977 1832 Ju-

382 1871 514 1926 d.ris
538 1871 907 1941 improperans
931 1868 1143 1923 dicebat
1173 1868 1312 1923 Deus
1344 1885 1357 1922 :
1384 1868 1508 1923 Misi
1546 1869 1819 1941 praplietas
1843 1886 1979 1925 meos

381 1978 656 2033 exsurgens
685 1962 912 2016 diluculo
937 2004 952 2026 ,
994 1970 1043 2014 et
1088 1961 1347 2028 amittens,
1394 1977 1551 2032 neque
1584 1962 1657 2015 sic
1704 1962 1979 2035 exaudistis

381 2051 533 2122 (Jer.
572 2049 796 2125 25.4.).
824 2053 931 2109 Nos
971 2070 1163 2125 nempe
1188 2070 1252 2109 ex
1280 2053 1444 2107 multa
1489 2053 1847 2108 sollicitudine
1877 2054 1977 2108 hoc

381 2142 606 2197 facimus
629 2184 645 2207 ,
689 2142 782 2197 sed
815 2144 1065 2199 timemus
1111 2159 1181 2199 ne
1222 2144 1274 2197 in
1301 2142 1388 2198 die
1417 2143 1499 2196 illa
1530 2141 1802 2197 tremenda
1831 2142 1976 2196 obsit

379 2232 533 2287 Vobis
556 2232 808 2288 omnibus
834 2234 949 2289 haec
967 2234 1264 2289 admonitio
1289 2241 1344 2290 et
1376 2235 1476 2289 hoc
1501 2233 1801 2288 consilium.
1835 2232 1972 2287 Cum

381 2325 521 2378 enim
544 2332 599 2378 et
616 2325 810 2379 bonum
829 2340 962 2395 opus
986 2326 1055 2379 sit
1080 2324 1252 2391 facile,
1271 2336 1325 2381 et
1339 2326 1427 2395 qui
1444 2325 1657 2380 assidue
1672 2339 1981 2379 commone-

378 2415 537 2469 faciat
564 2430 667 2469 non
693 2415 870 2480 desit,
903 2416 1028 2487 quid
1057 2417 1347 2486 poterimus
1378 2417 1430 2470 in
1460 2417 1854 2472 excusationem
1891 2415 1975 2471 di-

379 2509 543 2563 cere?
566 2509 646 2563 vel
670 2525 788 2578 quae
818 2523 914 2563 nos
940 2510 1076 2563 ratio
1096 2510 1162 2564 ab
1195 2509 1397 2563 ultione
1417 2509 1647 2579 eripiet?
1670 2509 1762 2564 Dic
1785 2525 1977 2580 nempe

376 2601 530 2663 mihi.
562 2602 605 2655 si
636 2611 914 2671 argentum
945 2603 1039 2657 abs
1071 2612 1126 2658 te
1153 2614 1392 2658 mutuum
1414 2604 1533 2660 dari
1562 2606 1850 2675 contingat,
1882 2622 1978 2660 an-

378 2708 485 2746 non
522 2707 735 2763 semper
762 2693 987 2750 debitori
1012 2695 1310 2751 'occurrens
1341 2697 1513 2767 ipsum
1544 2700 1712 2753 mutui
1741 2713 1978 2754 commo-

377 2784 581 2840 nefacis
611 2786 636 2839 Ἰ
658 2774 770 2841 liae
795 2796 865 2847 et.
887 2801 1027 2843 nunc
1057 2789 1137 2842 fac
1155 2830 1169 2853 ,
1202 2798 1255 2843 ct
1280 2789 1503 2859 quisque
1529 2798 1678 2861 putet
1699 2800 1975 2860 argentum

375 2876 476 2930 sibi
510 2877 809 2946 proximum
846 2879 1043 2934 debere
1066 2922 1081 2947 ,
1113 2879 1271 2950 hujus
1295 2880 1499 2935 scilicet
1532 2880 1764 2935 mandati
1791 2883 1976 2953 exple-

377 2971 573 3025 tionem
599 3012 614 3038 ,
657 2983 712 3027 et
738 2987 1025 3028 occurrens
1067 2973 1348 3028 solutionis
1390 2975 1560 3047 ipsum
1592 2986 1932 3033 commoneat
1956 3019 1970 3044 ,

380 3060 556 3115 sciens
593 3076 699 3117 non
739 3078 959 3132 parvum
989 3064 1141 3119 nobis
1183 3066 1469 3135 repositum
1501 3082 1618 3122 esse
1644 3068 1935 3138 periculum
1955 3110 1972 3136 ,

375 3149 599 3206 fratrum
622 3167 804 3207 curam
828 3169 929 3208 non
953 3155 1250 3224 agentibus.
1277 3155 1563 3226 Pmpterea
1589 3167 1643 3213 et
1667 3174 1766 3231 ego
1786 3160 1971 3215 eadem

375 3239 553 3295 dicere
583 3257 687 3297 non
718 3243 921 3299 desisto
953 3264 967 3298 :
1001 3246 1164 3302 timeo
1191 3247 1355 3314 enim,
1380 3264 1447 3304 ne
1478 3249 1563 3304 illa
1593 3250 1680 3306 die
1715 3252 1925 3308 audiam
1955 3271 1969 3307 :

379 3329 408 3383 Ι
416 3333 620 3401 mprobe
638 3349 775 3388 serve
804 3343 853 3389 et
894 3336 1081 3407 segnis,
1120 3340 1377 3407 oportebat
1403 3350 1451 3394 te
1477 3357 1686 3412 erogare
1709 3354 1972 3414 argentum

373 3440 535 3477 meum
561 3427 947 3499 nummulariis(
974 3427 1160 3483 Matth.
1182 3430 1272 3487 25.
1302 3431 1392 3487 26.
1422 3431 1536 3504 ‘27).
1570 3434 1708 3490 Ecce
1736 3437 1968 3506 erogari,

372 3531 478 3570 non
502 3518 668 3572 semel
686 3560 701 3583 ,
732 3535 905 3588 neque
935 3521 1033 3587 his,
1063 3521 1156 3576 sed
1179 3524 1370 3592 smpius
1394 3541 1409 3590 ;
1438 3536 1673 3580 vcsmim
1698 3542 1823 3580 vero
1848 3529 1971 3583 reli-

374 3622 536 3674 quum
564 3617 648 3662 est
677 3610 847 3664 faenus
880 3609 1104 3667 reddere
1132 3630 1145 3665 :
1178 3628 1335 3667 usura
1371 3630 1494 3669 vero
1517 3624 1601 3671 est
1627 3618 1823 3673 audittc
1849 3635 1969 3673 mo-

380 3699 598 3754 nitionis
622 3715 716 3769 per
744 3716 906 3770 opera
948 3702 1207 3757 cxhibitio
1238 3721 1252 3756 :
1284 3707 1478 3758 etenim
1517 3706 1782 3764 dominica
1808 3719 1964 3776 sunt,

373 3832 713 3844 ———

372 3929 749 3973 GRATIARL‘M
792 3929 979 3974 ACTIO
1024 3930 1237 3972 Αἰ)ῐίυο
1282 3931 1365 3972 AD
1409 3931 1588 3974 DEUM
1633 3932 1716 3973 DE
1761 3932 2130 3975 MUTATIONE
2173 3931 2478 3974 TRISTIUM
2528 3932 2542 3970 Ξ

1121 282 1181 340 S.
1220 280 1496 340 JOANNIS
1532 278 2005 337 CIIBYSOSTOMI
2043 275 2363 340 ARCHIEP.
2402 273 2937 371 CONSTANTINOI’.

3575 278 3677 331 136

2080 406 2200 461 quae
2221 399 2406 446 nmtuo
2430 390 2641 445 dantur.
2672 387 2749 444 Ne
2776 386 2934 457 igitur
2955 385 3285 457 negligenter
3307 401 3366 439 su
3397 387 3685 457 ripiamns.

2080 483 2173 537 sed
2204 497 2324 536 eum
2361 481 2632 550 diligentia
2672 480 2971 549 depositum
3015 481 3424 541 contineamus,
3456 490 3514 533 ut
3559 496 3680 533 cum

2088 573 2253 629 multa
2298 573 2655 641 negotiatione
2701 572 2874 643 ipsum
2920 574 3009 629 illo
3053 573 3141 629 die
3197 573 3503 627 reddamus.
3569 570 3684 626 Nisi

2079 664 2220 718 enim
2249 673 2304 719 et
2339 662 2473 719 alios
2501 665 2552 718 in
2594 664 2732 719 idem
2767 663 3004 720 officium
3032 666 3336 725 induxeris.
3371 663 3556 718 audies
3585 679 3688 719 vo-

2079 769 2197 810 ocm
2226 755 2400 822 illam,
2432 770 2591 825 quam
2618 754 2819 810 audivit
2846 756 2934 826 qni
2965 756 3219 811 talentum
3250 753 3468 808 defodit.
3493 758 3561 808 At
3589 769 3687 808 vo-

2078 846 2162 902 bis
2182 862 2249 902 ne
2282 846 2495 901 eveniat
2517 844 2657 901 banc
2680 846 2884 912 audire,
2920 847 3011 902 sed
3043 846 3201 901 aliam
3222 861 3405 899 vocem
3430 861 3584 914 quam
3611 845 3686 906 ei,

2077 937 2170 1007 qui
2195 937 2492 1007 negotiatus
2517 945 2653 1002 erat,
2688 937 2923 992 reddidit
2951 936 3215 1003 Christus,
3244 936 3429 990 dicens
3459 953 3471 987 :
3508 932 3686 1003 Euge,

2078 1045 2216 1084 serve
2240 1031 2366 1084 bone
2384 1038 2430 1084 et
2460 1029 2625 1098 ﬁdelis
2650 1072 2664 1091 ,
2692 1029 2931 1099 quoniam
2959 1044 3110 1098 super
3138 1044 3301 1098 pauca
3322 1026 3465 1097 fuisti
3493 1026 3683 1094 ﬁdelis,

2078 1138 2238 1191 supra
2262 1121 2422 1175 multa
2443 1131 2490 1175 te
2507 1121 2810 1175 constituam
2835 1119 3049 1192 (Matth.
3075 1120 3167 1173 25.
3186 1119 3247 1173 ει
3268 1116 3310 1189 ).
3342 1118 3484 1170 lianc
3505 1126 3597 1170 aut
3619 1132 3687 1169 πὶ

2078 1211 2359 1267 audiemus
2378 1226 2560 1266 vocem
2582 1253 2596 1277 ,
2626 1214 2670 1266 si
2700 1211 2838 1266 idem
2869 1211 3009 1280 quod
3041 1211 3128 1265 ille
3172 1208 3404 1262 studium
3429 1208 3688 1261 exhibue-

2080 1303 2288 1366 rimus;
2321 1302 2460 1357 idem
2489 1318 2615 1357 vero
2644 1302 2875 1357 studium
2908 1301 3299 1371 praestabimus,
3332 1301 3375 1353 si
3400 1302 3516 1363 hoc,
3540 1297 3683 1367 quod

2078 1394 2199 1448 diro
2224 1436 2238 1458 ,
2269 1393 2575 1450 fecerimus.
2607 1394 2740 1449 Cum
2782 1393 2956 1448 adhuc
2998 1391 3217 1447 fervens
3258 1403 3341 1446 cst
3384 1391 3597 1446 auditus
3630 1392 3681 1444 in

2077 1486 2252 1551 vobis,
2275 1486 2475 1556 egressi
2506 1485 2860 1541 exhortamini
2892 1485 3029 1539 inter
3058 1498 3192 1538 vos:
3223 1492 3280 1538 et
3308 1483 3440 1537 sicut
3468 1482 3678 1550 disjun-

2077 1576 2263 1647 gimiui
2287 1577 2513 1647 quisque
2540 1592 2661 1632 cum
2688 1576 3027 1640 salutatione,
3059 1575 3137 1630 sic
3163 1589 3284 1628 cum
3313 1572 3677 1626 admonitione

2079 1670 2304 1738 quisque
2334 1668 2550 1723 domum
2575 1668 2808 1731 recedat,
2838 1675 2893 1722 et
2916 1667 3057 1722 dicat
3080 1666 3320 1736 proximo
3350 1682 3362 1717 :
3391 1663 3683 1719 Considi-ra

2078 1770 2134 1814 et
2156 1758 2473 1822 recordare,
2504 1757 2771 1828 quomodo
2798 1756 3103 1811 mandatum
3147 1754 3454 1810 custodias:
3486 1764 3540 1808 et
3563 1770 3684 1807 om-

2081 1851 2208 1905 nino
2244 1850 2635 1920 superabimus.
2664 1850 2797 1905 Cum
2829 1850 2971 1904 enim
3010 1858 3066 1904 ct
3087 1848 3247 1902 amici
3278 1858 3328 1902 te
3367 1847 3668 1901 dimiserint

2078 1958 2200 1998 cum
2223 1943 2314 1997 tali
2338 1942 2583 2006 consilio,
2611 1950 2665 1997 et
2682 1941 2899 1998 domum
2926 1938 3219 2010 profectum
3251 1955 3464 1994 rursum
3484 1937 3675 1992 eadem

2083 2051 2214 2089 uxor
2238 2033 2551 2102 admoneat,
2582 2043 2670 2100 et,
2699 2049 2819 2089 cum
2847 2033 2945 2088 soli
2976 2034 3107 2088 estis
3126 2073 3140 2097 ,
3174 2033 3346 2086 oratio
3372 2042 3554 2086 nostra
3586 2046 3682 2084 vos

2078 2129 2388 2195 contineat,
2428 2129 2675 2183 celeriter
2717 2127 2856 2183 hanc
2892 2126 3331 2183 consuetudinem
3380 2125 3677 2192 improbam

2080 2222 2427 2291 expellemus.
2459 2220 2592 2276 Novi
2622 2220 2839 2291 quidem
2865 2234 2962 2275 vos
2990 2218 3241 2273 admirari
3272 2232 3437 2288 quare
3477 2225 3681 2270 tantum

2078 2314 2149 2369 de
2194 2314 2294 2370 hoc
2335 2314 2586 2369 mandato
2623 2313 2857 2368 studium
2897 2311 3123 2377 faciam;
3156 2326 3340 2364 verum
3383 2309 3672 2378 adimplete

2081 2404 2411 2471 mandatum,
2441 2414 2496 2460 et
2522 2414 2648 2459 tunc
2668 2404 2864 2460 dicam.
2899 2403 3111 2457 lnteritn
3142 2402 3331 2472 quippe
3360 2399 3488 2453 illud
3509 2399 3628 2453 dico
3653 2440 3671 2462 ,

2079 2497 2250 2566 legem
2276 2511 2395 2551 esse
2437 2495 2671 2550 divinam
2719 2495 2820 2550 hoc
2853 2494 3181 2558 mandatum,
3208 2500 3262 2544 et
3282 2493 3452 2560 ipsum
3486 2499 3677 2544 trans-

2073 2589 2225 2658 gredi
2253 2604 2359 2642 non
2389 2604 2507 2643 esse
2538 2597 2706 2642 tutum
2732 2604 2746 2649 ;
2776 2587 2821 2642 si
2850 2595 3028 2642 autem
3074 2584 3347 2653 impletum
3376 2583 3581 2644 videro,
3624 2592 3680 2635 et

2080 2678 2241 2733 aliam
2272 2679 2424 2734 vobis
2453 2693 2668 2734 causom
2689 2678 3124 2733 commemorabo
3147 2676 3245 2729 hac
3267 2691 3372 2729 non
3396 2676 3679 2739 minorem,

2079 2778 2133 2824 ut
2160 2770 2409 2833 discatis,
2442 2785 2527 2826 me
2550 2770 2673 2838 jure
2701 2783 2798 2838 pro
2837 2768 2937 2823 hac
2965 2768 3081 2837 lege
3130 2765 3362 2820 studium
3404 2765 3677 2818 exhibere.

2078 2861 2268 2916 Restat
2294 2876 2420 2916 vero
2444 2860 2553 2929 jam
2582 2874 2678 2929 per
2705 2858 3145 2928 supplicationem
3173 2871 3477 2912 sermonem
3501 2854 3681 2908 absol-

2076 2968 2220 3009 vere.
2248 2952 2581 3009 Unanimiter
2614 2952 2775 3022 igitur
2808 2965 2994 3021 omnes
3022 2949 3297 3004 dicamus:
3328 2948 3468 3002 Deus
3490 2946 3683 3001 nolens

2079 3055 2186 3100 tam
2217 3053 2443 3099 mortem
2465 3045 2781 3114 peccatoris.
2813 3059 2971 3113 quam
2994 3049 3403 3099 utconvertatnr
3422 3051 3477 3096 et
3497 3039 3667 3103 vivat,

2075 3145 2130 3192 et
2160 3137 2294 3192 hanc
2314 3145 2369 3191 et
2403 3136 2534 3191 alias
2562 3135 2709 3206 leges
2734 3149 2923 3189 omnes
2965 3148 3062 3188 nos
3087 3141 3408 3202 exsequutus
3452 3131 3679 3201 dignare

2075 3227 2153 3281 sic
2178 3226 2429 3282 assistere
2457 3225 2705 3281 tribunali
2732 3224 2927 3280 Christi
2960 3226 3056 3289 tui,
3092 3233 3147 3277 ut
3173 3222 3418 3277 fiduciam
3454 3223 3678 3277 multam

2074 3320 2363 3389 assequuti,
2400 3320 2454 3373 in
2482 3333 2700 3389 regnum
2730 3316 3105 3386 perveniamus
3133 3314 3200 3369 ad
3230 3314 3455 3384 gloriam
3485 3322 3627 3367 tuam
3659 3330 3675 3366 :

2074 3415 2328 3483 quoniam
2360 3422 2411 3468 te
2438 3413 2590 3468 decet
2619 3413 2811 3483 gloria,
2844 3428 2945 3466 una
2975 3426 3094 3467 cum
3119 3410 3390 3480 unigenito
3416 3408 3553 3464 Filio
3585 3419 3679 3463 tuo

2074 3518 2129 3563 et
2157 3516 2341 3563 sancto
2372 3507 2592 3577 Spiritu,
2618 3521 2757 3562 nunc
2785 3514 2841 3561 ct
2864 3519 3096 3575 semper,
3124 3514 3179 3558 et
3205 3505 3257 3558 in
3279 3503 3473 3558 saecula
3498 3516 3670 3558 szecu-

2076 3599 2268 3655 lorum.
2301 3604 2493 3654 Amen.

2592 3929 2671 3970 ET
2714 3925 3226 3969 COMMEMORATIO
3270 3925 3515 3980 EORUM,
3560 3922 3671 3976 QUI

450 4028 736 4073 PROPTER
760 4029 1147 4073 SEDITIONEM
1178 4030 1468 4084 RAPTATI,
1500 4030 1726 4073 POESAS
1754 4032 2068 4076 LUERANT.
2093 4033 2415 4076 SIMIIJTER
2444 4028 2679 4072 RURSL‘S
2723 4027 3051 4069 EXPOSITIO
3078 4029 3159 4069 DE
3188 4026 3450 4070 “011lle
3478 4027 3675 4071 CREA-

449 4131 665 4185 ΤΙΟἿΕ,
693 4132 774 4174 ΕΤ
816 4131 987 4184 QUOD
1030 4131 1242 4177 LEGEM
1286 4130 1634 4176 ACCEPERIT
1676 4133 2063 4177 NATURALEM
2109 4136 2123 4175 ἒ

452 4231 781 4276 TOLLENDA
826 4217 866 4276 ‘.

2172 4133 2253 4176 ΕΤ
2319 4132 2402 4174 DE
2466 4131 2741 4173 JCRANDI
2785 4128 3269 4172 COSSUETUDINE
3326 4127 3666 4173 RADICITUS

1777 4338 2277 4418 ww

994 4492 1209 4532 HOHlLlA
1249 4492 1360 4531 Illi.

443 4570 497 4626 l.
536 4570 619 4626 Ab
640 4569 827 4626 eodem
854 4568 1114 4640 principio
1150 4577 1204 4622 ct
1239 4567 1426 4623 iisdem
1455 4566 1744 4636 prommiis,
1775 4568 1969 4638 quibus

375 4658 490 4716 heri
518 4670 570 4717 et
608 4659 998 4716 nudiustertius
1027 4659 1183 4728 cmpi,
1214 4669 1266 4715 et
1297 4659 1454 4714 hodie
1482 4659 1728 4730 incipiam
1756 4676 1770 4714 :
1796 4660 1966 4715 dicam

374 4759 431 4806 et
471 4765 613 4805 nunc
638 4766 652 4803 :
680 4749 995 4806 Benedictus
1022 4749 1182 4805 Deus.
1214 4750 1433 4817 Qualem
1464 4752 1785 4820 praeteritam
1832 4751 1966 4805 vidi-

378 4856 501 4898 mus
527 4841 713 4897 feriam
738 4850 1011 4911 quartam,
1044 4849 1097 4896 et
1122 4842 1331 4911 qualem
1374 4857 1512 4898 nunc
1556 4841 1794 4898 videmus
1834 4857 1970 4912 prae-

378 4934 623 4990 sentem?
648 4942 844 5003 quanta
885 4933 938 4987 in
966 4932 1056 4988 illo
1094 4931 1392 4987 obscuritas
1430 4942 1553 4989 tunc
1580 4933 1738 4989 erat?
1772 4942 1967 5004 quanta

374 5040 518 5080 nunc
542 5023 596 5078 in
616 5026 864 5095 prtesentl
887 5023 1273 5093 tranquillitas?
1303 5023 1500 5079 Eodem
1522 5024 1607 5079 die
1634 5024 1967 5080 tremendum

378 5117 435 5173 in
461 5116 677 5172 civitate
705 5115 932 5170 tribunal
961 5115 1091 5171 illud
1115 5124 1169 5171 et
1199 5117 1436 5171 omnium
1476 5118 1635 5173 corda
1662 5120 1929 5174 concussit
1948 5160 1962 5184 ,

376 5219 432 5265 et
469 5219 626 5265 nocte
657 5207 787 5265 fecit
812 5208 954 5265 diem
985 5208 1150 5263 nihilo
1174 5224 1293 5264 esse
1327 5206 1602 5266 meliorem
1627 5252 1642 5277 ,
1672 5226 1776 5265 non
1805 5211 1968 5266 radiis

375 5302 683 5368 exstinctis,
715 5301 810 5357 sed
838 5302 1049 5357 tristitia
1075 5313 1129 5358 et
1156 5302 1349 5359 timore
1377 5304 1560 5357 oculos
1585 5302 1969 5359 oll‘uscantibus

378 5400 606 5446 vestros.
635 5390 703 5448 Ut
742 5391 898 5463 igitur
922 5402 975 5447 et
1013 5407 1110 5447 nos
1140 5393 1393 5463 majorem
1426 5394 1697 5463 capiamus
1724 5394 1966 5464 volupta-

378 5487 484 5535 tem
506 5523 520 5549 ,
553 5496 720 5552 pauca
743 5498 927 5538 eorum
954 5498 1070 5554 qua:
1102 5492 1225 5539 tunc
1252 5482 1559 5539 acciderunt
1583 5526 1598 5551 ,
1638 5500 1965 5540 commemo-

439 5641 459 5672 ί
490 5641 652 5712 Savil.,
697 5643 937 5712 acceperit
973 5644 1247 5712 naturalem
1273 5659 1374 5712 per
1409 5645 1723 5712 cognitionem
1754 5652 1965 5712 agendo-

371 5711 553 5817 ἲέιὲτὲαιῖι
575 5719 668 5757 non
711 5708 1045 5773 agendarum;
1080 5713 1127 5759 et
1162 5708 1226 5760 de
1252 5708 1485 5772 furandi
1504 5708 1845 5763 consuetudine
1874 5710 1968 5764 ωι-

2073 4492 2196 4533 rare
2223 4476 2365 4533 volo.
2399 4475 2467 4531 Et
2492 4475 2641 4531 vobis
2677 4474 2820 4531 enim
2850 4482 2905 4529 et
2939 4474 3172 4546 posteris
3209 4475 3457 4530 omnibus
3482 4474 3665 4530 utilem

2072 4568 2260 4624 horum
2292 4583 2413 4625 esse
2440 4569 2597 4624 video
2635 4567 2993 4622 narrationem
3021 4566 3306 4636 :quoniam
3341 4565 3489 4623 etde
3531 4582 3666 4622 nau-

2072 4659 2240 4730 fragio
2266 4662 2488 4714 servatis
2514 4657 2809 4730 jucundum
2848 4666 2931 4713 est
2958 4655 3212 4711 ﬂuctuum
3254 4657 3566 4714 meminisse
3611 4666 3671 4714 et

2072 4753 2403 4820 tempestatis
2431 4760 2487 4806 et
2509 4760 2784 4805 ventorum
2806 4792 2821 4817 ,
2868 4758 3145 4820 postquam
3176 4748 3228 4804 in
3257 4760 3467 4820 portum
3516 4751 3667 4806 navi-

2075 4842 2289 4913 garint;
2333 4852 2387 4896 et
2428 4841 2615 4895 morbo
2641 4840 2868 4895 detentis
2897 4850 3196 4911 pergratum
3212 4852 3292 4897 est
3316 4850 3433 4909 post
3447 4842 3667 4911 agritu-

2074 4934 2254 4990 dinem
2282 4932 2458 4989 febres
2484 4973 2497 4996 ,
2527 4948 2622 5002 per
2647 4947 2778 5003 quas
2817 4948 2953 5004 pene
2986 4931 3053 4988 ad
3097 4940 3323 4987 mortem
3361 4943 3665 4997 venerunt,

2071 5028 2192 5084 aliis
2220 5041 2458 5083 narrare.
2486 5024 2621 5082 Cum
2647 5027 2787 5082 enim
2816 5025 2994 5097 gravia
3022 5025 3395 5095 prteterierint,
3427 5025 3668 5093 volupta-

2074 5128 2179 5174 tem
2210 5117 2370 5197 habet
2409 5133 2593 5173 eorum
2623 5117 3081 5179 commemoratio.
3107 5116 3281 5171 anima
3309 5131 3415 5170 non
3441 5116 3667 5184 amplius

2074 5210 2434 5277 formidante,
2484 5211 2577 5267 sed
2632 5212 2891 5281 majorem
2945 5211 3188 5280 capiente
3232 5208 3662 5265 delectationem.

2073 5303 2468 5360 Praeteritorum
2520 5306 2661 5360 cnim
2708 5305 2966 5360 memoria
3009 5305 3267 5361 malorum
3292 5345 3308 5370 ,
3348 5314 3668 5374 praesentem

2073 5397 2505 5467 tranquillitatem
2533 5399 2832 5454 accuratius
2855 5399 3172 5469 gustandam
3202 5399 3435 5454 exhibet.

2145 5487 2492 5545 Cansternatio
2524 5491 2952 5545 Antioclienorum
2980 5491 3033 5544 in
3069 5491 3427 5561 perquisitiane
3461 5490 3526 5543 de
3555 5497 3668 5543 sta-

2075 5580 2173 5636 tuis
2194 5582 2397 5637 eversis.
2423 5581 2809 5652 —-Postquam
2854 5581 2997 5637 enim
3047 5581 3277 5636 civitatis
3316 5581 3490 5651 major
3544 5596 3667 5651 pars

2073 5687 2184 5743 pra:
2208 5673 2399 5729 timore
2432 5683 2487 5729 et
2512 5675 2926 5731 comminatione
2956 5675 3042 5731 illa
3067 5673 3131 5730 ad
3159 5674 3370 5730 deserta
3403 5683 3457 5730 et
3486 5672 3666 5731 fani-es

2075 5764 2336 5820 montium
2385 5773 2439 5820 et
2483 5766 2687 5823 occulta
2736 5765 2976 5823 locorum
3028 5764 3466 5832 transmigravit,
3516 5775 3668 5820 metu
