3920 6224
111 252 204 310 ίῖὕ

107 382 186 426 τες
214 362 289 427 ὡς
320 362 589 434 μηδεμιᾶς
620 363 999 436 ἀπολαύσομεν
1047 346 1399 437 συγγνώμης,
1426 368 1476 419 εί
1515 366 1654 436 μετά
1679 384 1778 435 φυ-

108 452 252 506 σικὸν
280 455 373 505 καὶ
398 453 641 522 γραπτὸν
663 452 846 523 νόμον,
875 454 971 507 καὶ
994 452 1341 508 διδασκαλίαν
1367 454 1654 525 τοσαύτην,
1684 455 1779 508 καὶ

109 540 300 611 συνεχῆ
320 540 657 611 παραίνεσιν,
696 541 796 610 τῆς
849 541 1123 612 ἡμετέρας
1176 541 1555 613 ἀμελήσαιμεν
1596 559 1777 613 σωτη-

110 629 251 699 ρίας.

173 715 522 786 ς⁸.Βούλομαι
538 711 631 769 οὖν
644 715 802 770 πάλιν
816 716 942 788 περὶ
957 714 1062 768 τῶν
1078 715 1253 785 ὅρκων
1266 716 1294 767 ύ
1304 718 1392 786 μῖν
1408 716 1777 787 διαλεχθῆναι,

108 804 426 875 αἰσχύνομαι
455 804 532 858 δέ.
577 804 731 874 Ἐμοὶ
757 805 854 874 μὲν
884 803 992 875 γὰρ
1020 804 1119 856 οὐκ
1149 803 1295 858 ἔστιν
1328 804 1562 875 ἐπαχθὲς
1588 806 1682 858 καὶ
1721 807 1779 858 ἐν

113 892 289 963 ἡμέρα
319 891 412 946 καὶ
449 893 506 944 ἐν
536 893 691 944 νυκτὶ
715 891 783 945 τά
825 890 964 944 αὐτὰ
1007 889 1141 961 πρὸς
1172 891 1316 960 ὑμᾶς
1345 891 1543 959 λέγειν,
1566 891 1780 945 δέδοικα

110 981 164 1034 δέ
192 978 265 1051 μὴ
292 979 391 1043 τὰς
418 978 617 1042 πολλὰς
644 976 847 1042 ταύτας
873 978 1084 1048 ἡμέρας
1110 977 1238 1047 ὑμῖν
1270 979 1777 1050 παρακολουθήσας,

113 1067 307 1138 πολλὴν
339 1066 488 1138 ὑμῶν
519 1065 773 1134 καταγνῶ
803 1078 828 1105 α
858 1065 1130 1136 ῥαθυμίαν
1163 1065 1291 1135 περὶ
1331 1066 1655 1136 πράγματος
1688 1066 1782 1121 οὖν

109 1172 213 1218 τως
236 1154 455 1207 εὐκόλου
474 1153 752 1225 διηνεκοῦς
772 1152 1038 1220 δεομένων
1063 1153 1440 1223 ὑπομνήσεως.
1465 1154 1578 1208 Οὐκ
1599 1155 1783 1225 αἰσχύ-

110 1259 267 1313 νομαι
292 1242 351 1296 δὲ
378 1242 559 1313 μόνον,
582 1240 719 1294 ἀλλά
741 1241 832 1293 καὶ
855 1240 1069 1293 δέδοικα
1100 1240 1230 1311 περὶ
1257 1241 1285 1292 ὑ
1294 1239 1409 1311 μῶν
1426 1258 1439 1270 ·
1469 1242 1502 1310 ή
1530 1241 1637 1311 γὰρ
1666 1259 1786 1297 συν-

110 1330 237 1400 εχὴς
260 1329 576 1384 διδασκαλία
607 1330 717 1392 τοῖς
747 1328 846 1399 μὲν
871 1328 1193 1399 προσέχουσι
1230 1329 1496 1400 σωτήριον
1526 1330 1619 1382 καὶ
1647 1331 1782 1402 χρή-

112 1435 285 1487 σιμον,
310 1420 423 1481 τοῖς
446 1417 502 1471 δὲ
524 1415 825 1487 ῥᾳθυμοῦσι
859 1413 1119 1485 βλαϐερὸν
1151 1416 1245 1468 καὶ
1285 1414 1641 1471 ἐπικίνδυνον.
1673 1419 1781 1471 Καὶ

107 1505 213 1577 γὰρ
244 1506 461 1577 ὅτῳπερ
498 1505 564 1560 ἄν
594 1521 679 1568 τις
722 1502 1010 1567 πλεονάκις
1045 1502 1274 1575 ἀκούσῃ,
1306 1503 1546 1574 τοσούτῳ
1581 1504 1781 1574 μᾶλλον

108 1593 404 1646 ἐπισπᾶται
436 1592 535 1663 τὴν
576 1591 798 1645 κόλασιν
843 1591 923 1662 μὴν
955 1589 1125 1644 ποιῶν
1169 1591 1239 1645 τὰ
1281 1591 1572 1663 λεγόμενα.
1613 1592 1782 1646 Τοῦτο

107 1679 237 1746 γοῦν
257 1680 350 1732 καὶ
385 1678 660 1742 Ἰουδαίοις
681 1678 957 1742 ὀνειδίζων
977 1677 1165 1746 ἔλεγεν
1184 1679 1212 1731 6
1234 1678 1365 1742 Θεός
1386 1694 1399 1706 '
1436 1678 1782 1735 Ἀπέστειλα

104 1766 249 1832 τοὺς
278 1765 588 1835 προφήτας
607 1783 726 1836 μου
757 1763 1059 1833 ὀρθρίζων,
1100 1764 1199 1818 καὶ
1222 1764 1641 1830 ἀποστέλλων,
1679 1768 1779 1821 καὶ

106 1853 250 1909 οὐδὲ
274 1854 462 1920 οὕτως
489 1854 910 1922 εὶσηκούσατε.
929 1853 1120 1923 Ἡμεῖς
1163 1853 1262 1924 μὲν
1302 1849 1395 1906 οῦν
1441 1854 1549 1907 ἀπὸ
1582 1855 1782 1926 πολλῆς

106 1941 433 2013 κηδεμονίας
459 1941 617 1995 τοῦτο
637 1941 918 2012 ποιοῦμεν,
941 1941 1260 2012 δεδοίκαμεν
1292 1941 1349 1994 δὲ
1366 1942 1393 1982 b
1418 1942 1492 2013 μὴ
1520 1943 1663 1997 κατὰ
1683 1946 1783 2014 τὴν

105 2030 320 2102 ἡμέραν
351 2031 564 2102 ἐκείνην
591 2031 692 2103 τήν
723 2030 963 2102 φοϐερὰν
992 2033 1358 2102 ἀντικαταστῇ
1401 2034 1566 2086 πᾶσιν
1594 2033 1721 2104 ὑμῖν
1748 2037 1782 2106 ἡ

106 2118 425 2189 παραίνεσις
454 2117 589 2190 αῦτη
611 2117 763 2190 [152]
782 2119 931 2190 καὶὴ
966 2119 1262 2191 συμϐουλή.
1277 2121 1442 2173 Ὅταν
1465 2120 1574 2192 γὰρ
1606 2121 1700 2174 καὶ
1724 2122 1785 2175 τὸ

107 2204 438 2275 κατόρθωμα
462 2205 681 2260 εὔκολον
698 2201 756 2279 ᾖ,
782 2206 875 2259 καί¹
900 2208 929 2260 6
956 2205 1195 2276 συνεχῶς
1230 2207 1661 2277 ὑπομιμνήσκων
1707 2209 1782 2279 μὴ

106 2292 465 2364 διαλιμπάνῃ,
496 2293 655 2348 ποίαν
683 2294 878 2365 ἕξομεν
917 2294 1215 2362 ἀπολογίαν
1240 2295 1498 2364 είπείν;ἢ
1526 2294 1607 2357 τίς
1635 2297 1784 2366 ἡμᾶς

106 2377 457 2451 ἐξαιρήσεται
481 2381 580 2452 τῆς
613 2381 889 2445 κολάσεως
917 2381 1106 2450 λόγος;
1138 2380 1275 2435 Εἰπὲ
1304 2382 1413 2453 γάρ
1453 2400 1564 2453 μοι,
1594 2382 1659 2436 ἂν
1684 2385 1777 2453 ἀρ-

108 2466 301 2538 γύριόν
355 2485 437 2522 σοι
482 2468 924 2541 χρεωστούμενον
961 2467 1120 2540 τύχῃ,
1156 2469 1257 2522 οὐκ
1283 2470 1369 2522 ἀεὶ
1405 2470 1784 2539 συντυγχάνων

105 2554 186 2623 τῷ
232 2554 505 2623 ὀφείλοντι
555 2555 995 2627 ἀναμιμνήσκεις
1045 2555 1208 2609 αὐτὸν
1256 2556 1352 2608 τοῦ
1389 2556 1781 2626 δανείσματος;

106 2642 281 2696 Τοῦτο
301 2643 396 2696 καὶ
424 2644 489 2697 σὺ
511 2642 758 2713 ποίησον,
786 2643 880 2698 καὶ
904 2643 1132 2706 ἕκαστος
1155 2643 1422 2713 νομιζέτω
1444 2643 1533 2696 τὸν
1557 2642 1785 2713 πλησίον

107 2727 375 2801 ἀργύριον
425 2728 658 2799 ὀφείλειν
703 2730 873 2801 αὐτῷ,
906 2731 1003 2802 τὴν
1052 2730 1398 2802 ἐκπλήρωσιν
1433 2731 1531 2801 τῆς
1565 2730 1785 2801 ἐντολῆς

106 2816 335 2886 ταύτης,
368 2819 459 2870 καὶ
490 2817 747 2872 ἀπαντῶν
777 2819 920 2885 ὑπὲρ
959 2818 1049 2888 τῆς
1072 2818 1335 2881 ἐκτίσεως
1381 2818 1544 2871 αὐτὸν
1589 2820 1786 2888 ἀναμι-

111 2906 429 2975 μνησκέτω,
461 2906 616 2971 εἰδὼς
642 2907 717 2970 ὡς
743 2907 804 2960 οὐ
841 2905 1037 2978 μικρὸς
1064 2908 1195 2977 ἡμῖν
1225 2906 1511 2960 ἀπόκειται
1545 2906 1786 2968 κίνδυνος

107 2991 219 3045 τῶν
244 2992 493 3062 ἀδελφῶν
523 2995 623 3048 ούκ
646 2994 1114 3066 ἐπιμελουμένοις.
1145 2994 1243 3049 Διά
1288 2993 1445 3047 τοῦτο
1472 2994 1565 3048 καὶ
1588 2993 1698 3062 ἐγὼ
1718 2993 1791 3046 τά

110 3078 254 3133 αύτά
281 3079 456 3148 λέγων
488 3081 548 3134 ού
584 3081 830 3152 παύομαι
847 3098 859 3113 ⁸
890 3082 1104 3136 δέδοικα
1131 3083 1240 3153 γὰρ
1269 3082 1480 3153 μήποτε
1508 3083 1624 3136 κατ’
1648 3082 1791 3135 ἐκεί-

110 3182 209 3235 νην
261 3165 480 3220 ἀκούσω
528 3167 626 3239 τὴν
669 3170 911 3241 ἡμέραν·
942 3169 1177 3237 Πονηρὲ
1206 3166 1392 3222 δοῦλε
1416 3167 1516 3222 καί
1549 3168 1786 3236 ὀκνηρέ,

113 3252 239 3306 ἔδει
278 3269 353 3308 σε
392 3256 755 3310 καταϐαλεῖν
779 3256 845 3310 τὸ
874 3256 1160 3326 ἀργύριόν
1179 3272 1300 3326 μου
1343 3256 1442 3309 ἐπὶ
1484 3255 1627 3320 τοὺς
1656 3273 1795 3323 τρα-

115 3340 374 3408 πεζίτας.
392 3343 523 3397 Ἰδοὺ
554 3343 688 3412 γοῦν
719 3343 1017 3399 κατέϐαλον
1044 3343 1142 3413 οὐχ
1172 3342 1339 3410 ἅπαξ,
1375 3343 1497 3396 οὐδὲ
1525 3344 1629 3409 δὶς,
1664 3343 1800 3398 ἀλλά

116 3427 412 3494 πολλάκιςι
440 3430 594 3501 ὑμῶν
627 3433 742 3485 ἐστι
775 3430 961 3485 λοιπὸν
984 3431 1077 3485 τὸν
1101 3430 1259 3484 τόκον
1285 3430 1679 3496 ἐπιδείξασθαι·
1712 3432 1801 3484 τό-

116 3530 212 3579 κος
250 3515 309 3569 δὲ
347 3517 685 3588 ἀκροάσεως,
715 3521 749 3592 ή
781 3519 870 3575 διὰ
901 3518 1011 3574 τῶν
1042 3518 1220 3591 ἔργων
1247 3517 1540 3584 ἐπίδειξις·
1569 3519 1797 3589 καὶγὰρ

180 3671 199 3739 ξ
225 3674 332 3739 Alii
361 3678 745 3739 καταγνώσωμαι

178 3732 211 3774 1)
232 3735 334 3784 Alii
359 3732 551 3786 δέδοικα
585 3740 654 3788 δέ.

1150 250 1243 309 ΑΙ)
1277 249 1608 308 POPULUM
1642 248 2147 308 ANTIOCHENUM
2188 247 2423 307 IIOMIL.
2457 249 2602 307 XIII.

3456 251 3562 311 {56

1882 365 2186 421 Δεσποτικὲι
2212 366 2279 420 τά
2305 366 2774 438 καταϐαλλόμενα.
2796 363 2888 438 Μή
2907 364 3085 419 τοίνυν
3110 381 3215 435 παρ
3231 363 3403 436 ἐργως
3429 362 3563 423 ὐπο-

1880 454 2183 525 δεξὼμεθα,
2218 454 2355 509 ἀλλά
2389 455 2529 525 μετά
2563 452 2849 527 ἀκριϐείας
2875 453 3196 523 κατέχωμεν
3238 454 3336 524 τὴν
3382 467 3565 524 παρα-

1882 544 2223 613 καταθήκην,
2255 544 2342 597 ἵνα
2375 543 2513 614 μετά
2544 543 2746 613 πολλῆς
2787 543 2889 613 τῆς
2934 542 3196 612 ἐργασίας
3234 542 3404 612 αὐτὴν
3431 544 3564 597 ἀπο-

1881 628 2060 701 δῶμεν
2089 630 2231 684 κατά
2259 630 2356 700 τὴν
2386 630 2601 701 ἡμέραν
2628 631 2863 700 ἐκείνην.
2884 630 3007 683 Ἐὰν
3047 630 3156 698 γὰρ
3198 632 3270 700 μὴ
3312 630 3409 683 καὶ
3440 629 3560 682 ἑτέ-

1887 734 2011 789 ρους
2039 719 2119 782 εἰς
2144 719 2206 770 τὸ
2228 718 2360 771 αὐτὸ
2392 719 2667 789 ἐναγάγῃς
2693 717 3051 788 κατόρθωμα,
3082 717 3289 789 ἀκούσῃ
3318 718 3414 787 τῆς
3446 734 3564 786 φω-

1882 806 1980 875 νῆς
2009 804 2226 875 ἐκείνης
2256 801 2324 876 ῆς
2350 805 2583 875 ἡκουσεν
2613 807 2641 857 6
2669 805 2726 857 τὸ
2768 804 3030 858 τάλαντον
3060 805 3384 877 κατορύξας.
3402 803 3565 857 Ἀλλά

1886 893 1961 963 μὴ
2007 892 2217 961 γένοιτο
2245 891 2470 962 ταύτης,
2497 891 2634 945 ἀλλά
2659 892 2758 962 τῆς
2788 892 2953 962 ἄλλης
2988 893 3131 962 ὑμᾶς
3169 894 3399 947 ἀκοῦσαι
3446 909 3561 960 φω-

1882 980 1983 1049 νῆς
2012 980 2080 1051 ἡν
2104 978 2241 1051 πρὸς
2265 979 2360 1033 τὸν
2390 980 2766 1051 ἐργασάμενον
2792 980 2974 1050 ἀφῆκε
3005 979 3182 1047 λέγων
3226 982 3254 1032 6
3291 978 3523 1050 Χριστός
3545 996 3560 1010 ο

1882 1063 1993 1133 Εὖ,
2025 1066 2211 1121 δοῦλε
2260 1066 2446 1136 ἀγαθέ
2487 1067 2587 1121 καὶ
2637 1067 2833 1131 πιστὲ,
2868 1068 2967 1121 ἐπὶ
3014 1067 3188 1136 ὀλίγα
3217 1063 3293 1136 ἧς
3326 1067 3565 1134 πιστὸς,

1883 1154 1985 1207 ἐπὶ
2029 1153 2281 1209 πολλῶν
2333 1170 2407 1208 σε
2455 1154 2836 1222 καταστήσω.
2879 1154 3095 1225 Ταύτης
3132 1155 3189 1209 δὲ
3219 1154 3568 1224 ἀκουσόμεθα

1881 1243 1984 1312 τῆς
2014 1243 2218 1313 φωνῆς,
2247 1243 2314 1296 ἂν
2344 1243 2441 1313 τὴν
2465 1243 2635 1314 αὐτὴν
2664 1243 2859 1312 ἐκείνῳ
2884 1245 3119 1314 σπουδὴν
3152 1240 3562 1311 ἐπιδειξώμεθα·

1884 1329 1982 1400 τὴν
2009 1330 2181 1401 αὐτὴν
2224 1330 2281 1382 δὲ
2331 1330 2713 1401 ἐπιδειξόμεθα
2761 1331 3017 1402 σπουδὴν,
3048 1331 3143 1384 ἐὰν
3174 1330 3332 1384 τοῦτο
3360 1330 3390 1383 ὃ
3423 1329 3570 1397 λέγω

1885 1419 2356 1489 ποιήσωμεν.¹Ἐτι
2387 1417 2601 1489 θερμῆς
2632 1417 2799 1487 οὔσης
2832 1420 2930 1490 τῆς
2965 1420 3283 1490 ἀκροάσεως
3326 1420 3382 1479 ἐν
3415 1419 3567 1486 ὑμῖν,

1886 1505 2192 1572 ἐξελθόντες
2219 1505 2663 1577 παρακελεύεσθε
2695 1506 2965 1576 ἀλλήλοις,
2998 1507 3092 1561 καὶ
3115 1506 3366 1576 καθάπερ
3386 1517 3409 1546 ε
3438 1505 3570 1559 ἐκαι-

1888 1609 2012 1654 στος
2040 1593 2178 1660 μετά
2202 1592 2574 1664 προσηγορίας
2596 1592 2899 1658 διαλύεσθε,
2935 1592 3078 1646 οὕτω
3108 1594 3246 1663 μετά
3287 1610 3573 1664 παραγγε-

1889 1677 2007 1742 λίας
2036 1679 2263 1742 ἕκαστος
2293 1680 2476 1739 οἴκαδε
2521 1682 2895 1752 ἀναχωρείτω,
2934 1683 3029 1734 καὶ
3056 1681 3135 1751 τῷ
3161 1682 3387 1752 πλησίον
3415 1680 3572 1749 λεγέ-

1888 1783 1967 1818 τω
1985 1781 1999 1794 ·
2031 1766 2232 1820 Σκόπει
2264 1770 2357 1820 καὶ¹
2388 1768 2634 1838 μέμνησο
2661 1769 2807 1832 ὅπως
2833 1769 3074 1842 φυλάξῃς
3094 1769 3191 1840 τὴν
3216 1768 3457 1839 ἐντολὴν,
3476 1769 3574 1822 καὶ

1892 1853 2108 1917 πάντως
2155 1854 2542 1926 περιεσὸμεθα.
2570 1856 2739 1909 Ὅταν
2793 1855 2902 1927 γὰρ
2956 1856 3100 1923 φίλοι
3158 1857 3573 1926 παραπέμπωσι

1895 1941 2034 2010 μετά
2078 1941 2336 2012 τοιαύτης
2385 1942 2715 2013 συμϐουλῆς,
2754 1944 2847 1996 καὶ
2881 1942 3019 1996 οἶκοι
3051 1944 3341 2011 γενόμενον
3369 1944 3402 2013 ἡ
3437 1942 3577 2014 γυνὴ

1891 2027 2052 2083 πάλιν
2077 2030 2144 2082 τά
2181 2030 2322 2083 αύτά
2349 2031 2764 2103 ἀναμιμνήσκῃ,
2808 2032 2901 2083 καὶ
2948 2030 3143 2100 μόνους
3172 2030 3331 2094 ὄντας
3361 2032 3391 2083 6
3418 2031 3576 2099 λόγος

1890 2117 1919 2169 6
1943 2115 2215 2186 ἡμέτερος
2239 2117 2464 2189 κατέχῃ,
2491 2119 2702 2186 ταχέως
2727 2118 3181 2188 ἀποκρουσόμεθα
3207 2120 3304 2190 τὴν
3334 2120 3574 2189 πονηρὰν

1895 2203 2186 2274 συνήθειαν
2216 2203 2442 2275 ταύτην.
2474 2201 2601 2258 Οἶδα
2638 2205 2735 2274 μὲν
2765 2205 2846 2257 ὅτι
2879 2203 3191 2274 θαυμάζετε
3218 2206 3362 2269 τίνος
3390 2207 3579 2260 ἕνεκεν

1891 2291 2158 2362 τοσαύτην
2198 2292 2339 2365 ὑπὲρ
2377 2293 2476 2362 τῆς
2523 2291 2743 2361 ἐντολῆς
2774 2293 2979 2363 ταύτης
3008 2293 3262 2363 ποιοῦμαι
3295 2294 3530 2365 σπουδήν
3555 2309 3572 2325 ·

1893 2378 2279 2448 κατορθώσατε
2309 2379 2367 2433 δέ
2400 2379 2461 2432 τὸ
2502 2379 2815 2449 ἐπιταχθὲν,
2845 2380 2938 2432 καὶ
2970 2381 3092 2433 τότε
3120 2383 3249 2451 ἐρῶ,
3277 2382 3426 2445 Τέως
3476 2382 3576 2452 μὲν

1892 2466 2000 2537 γὰρ
2032 2468 2211 2520 ἐκεῖνο
2238 2466 2402 2534 λέγω,
2430 2467 2512 2519 ὅτι
2538 2466 2700 2536 νόμος
2734 2468 2852 2520 ἐστὶ
2894 2466 3037 2530 θεῖος
3067 2468 3128 2520 τὸ
3157 2469 3438 2539 ἐπίταγμα
3461 2467 3587 2522 τοῦ-Δ

1891 2570 1974 2619 το,
2014 2554 2109 2606 καὶ
2139 2553 2453 2625 παραϐῆναι
2489 2554 2652 2607 αὑτὸν
2681 2555 2781 2607 οὐκ
2807 2554 3048 2621 ἀσφαλές
3069 2570 3081 2583 ·
3112 2557 3208 2610 ἐὰν
3237 2556 3294 2608 δέ
3324 2556 3417 2610 ίδω
3444 2573 3579 2610 κατ-

1893 2640 2150 2712 ορθωθέν,
2177 2641 2271 2693 καὶ
2300 2642 2494 2712 ἑτέραν
2522 2643 2651 2711 ὑμῖν
2684 2642 2865 2695 αἰτίαν
2894 2643 3005 2712 ἐρῶ
3029 2643 3129 2696 οὐκ
3158 2645 3412 2698 ἐλάττονα
3444 2644 3581 2698 ταύ-

1893 2742 2015 2795 της,
2052 2724 2140 2777 ἴνα
2186 2724 2393 2796 μάθητε
2427 2726 2508 2778 ὅτι
2551 2724 2774 2787 δικαίως
2815 2725 3087 2795 τοσαύτην
3123 2727 3264 2797 ὑπὲρ
3289 2726 3382 2781 τοῦ
3413 2727 3577 2797 νόμου

1894 2808 2083 2859 τούτου
2107 2807 2366 2876 ποιοῦμαι
2383 2806 2410 2847 ἀ
2437 2808 2676 2877 σπουδήν
2696 2823 2708 2835 ·
2738 2807 2857 2878 ὥρα
2886 2807 2944 2859 δὲ
2973 2808 3158 2861 λοιπὸν
3181 2811 3261 2872 είς
3288 2810 3454 2879 εὐχὴν
3477 2825 3579 2861 κα-

1893 2890 2123 2945 ταλῦσαι
2144 2892 2235 2944 τὸν
2267 2891 2441 2962 λόγρν.
2459 2893 2625 2962 Κοινῇ
2645 2893 2823 2945 τοίνυν
2844 2893 3045 2954 πάντες
3068 2890 3310 2962 εἴπωμεν
3325 2908 3338 2920 ’
3372 2894 3428 2945 '0
3447 2893 3580 2957 Θεὸς

1891 2970 1920 3022 6
1957 2970 2031 3040 μὴ
2058 2968 2227 3023 θέλων
2255 2946 2720 3024 τὸνθᾶνατοίτοῦ
2747 2946 3101 3042 ἀμαρτωλοῦ,
3131 2946 3294 3034 ὡς’τὸ
3321 2946 3580 3042 ἐπιστρέ;

1893 3053 1992 3122 ψαι
2024 3052 2188 3105 αὑτὸν
2216 3053 2308 3104 καὶ
2338 3053 2460 3122 ζῇν,
2494 3054 2588 3106 καὶ
2616 3053 2805 3107 τοῦτον
2852 3056 2946 3108 καὶ
2973 3056 3100 3119 τοὺς
3138 3055 3355 3119 λοιποὺς
3386 3057 3581 3127 νόμους

1898 3133 2145 3193 ἅπαντας
2172 3128 2507 3194 καταξίωσον
2534 3132 2680 3201 ἡμᾶς
2711 3131 3098 3199 ἐξανύσαντας,
3135 3134 3276 3186 οὕτω
3300 3135 3582 3206 παραστῆ-

1898 3228 1989 3267 ναι
2029 3212 2106 3282 τῷ
2135 3212 2339 3283 βήματι
2371 3211 2464 3264 τοῦ
2499 3211 2736 3283 Χριστοῦ
2770 3229 2885 3274 σου,
2917 3213 3002 3266 ἵνα
3038 3217 3353 3286 παρρησίας
3382 3215 3582 3287 πολλῆς

1900 3290 2329 3357 ἀπολαύσαντες,
2355 3292 2456 3361 τῆς
2485 3290 2764 3361 βασιλείας
2793 3290 3141 3362 ἐπιτύχωμεν
3175 3295 3255 3355 είς
3279 3294 3434 3358 δόξαν
3461 3295 3578 3364 σὴν,

1900 3373 1983 3425 ὃτι
2011 3374 2095 3425 σοὶ
2122 3372 2322 3442 πρέπει
2354 3372 2503 3436 δόξα,
2529 3372 2645 3442 ἅμα
2672 3370 2750 3441 τῷ
2777 3375 3057 3442 μονογενεῖ
3087 3389 3180 3424 σου
3216 3374 3368 3426 Παιδί
3395 3373 3488 3425 καὶ
3506 3373 3583 3441 τῷ

1901 3453 2040 3521 ἁγίῳ
2086 3453 2387 3522 Πνεύματι,
2424 3454 2522 3506 νῦν
2571 3452 2666 3506 καὶ
2711 3453 2817 3516 ἀεὶ,
2843 3453 2937 3505 καὶ
2970 3454 3050 3516 είς
3075 3454 3200 3517 τοὺς
3238 3454 3440 3518 αίῶνας
3474 3454 3584 3508 τῶν

1901 3534 2137 3591 αἰώνων.
2158 3536 2353 3607 Ἀμήν.

1966 3684 1991 3745 ‘_
2026 3681 2122 3745 AAIiri
2145 3681 2226 3729 καὶ
2249 3682 2411 3745 ὥσπερ
2434 3681 2649 3739 ἕκαστος.

1968 3741 1995 3781 (ι
2019 3743 2117 3790 Alii
2140 3741 2426 3805 πεποίημαι.

121 3987 276 4061 1155]
306 3990 675 4059 Εὑχαριστία
728 3992 816 4047 ἔτι
842 3994 993 4062 πρὸς
1036 3993 1144 4047 τὸν
1168 3993 1317 4047 Θεὸν
1353 3992 1480 4062 περὶ
1511 3992 1624 4064 τῆς
1667 3991 2009 4062 μεταϐολῆς
2056 3991 2177 4047 τῶν
2207 3992 2582 4061 σκυθρωπῶν
2603 4010 2621 4027 ο
2664 3994 2762 4048 καὶ
2803 3993 3150 4063 ἀνάμνησις
3191 3992 3309 4047 τῶν
3339 3992 3438 4051 διὰ
3472 3990 3589 4064 τὴν

190 4080 417 4137 στάσιν
460 4081 863 4152 διασυρέντων
903 4084 1001 4138 καὶ
1032 4085 1505 4153 τιμωρηθὼδτωνο
1551 4085 1766 4153 ὁμοίως
1794 4083 1864 4137 δὲ
1900 4084 2087 4139 πάλιν
2100 4083 2391 4163 ἐξήγησις
2413 4086 2545 4153 περὶ
2569 4087 2681 4151 τῆς
2696 4086 2803 4139 τοῦ
2826 4084 3143 4153 ἀνθρώπου
3160 4085 3576 4157 δημιουργίας,

189 4173 291 4226 καὶ
324 4171 414 4227 ὅτι
455 4175 723 4243 φυσικὸν
758 4176 947 4247 νόμον
977 4174 1254 4242 ἐδέξατο·
1307 4176 1409 4231 καί
1456 4176 1590 4245 περὶ
1636 4176 1744 4231 τοῦ
1777 4176 2020 4242 τελείως
2056 4176 2430 4244 κατορθῶσαι
2467 4177 2531 4231 τὸ
2556 4177 2642 4246 μὴ
2676 4178 2920 4248 ὀμνύειν
2952 4188 3001 4233 ι.

204 4492 207 4495 ν
795 4422 1018 4492 Ὁμιλία
1047 4427 1145 4491 ιγ’.
1711 4483 1713 4485 ι

194 4534 269 4583 α’.
286 4528 423 4581 Ἀπὸ
436 4528 536 4599 τῆς
567 4528 735 4599 αὐτῆς
757 4528 930 4599 ἀρχῆς
956 4526 1049 4580 καὶ
1063 4524 1172 4579 τῶν
1190 4522 1373 4578 αὐτῶν
1390 4523 1716 4595 προοιμίων,
1730 4517 1807 4579 ὧν

121 4617 254 4687 χθὲς
286 4616 383 4668 καὶ
407 4615 514 4687 πρὸ
546 4615 761 4687 ἐκείνης
792 4615 1069 4687 ἠρξάμην,
1105 4613 1202 4667 καὶ
1250 4615 1489 4684 σήμερον
1534 4611 1803 4683 ἄρξομαι·

121 4703 238 4776 ἐρῶ
269 4703 367 4757 καὶ
401 4702 528 4755 νῦν·
561 4703 867 4774 Εὐλογητὸς
897 4704 926 4756 6
957 4701 1109 4763 Θεός.
1138 4700 1269 4754 οἵαν
1301 4698 1398 4769 τὴν
1427 4699 1806 4768 παρελθοῦσαν

123 4794 342 4864 εἴδομεν
376 4793 628 4864 τετράδα,
659 4793 755 4846 καλ¹
796 4792 911 4845 οἷαν
952 4791 1052 4863 τὴν
1083 4789 1364 4862 παροῦσαν
1413 4788 1629 4859 ὁρῶμεν
1676 4789 1810 4857 νῦν;

124 4881 297 4944 πόσος
326 4883 384 4932 ἐν
419 4880 604 4951 ἐκείνῃ
634 4881 794 4949 ζόφος
826 4881 947 4933 τότε
987 4877 1093 4952 ῆνς
1123 4879 1262 4949 πόση
1306 4876 1445 4930 κατά
1476 4876 1573 4948 τὴν
1606 4877 1813 4949 παροῦ-

124 4984 230 5025 σαν
282 4967 491 5039 γαλήνη
526 4968 654 5033 νῦν;
690 4969 845 5023 Κατά
873 4970 972 5040 τὴν
1007 4968 1220 5039 ἡμέραν
1249 4966 1454 5034 ταύτην
1486 4966 1547 5018 τὸ
1580 4965 1813 5037 φοϐερὸν

124 5058 307 5109 ἐκεῖνο
329 5055 553 5124 γέγονεν
581 5058 639 5111 ἐν
666 5060 734 5128 τῇ
754 5056 907 5109 πόλει
936 5056 1306 5126 δικαστήριον,
1334 5054 1430 5107 καὶ
1458 5052 1557 5116 τὰς
1585 5053 1813 5123 καρδίας

123 5142 389 5195 ἁπάντων
425 5140 679 5206 διέσεισε,
710 5143 804 5195 καὶ
845 5143 1041 5205 νυκτὸς
1078 5141 1228 5194 οὐδὲν
1256 5139 1480 5210 ἄμεινον
1508 5139 1812 5192 διακεῖσθαι

124 5229 357 5299 ἐποίησε
384 5229 486 5300 τὴν
523 5231 759 5301 ἡμέραν,
798 5230 859 5283 οὐ
905 5230 1008 5299 τῆς
1054 5230 1271 5291 ἀκτῖνος
1303 5225 1644 5298 σϐεσθείσης,
1677 5226 1814 5281 ἀλλά

126 5318 226 5389 τῆς
279 5317 519 5388 ἀθυμίας
564 5318 658 5372 καὶ
704 5317 798 5371 τοῦ
844 5318 1012 5388 φόϐου
1072 5317 1444 5387 πηρωσάντων
1493 5315 1647 5384 ὑμῶν
1689 5317 1813 5379 τοὺς

128 5404 568 5475 ἀφθαλμούς.”1ν’
594 5400 688 5459 οὖν
720 5406 815 5459 καὶ
846 5407 1007 5475 ἡμεῖς
1032 5404 1250 5456 πλείονα
1271 5400 1696 5473 καρπωσώμεθα
1714 5403 1812 5473 τὴν

128 5492 347 5562 ἡδονὴν,
384 5491 556 5564 μικρὰ
581 5492 688 5545 τῶν
716 5494 835 5547 τότε
877 5492 1201 5563 συμϐάντων
1229 5488 1591 5560 διηγήσασθαι
1625 5488 1812 5560 βούλο-

133 5598 253 5646 μαι.
288 5580 401 5633 Καὶ
437 5583 545 5651 γὰρ
591 5582 686 5635 καὶ
729 5582 856 5652 ὑμῖν
905 5582 1000 5635 καὶ
1044 5582 1158 5642 τοῖς
1210 5577 1599 5648 γενησομένοις
1641 5576 1811 5631 ἅπασι

133 5666 411 5738 χρησίμην
434 5668 546 5740 ὁρῶ
569 5670 668 5740 τὴν
697 5669 898 5722 τούτων
921 5668 1170 5741 διήγησιν
1199 5661 1363 5733 οὖσαν
1389 5682 1402 5695 ·
1433 5666 1554 5718 ἐπεὶ
1581 5666 1674 5718 καὶ
1699 5668 1812 5730 τοῖς

190 5788 213 5815 ⁸
246 5783 401 5840 ελέίι.
429 5792 627 5847 ἐδέξατο
652 5792 731 5854 διά
752 5798 836 5850 τῆς
864 5793 1086 5852 γνώσεως
1114 5790 1212 5854 τῶν
1229 5788 1496 5854 πρακτέων,
1520 5788 1602 5837 καὶ
1632 5790 1727 5838 τῶν
1754 5788 1809 5837 οὐ

130 5854 412 5919 πρακτέων,
427 5855 630 5918 καὶπερὶ
653 5852 737 5902 τοῦ
759 5849 1060 5918 κατορθῶσαι
1081 5852 1135 5900 τὸ
1157 5852 1234 5918 μὴ
1250 5849 1453 5916 ὀμνύειν.

1913 4428 1979 4479 ἐκ
2011 4425 2274 4494 ναυαγίου
2303 4425 2647 4479 διασωθεῖσιν
2684 4421 2787 4496 ἡδὺ
2829 4425 2937 4478 τῶν
2984 4428 3245 4496 κυμάτων
3282 4426 3593 4497 μεμνῆσθαι

1912 4515 2007 4568 καὶ
2040 4514 2142 4584 τῆς
2171 4513 2339 4585 ζάλης
2372 4513 2597 4566 καὶτῶν
2637 4512 2877 4580 ἀνέμων,
2904 4513 3125 4566 ἐπειδὰν
3150 4516 3230 4576 είς
3267 4513 3463 4584 λιμένα
3488 4529 3592 4566 κα·

1910 4601 2287 4655 ταπλεύσωσι·
2317 4602 2409 4655 καὶ
2446 4603 2560 4664 τοῖς
2611 4600 2894 4672 ἀρρωστία
2935 4599 3294 4671 περιπεσοῦσι
3345 4600 3593 4654 ποθεινὸν

1913 4689 2051 4759 μετά
2075 4688 2175 4759 τὴν
2206 4688 2517 4760 ἀρρωστίαν
2540 4688 2667 4750 τοὺς
2689 4687 2978 4758 πυρετοὺς,
3007 4687 3073 4740 δι’
3099 4688 3190 4749 οὓς
3214 4687 3365 4758 παρά
3397 4687 3597 4757 μικρὸν

1907 4772 2070 4847 ἦλθον
2126 4776 2437 4842 ἀποθανεῖν,
2472 4775 2778 4847 διηγεῖσθαι
2821 4776 2958 4847 πρὸς
3003 4775 3241 4847 ἐτέρους.
3268 4777 3435 4829 Ὅταν
3480 4774 3597 4845 γὰρ

1911 4863 2158 4937 παρέλθῃ
2202 4867 2271 4919 τά
2307 4864 2473 4929 δεινὰ,
2502 4864 2696 4936 ἡδονήν
2747 4862 2861 4934 ἔχει
2905 4862 3014 4915 τῶν
3036 4862 3220 4916 δεινῶν
3249 4866 3281 4934 ή
3311 4863 3591 4935 διήγησις,

1908 4954 2009 5024 τῆς
2034 4954 2215 5024 ψυχῆς
2253 4954 2354 5006 οὐκ
2393 4954 2473 5004 ἑτι
2503 4951 2827 5015 δεδοικυίας,
2866 4950 2999 5004 ἀλλά
3051 4951 3150 5004 καὶ
3194 4951 3417 5020 μείζονα
3459 4965 3595 5018 καρο

1912 5041 2192 5111 πουμένης
2214 5039 2313 5112 τὴν
2341 5037 2696 5111 εὐφροσύνην.
2716 5039 2781 5091 Ἦ
2811 5037 2920 5109 γὰρ
2941 5038 3051 5091 τῶν
3087 5037 3465 5110 παρελθόντων
3492 5052 3592 5089 κα-

1912 5129 2024 5183 κῶν
2060 5131 2248 5199 μνήμη
2275 5130 2362 5181 ἀεὶ
2384 5129 2484 5198 τὴν
2515 5126 2820 5181 ἐνεστῶσαν
2864 5127 3161 5197 εὐημερίαν
3204 5124 3596 5197 ἀκριϐέστερον

1910 5218 2141 5290 ὁρᾶσθαι
2170 5219 2334 5270 ποιεί.

1997 5306 2215 5377 Ἐπειδὴ
2269 5306 2378 5376 γὰρ
2416 5305 2478 5358 τὸ
2536 5306 2634 5378 μὲν
2699 5303 2863 5357 πλέον
2919 5305 3019 5375 τῆς
3084 5303 3291 5363 πόλεως
3334 5299 3444 5354 ἀπὺ
3494 5302 3597 5357 τοῦ

1914 5397 2079 5465 φόϐου
2128 5395 2225 5450 καὶ
2277 5397 2378 5465 τῆς
2425 5393 2655 5462 ἀπειλῆς
2718 5392 2934 5461 ἐκείνης
2997 5392 3133 5462 πρὸς
3186 5389 3286 5450 τὰς
3349 5388 3604 5459 ἐρήμους

1912 5486 2008 5540 καὶ
2033 5485 2133 5547 τὰς
2160 5484 2454 5555 φάραγγας
2487 5484 2581 5535 καὶ
2611 5482 2737 5544 τοὺς
2762 5479 3121 5539 λανθάνοντας
3149 5475 3454 5546 μετῴκιστο
3497 5475 3590 5529 τό·

1914 5589 2071 5637 παυς,
2104 5572 2198 5626 τοῦ
2228 5572 2393 5640 φόϐου
2420 5569 2682 5623 πάντοθεν
2706 5568 2904 5628 αὐτοὺς
2928 5563 3364 5628 συνελαύνοντοςν
3386 5565 3481 5617 καὶ
3501 5581 3595 5617 κε⁶

1912 5663 2002 5714 ναὶ
2038 5661 2135 5732 μὲν
2168 5656 2310 5729 ἦσαν
2337 5659 2612 5726 γυναικῶν
2642 5659 2697 5709 αἱ
2721 5656 2912 5717 οἰκίαι,
2932 5652 3065 5724 κενὴ
3090 5653 3147 5705 δὲ
3173 5651 3383 5725 ἀνδρῶν
3407 5655 3440 5725 ἡ
3465 5654 3593 5721 ἀγο-

1915 5748 2004 5821 ρά,
2042 5748 2192 5818 μόλις
2224 5747 2285 5799 ’δὲ
2308 5746 2400 5801 δύο
2424 5744 2456 5814 ἢ
2482 5747 2627 5814 τρεῖς
2661 5740 2968 5812 βαδίζοντες
2988 5743 3044 5797 ἐν
3072 5740 3150 5811 τῷ
3180 5741 3330 5812 μέσῳ
3359 5742 3477 5810 μετ’
3498 5741 3591 5794 ἀλα

1912 5836 2087 5908 λὴλων
2112 5833 2417 5903 ἐφαίνοντο,
2443 5833 2537 5885 καὶ
2568 5830 2721 5885 αὐτοὶ
2763 5822 2910 5885 οὗτοι
2953 5829 3204 5901 καθάπερ
3233 5827 3463 5900 έμψυχοι
3503 5843 3591 5881 νε-
