3920 6224
352 258 459 320 187

344 381 480 449 apo).
505 378 834 453 πριιόντες·
876 378 1148 451 ἀπῄειμεν
1165 392 1191 421 α
1232 382 1313 444 εἰς
1342 380 1404 434 τὸ
1427 381 1774 451 δικαστήριον
1798 380 1859 434 τὸ
1882 381 2035 445 τέλος

345 467 610 538 ὀψόμενοι
632 466 740 520 τῶν
762 466 1079 538 γινομένων,
1103 467 1196 520 καὶ
1227 467 1427 531 ἰδόντες
1454 469 1575 521 ἐκεῖ
1596 467 1700 538 τῆς
1728 468 1938 532 πόλεως
1961 469 2031 523 τά

346 546 584 625 λείψανα
630 554 1034 624 συνειλεγμένα,
1085 554 1318 624 μάλιστα
1365 554 1580 608 πάντων
1630 554 2028 627 ἐθαυμάσαμεν

347 634 554 704 ἓκεῖνο.
586 642 666 695 ὅτι
700 640 930 711 πλήθους
962 641 1114 705 ὄντος
1160 642 1290 712 περὶ
1340 641 1441 705 τὰς
1489 642 1679 714 θύρας,
1713 643 1792 707 ὡς
1822 644 2035 708 οὐδενὸς

1095 262 1160 318 8.
1196 259 1485 322 JOAN‘NIS
1522 260 2022 320 CHRYSOSTOMI
2062 263 2389 320 ARCHIEP.
2429 262 2987 320 CONSTAN'HNOP.

3720 263 3825 319 ΙΞῖ
3866 266 3871 269 ’

2138 380 2247 453 γάρ
2278 382 2498 448 ἐκεῖνοι,
2529 380 2585 433 εί
2616 397 2748 435 ποτε
2779 382 3023 452 κύματος
3053 381 3216 436 ἴδοιεν
3254 382 3489 453 ἐμϐολὴν
3530 380 3825 453 πόρρωοεν

2138 483 2373 538 κορυφου
2382 467 2549 538 μένην
2573 468 2666 521 καὶ
2686 468 2827 522 κατά
2853 469 3047 541 μικρὸν
3071 468 3375 542 αὐξομένην
3397 472 3493 523 καὶ
3516 468 3822 540 μέλλουσαν

2141 552 2424 623 βαπτίζειν
2454 554 2517 608 τὸ
2553 556 2780 624 σκάφος.
2811 556 2907 609 καὶ
2950 556 3080 627 πρὶν
3114 556 3147 628 ἦ
3183 557 3408 627 πλησίον
3434 555 3690 625 γενέσθαι
3718 554 3818 608 τοῦ

2142 641 2323 694 πλοίου
2371 642 2881 713 προαποτεθνήκασι
2925 643 3002 713 τῷ
3030 643 3139 696 δέει
3158 661 3172 674 ο
3202 643 3344 697 οὕτω
3372 643 3436 714 δὴ
3466 645 3737 708 κάκεῖναι,
3763 643 3822 696 el

345 730 646 803 ιπαρόντος,
703 728 974 800 βαθυτάτη
1007 724 1076 799 ῆν
1111 731 1144 799 ἡ
1181 730 1330 801 σιγὴ,
1375 730 1594 784 πάντων
1644 732 1726 795 εἰς
1771 730 2036 801 ἀλλήλους
2136 746 2265 782 ποτε
2309 730 2501 798 φωνῶν
2548 730 2643 784 καὶ
2673 731 2993 801 ὀλολυγμῶν
3020 731 3248 803 ᾔσθοντο
3282 733 3617 803 φερομένων.
3641 732 3819 785 δεδοιο

358 818 685 888 βλεπόντων,
704 820 798 873 καὶ
821 819 959 889 μήτε
980 817 1201 889 ἐρέσθαι
1222 817 1312 870 τὸν
1337 818 1680 889 παρεστῶτα,
1710 820 1845 890 μήτε
1871 819 2034 872 ἀκοῦ-

361 906 453 959 σαί
494 926 545 959 τι
600 908 723 977 παρ’
748 905 956 959 ἐκείνου
1006 904 1311 975 τολμῶντός
1340 922 1503 969 τινος.
1533 906 1636 960 Τὸν
1662 908 1773 977 γὰρ
1805 907 2033 977 πλησίον

359 993 682 1047 ὑπώπτευεν
710 992 960 1056 ἕκαστος,
983 992 1073 1045 διὰ
1093 992 1154 1045 τὸ
1176 992 1402 1056 πολλοὺς
1426 994 1525 1065 ἤδη
1554 996 1685 1067 παρ’
1715 995 1905 1049 ἐλπίδα
1928 998 2033 1051 πᾶ-

354 1096 454 1134 σαν
497 1081 563 1133 ἐκ
601 1080 775 1151 μέσης
816 1080 1268 1150 ἀναρπασθέντας
1312 1081 1409 1150 τῆς
1449 1081 1676 1152 ἀγοράς,
1716 1082 1864 1137 ἔνδον
1900 1101 2028 1139 κατ-

351 1166 571 1237 έχεσθαι
593 1187 605 1199 ·
632 1169 726 1220 καὶ
749 1167 948 1231 πάντες
976 1169 1128 1238 κοινῇ
1156 1169 1293 1238 πρὸς
1322 1167 1412 1220 τὸν
1440 1169 1668 1239 οὐρανὸν
1694 1170 2026 1241 ἐϐλέπομεν,

350 1255 445 1308 καὶ
476 1254 575 1317 τὰς
603 1257 792 1325 χεῖρας
821 1254 1165 1325 ἀνετείνομεν
1196 1257 1322 1325 σιγῇ
1353 1256 1452 1324 τὴν
1492 1255 1700 1310 ἀνωθεν
1737 1255 2029 1329 ἐκδεχόμε-

348 1360 429 1397 νοι
464 1344 659 1415 ῥοπὴν.
689 1345 784 1397 καὶ
816 1344 948 1397 Θεὸν
973 1342 1416 1415 παρακαλοῦντες
1447 1345 1794 1417 παραστῆναί
1822 1365 1881 1401 τε
1913 1351 2028 1412 τοῖς

346 1431 748 1502 δικαζομένοις,
781 1431 875 1485 καί
905 1432 1140 1503 μαλάξαι
1170 1431 1270 1497 τὰς
1292 1433 1399 1489 τῶν
1424 1432 1751 1497 δικαζόντων
1777 1436 2022 1506 καρδίας,

346 1519 445 1573 καὶ
492 1519 719 1589 ποιῆσαι
760 1521 966 1592 ἥμερον
994 1519 1244 1588 γενέσθαι
1272 1519 1371 1592 τὴν
1395 1520 1597 1590 ψῆφον.
1627 1522 1739 1575 Καὶ
1776 1524 2025 1597 καθάπερ

347 1608 398 1660 oi
420 1608 546 1670 τοὺς
571 1606 939 1677 ναυαγοῦντας
966 1607 1074 1661 ἀπὸ
1098 1608 1197 1678 τῆς
1230 1609 1334 1679 γῆς
1361 1608 1667 1679 βλέποντες,
1706 1611 2025 1681 προσελθεῖν

350 1695 450 1764 μὲν
499 1695 595 1749 καὶ
638 1698 796 1767 χεῖρα
824 1694 1005 1767 ὀρέξαι
1038 1696 1129 1749 καὶ
1158 1696 1450 1767 διορθῶσαι
1488 1695 1638 1769 [154]
1682 1699 1781 1769 τὴν
1818 1715 2026 1769 συμφο-

346 1782 451 1853 ράν
478 1783 578 1835 οὐκ
602 1783 804 1854 έχουσι,
826 1786 938 1846 τοῖς
968 1782 1175 1854 κύμασι
1198 1783 1582 1855 διειργόμενοι,
1612 1785 1811 1850 ἔξωθεν
1840 1785 1897 1838 δέ
1916 1787 2024 1840 ἀπὸ

344 1868 457 1922 τῶν
486 1871 747 1937 αἰγιαλῶν
785 1871 882 1933 τὰς
911 1874 1097 1941 χεῖρας
1122 1871 1514 1935 ἀνατείνοντες,
1551 1874 1644 1925 καὶ
1673 1870 2021 1943 δακρύοντες,

346 1955 438 2011 τὸν
458 1957 589 2013 Θεὸν
610 1958 990 2026 παρακαλοῦσι
1014 1960 1362 2029 παραστῆναι
1386 1962 1499 2022 τοῖς
1521 1959 2019 2030 κλυδωνιζομένοις·

346 2041 490 2098 οὕτω
531 2046 624 2099 καὶ
655 2045 891 2101 ἐνταῦθα
920 2047 1121 2110 πάντες
1154 2049 1279 2117 σιγῇ
1314 2048 1409 2100 καὶ
1438 2047 1581 2100 κατὰ
1622 2046 1861 2102 διάνοιαν
1894 2050 2025 2103 ἐκά-

346 2129 473 2186 λουν
501 2132 591 2186 τὸν
624 2133 775 2198 Θεὸν,
804 2134 1078 2200 ἀξιοῦντες
1104 2136 1215 2197 τοῖς
1247 2135 1305 2187 ἐν
1345 2133 1423 2205 τῷ
1459 2134 1814 2206 δικαστηρίῳ,
1848 2137 2023 2192 καθά-

347 2235 454 2292 περ
499 2221 557 2273 ἐν
597 2220 835 2291 κύμασιν
880 2220 1316 2291 ἀνειλημμένοις,
1349 2224 1506 2292 χεῖρα
1564 2222 1769 2293 ὀρέξαι,
1804 2225 1897 2277 καὶ
1946 2227 2021 2299 μὴ

348 2308 703 2378 συγχωρῆσαι
731 2308 1222 2379 καταποντισθῆναι
1245 2307 1305 2361 τὸ
1331 2309 1558 2376 σκάφος,
1590 2310 1727 2380 μηδέ
1756 2312 1835 2373 είς
1858 2314 2024 2367 ναυά-

345 2410 463 2463 γιον
488 2396 748 2460 παντελές
769 2396 1069 2451 καταλῦσαι
1090 2397 1199 2449 τῶν
1222 2396 1548 2458 δικαζόντων
1570 2398 1669 2468 τὴν
1692 2398 1893 2469 κρίσιν.
1911 2402 2023 2455 Καὶ

344 2480 515 2535 ταῦτα
554 2484 650 2553 μὲν
694 2480 761 2555 ἦν
810 2485 916 2556 πρὸ
947 2484 1054 2536 τῶν
1087 2483 1263 2555 θυρῶν
1286 2499 1298 2513 ⁸
1330 2484 1515 2554 ἐπειδὴ
1546 2483 1604 2537 δέ
1635 2485 1896 2557 ἐνδοτέρω
1925 2488 2024 2559 τῆς

345 2568 516 2639 αὐλῆς
547 2570 858 2641 εἰσέϐημεν,
898 2570 1059 2625 πάλιν
1083 2571 1295 2641 εἴδομεν
1320 2571 1481 2642 ἕτερα
1510 2571 1862 2645 φοϐερώτερα
1894 2576 2022 2628 τού-

346 2673 474 2718 των,
510 2658 846 2728 στρατιώτας
890 2658 1375 2728 καθωπλισμένους
1406 2658 1580 2727 ξίφεσι
1616 2661 1712 2713 καὶ
1744 2660 2019 2730 ῥοπάλοις,

347 2744 443 2796 καὶ
472 2744 670 2815 πολλὴν
693 2747 806 2809 τοῖς
833 2745 979 2799 ένδον
996 2745 1025 2786 ι)
1048 2745 1330 2810 δικάζουσι
1362 2748 1462 2818 τὴν
1490 2747 1723 2817 ἡσυχίαν
1756 2749 2024 2822 παρέχον-

345 2848 463 2895 τας.
483 2833 697 2905 Ἐπειδὴ
740 2834 849 2905 γὰρ
889 2835 938 2886 οἱ
974 2837 1344 2905 προσήκοντες
1374 2835 1609 2897 ἅπαντες
1646 2837 1894 2902 ἐκείνοις,
1930 2840 2021 2891 καὶ

347 2923 622 2989 γυναῖκες,
661 2922 753 2974 καὶ
786 2920 1042 2994 μητέρες,
1077 2921 1172 2975 καὶ
1204 2919 1524 2992 θυγατέρες,
1553 2921 1648 2974 καὶ
1676 2923 1910 2994 πατέρες
1941 2925 2022 2975 εί-

349 3012 643 3065 στήκεισαν
694 3010 798 3081 πρὸ
842 3010 952 3062 τῶν
1003 3008 1097 3063 τοῦ
1144 3008 1494 3081 δικαστηρίου
1529 3008 1731 3081 θυρῶν,
1773 3006 1937 3071 ὥστε,
1972 3011 2028 3064 εί

345 3112 467 3149 τινα
496 3097 735 3171 συμϐαίη
765 3096 860 3168 τὴν
903 3097 997 3155 ἐπὶ
1039 3097 1269 3150 θάνατον
1296 3097 1682 3167 ἀπενεχθῆναι,
1715 3097 1919 3167 μηδένα
1957 3102 2022 3170 τῇ

346 3184 448 3255 θέα
488 3186 588 3255 τῆς
626 3187 909 3256 συμφορᾶς
940 3184 1328 3257 ἐμπρησθέντα
1372 3185 1598 3257 θόρυϐόν
1634 3203 1758 3240 τινα
1798 3187 2023 3258 ποιῆσαι

349 3272 445 3324 καὶ
472 3272 738 3345 ταραχὴν,
766 3273 1048 3346 πόρρωθεν
1084 3272 1310 3344 ἐφόϐουν
1338 3273 1387 3325 οἱ
1421 3273 1748 3348 στρατιῶται
1792 3274 2022 3341 πάντας,

348 3363 965 3437 προκαταλαμϐάνοντες
988 3373 1012 3401 ο
1045 3362 1222 3419 αὐτῶν
1247 3362 1328 3433 τῷ
1351 3362 1460 3415 δέει
1491 3365 1591 3433 τὴν
1619 3361 1879 3420 διάνοιαν.

420 3451 493 3505 Τὸ
522 3452 578 3507 δέ
600 3453 818 3508 πάντων
845 3452 1229 3524 ἐλεεινότερον,
1255 3456 1436 3524 μήτηρ
1457 3452 1554 3523 μία
1574 3453 1668 3506 καὶ
1694 3452 1896 3525 ἀδελφὴ
1915 3452 2027 3509 τῶν

347 3538 494 3595 ινδον
517 3540 853 3612 κρινομένων
886 3541 1051 3604 τινὸς,
1076 3542 1211 3613 πρὸς
1238 3543 1377 3596 αὐτά
1396 3541 1507 3594 τῶν
1538 3539 1867 3604 δικαζόντων
1889 3542 2025 3597 ἐκά-

345 3628 509 3701 θηντο
550 3628 621 3682 τὰ
673 3628 942 3700 πρόθυρα,
979 3629 1389 3700 κυλινδούμεναι
1423 3630 1552 3701 περὶ
1582 3630 1644 3683 τὸ
1688 3630 1903 3703 ἔδαφος,
1933 3633 2029 3689 καὶ

348 3717 526 3771 κοινὸν
558 3713 715 3770 οὖσαι
744 3717 970 3790 θέατρον
1000 3721 1112 3781 τοῖς
1144 3717 1505 3788 περιεστῶσιν
1529 3716 1721 3779 ἅπασι,
1757 3719 2030 3788 συγκαλυ-

346 3804 614 3875 πτόμεναι
655 3804 754 3869 τὰς
786 3805 957 3875 ὄψεις,
988 3806 1080 3859 καὶ
1116 3804 1366 3859 τοσοῦτον
1412 3804 1795 3876 αἰσχυνόμεναι
1846 3808 2024 3877 μόνον,

345 3892 469 3948 ὅσον
505 3894 805 3967 ἐπέτρεπεν
832 3897 864 3967 ἠ
886 3895 986 3965 τῆς
1013 3897 1299 3967 συμφορᾶς
1325 3894 1537 3966 ἀνάγκη
1555 3911 1568 3925 ’
1601 3897 1696 3948 καὶ
1718 3894 1839 3949 οὐτε
1866 3897 2029 3969 θεραο

346 3982 531 4046 πινίς
561 3983 751 4047 αὐταῖς
784 3984 988 4055 παρῆν,
1018 3983 1142 4037 οὔτε
1184 3983 1402 4055 γείτων,
1431 3983 1554 4037 οὔτε
1584 3984 1735 4055 φίλη,
1764 3986 1866 4041 οὐκ
1892 3987 2024 4060 άλλη

346 4087 429 4136 τις
466 4070 574 4132 τῶν
622 4073 963 4146 ἐπιτηδείων,
993 4074 1132 4128 ἀλλά
1171 4074 1331 4145 μόναι
1368 4073 1508 4145 μετά
1532 4074 1767 4129 εὐτελῶν
1796 4078 2027 4147 ἱματίων

346 4164 406 4216 ἐν
454 4163 605 4235 μέσῳ
649 4160 921 4216 τοσούτων
967 4161 1379 4233 ἀπειλημμέναι
1426 4163 1807 4235 στρατιωτῶν,
1850 4166 2029 4237 χαμςύ⁵

349 4250 815 4323 συρόμεναι·περὶ
860 4249 959 4313 τάς
1006 4249 1177 4323 θύρας
1209 4251 1397 4314 αὐτάς,
1428 4251 1536 4303 τῶν
1566 4251 1712 4305 ένδον
1744 4252 2030 4323 δικαζομέ-

347 4357 454 4393 νων
476 4338 811 4409 ἐλεεινότερα
836 4336 1095 4408 ἔπασχον,
1118 4340 1216 4409 τῆς
1242 4339 1353 4392 τῶν
1372 4338 1580 4409 δημίων
1600 4338 1895 4395 ἀκούουσαι
1918 4358 2030 4409 φω-

347 4428 464 4497 νῆς,
494 4426 586 4479 τοῦ
619 4425 824 4479 κτύπου
852 4425 960 4481 τῶν
993 4426 1292 4497 μαστίγων,
1324 4427 1418 4479 τοῦ
1453 4426 1653 4497 θρήνου
1685 4427 1795 4481 τῶν
1829 4445 2028 4498 μαστι-

350 4513 613 4586 ζομένων,
633 4515 734 4583 τῆς
764 4513 999 4586 φοϐερᾶς
1021 4516 1130 4567 τῶν
1153 4515 1480 4580 δικαζόντων
1505 4515 1755 4585 ἀπειλῆς,
1787 4515 1881 4569 καὶ
1902 4515 2026 4570 καθ’

349 4602 580 4657 ἕκαστον
608 4603 717 4656 τῶν
755 4601 1066 4672 παιομένων
1097 4602 1487 4675 χαλεπωτέρας
1520 4602 1789 4658 ἐκείνωνά
1823 4603 2030 4674 ὑπέμε-

350 4708 441 4745 νον
485 4689 676 4753 ὀδύνας
720 4683 1137 4761 αὐται.Ἐπειδὴ
1185 4690 1291 4763 γὰρ
1325 4692 1383 4744 ἐν
1414 4693 1534 4756 ταῖς
1566 4691 1769 4762 ἐτέρων
1814 4709 2027 4764 μαρτυ-

355 4778 500 4850 ρίαις
526 4778 894 4835 ἐκινδυνεύετο
924 4780 957 4849 ή
993 4777 1101 4831 τῶν
1124 4778 1484 4850 ἐγκλημάτων
1507 4778 1801 4847 ἀπόδειξις,
1824 4780 2029 4848 εἴποτέ

351 4882 495 4929 τινος
527 4864 754 4937 ᾔσθοντο
795 4868 1213 4937 μαστιζομένου,
1242 4867 1389 4922 ὥστε
1417 4870 1590 4922 είπεϊν
1636 4872 1764 4933 τοὺς
1793 4868 2028 4924 ὑπευθύ-

352 4971 501 5018 νους,
527 4955 620 5008 καὶ
663 4954 1026 5020 ὀλολύζοντος,
1058 4958 1138 5020 εἰς
1184 4956 1276 5010 τὸν
1324 4956 1550 5029 οὐρανὸν
1593 4957 1887 5028 βλέπουσαι
1935 4959 2028 5014 τὸν

354 5041 489 5096 Θεὸν
520 5043 863 5113 παρεκάλουν
895 5043 1079 5098 δοῦναί
1108 5062 1231 5099 τινα
1276 5046 1427 5117 ἰσχὺν
1457 5044 1551 5100 καὶ
1581 5046 1858 5119 ὑπομονὴν
1884 5047 2030 5102 ἐκεί-ν

356 5148 454 5203 νῳ,
489 5129 628 5185 ὥστε
666 5129 741 5202 μὴ
774 5131 884 5185 τῶν
907 5133 1087 5195 αὐτοῖς
1120 5133 1501 5204 προσηκόντων
1540 5133 1639 5203 τὴν
1675 5135 1947 5206 σωτηρίαν
1970 5135 2029 5188 ἐν

355 5222 478 5284 ταῖς
505 5219 708 5292 ἐτέρων
748 5219 1056 5285 ἀσθενείαις
1082 5216 1433 5293 προδοθῆναι,
1477 5220 1577 5293 τὴν
1618 5221 1869 5293 δριμεῖαν
1919 5223 2029 5276 ἀπὸ

357 5308 467 5362 τῶν
497 5307 724 5380 πληγῶν
751 5307 942 5379 ὀδύνην
979 5309 1054 5381 μὴ
1075 5310 1388 5380 δυναμένων
1415 5311 1655 5379 ἐνεγκεῖν
1674 5325 1688 5337 ·
1713 5309 1807 5362 καὶ
1833 5309 2029 5363 ταυτὸν

359 5396 521 5451 πάλιν
551 5391 663 5451 οἷον
710 5395 804 5451 ἐπὶ
839 5396 948 5454 τῶν
981 5396 1394 5469 χειμαζομένων
1428 5396 1731 5451 συνέϐαινε.
1761 5397 2030 5470 Καθάπερ

423 5520 448 5549 ³
474 5518 558 5570 Sic
579 5521 762 5584 plaentt
783 5520 1089 5584 legerecum
1116 5521 1248 5579 Sam,
1272 5522 1322 5570 in
1344 5523 1596 5584 praeterito
1618 5537 1643 5571 a
1665 5522 1881 5572 themate
1894 5523 2030 5572 ἄπει-

361 5598 444 5655 μι,
462 5595 556 5629 non
576 5587 630 5630 ut
653 5582 906 5655 Morei’et
930 5582 1125 5655 Μοηιί..
1145 5582 1358 5655 ἀπίεμεν
1380 5584 1511 5645 quod
1542 5585 1602 5633 ad
1636 5585 1776 5635 verbi
1810 5585 2031 5637 inusitati

360 5643 533 5703 ἀπίημι
556 5656 772 5703 ιιι-ποετις
796 5650 990 5705 tempus
1000 5643 1296 5705 pertineret.
1314 5643 1445 5695 Ευιτ.

423 5705 451 5743 b
472 5705 622 5767 payil.
648 5705 913 5767 etquidam
940 5718 1054 5754 mss.
1078 5707 1175 5762 τοῖς
1193 5707 1387 5757 ἔνδοθεν.

429 5768 454 5833 ξ
483 5765 631 5833 [idern
650 5765 827 5833 πάντας
847 5768 1108 5833 πρρκαξαλ.
1136 5767 1306 5833 Morel.
1330 5771 1534 5833 πάντων.
1559 5786 1636 5833 πρ.

427 5824 454 5892 εξ
482 5826 651 5892 Mprel.
684 5831 735 5873 et
762 5824 930 5892 Monii.
957 5829 1053 5876 τῶν
1088 5829 1373 5892 παιομένων.
1397 5824 1673 5884 Ρτοηοῐιὶειι
1703 5831 1852 5884 ιιώεί
1876 5832 2027 5884 Savil.

365 5897 417 5944 et
442 5889 563 5950 legll
591 5888 840 5949 interpres
886 5885 1018 5939 Εοιτ,

2135 820 2284 871 κυῖαι
2316 817 2390 889 μὴ
2426 818 2563 889 πρὸς
2590 820 2689 883 τάς
2734 819 2998 888 βασάνους
3034 821 3511 891 ἀπαγορεύσαντες
3552 823 3602 873 οἰ
3644 837 3823 874 κατα-

2137 907 2436 976 μαρτυρεῖν
2470 905 2927 977 ἀναγκαζόμενοι,
2953 907 3253 961 κατείπωσί
3292 913 3438 971 τίνος
3472 907 3581 961 τῶν
3626 907 3819 970 αὐτοῖς

2131 993 2475 1064 ἐπιτηδείων.
2518 997 2745 1066 μυρίους
2774 994 2884 1066 πρὸ
2922 995 3032 1049 τῶν
3072 995 3366 1066 ὀφθαλμῶν
3412 996 3598 1068 ἐώρων
3645 995 3817 1049 θανά-

2129 1094 2276 1142 τους.
2308 1081 2418 1133 Καὶ⁸
2442 1076 2509 1152 ἦν
2546 1082 2675 1135 ίδεῖν
2699 1082 2846 1136 ἔνδον
2881 1082 3170 1153 βασάνους,
3198 1082 3301 1148 ἔξω
3342 1082 3636 1154 βασάνουςο
3667 1083 3819 1137 ἐκεί-

2128 1182 2255 1230 νους
2282 1168 2380 1237 μὲν
2404 1170 2514 1239 γὰρ
2542 1171 2591 1223 οἰ
2618 1170 2823 1240 δήμιοι,
2856 1169 3058 1234 ταύτας
3083 1170 3139 1223 δέ
3167 1169 3484 1236 ἐϐασάνιζεν
3513 1172 3546 1242 ή
3574 1172 3674 1241 τῆς
3704 1170 3816 1239 cpi--

2130 1271 2267 1318 σεως
2290 1258 2541 1328 τυραννὶς
2570 1255 2669 1312 καὶ
2692 1260 2721 1328 ἡ
2750 1258 2860 1311 τῶν
2890 1258 3215 1328 σπλάγχνων
3240 1258 3552 1329 συμπάθεια
3574 1275 3588 1289 ’
3623 1261 3721 1311 καὶ
3743 1256 3817 1328 ἦν

2127 1341 2277 1395 ἔνδον
2325 1342 2540 1413 θρῆνος,
2579 1342 2685 1409 ἔξω
2719 1343 2917 1414 θρῆνος
2941 1361 2955 1375 ’
3003 1345 3149 1398 ἔνδον
3182 1345 3292 1399 τῶν
3336 1344 3673 1411 ὑπευθύνων,
3705 1346 3822 1411 ἔξω

2125 1428 2234 1482 τῶν
2263 1431 2446 1495 αὐτοῖς
2482 1430 2633 1503 [155]
2674 1433 3080 1505 προσηκόντων.
3104 1433 3321 1488 Μᾶλλον
3342 1433 3397 1486 δὲ
3422 1434 3519 1502 οὐχ
3544 1428 3687 1487 οὗτοι
3713 1437 3815 1503 μό-

2126 1533 2238 1581 νον,
2272 1518 2409 1573 ἁλλά
2458 1521 2552 1572 καὶ
2582 1521 2735 1573 αὐτοὶ
2783 1523 2833 1574 οἱ
2881 1521 3193 1585 δικάζοντες
3228 1522 3485 1593 ἐθρήνουν
3519 1522 3660 1575 κατά
3689 1521 3812 1574 διά-

2125 1620 2293 1669 νοιαν,
2331 1606 2425 1659 καὶ
2475 1606 2829 1678 χαλεπώτερα
2885 1608 3105 1662 πάντων
3152 1608 3412 1679 ἔπασχον,
3449 1607 3591 1662 οὓτω
3634 1610 3810 1681 πικρᾷ

2123 1691 2400 1763 τραγῳδίᾳ
2423 1694 2859 1764 ἀναγκαζόμενοι
2890 1696 3015 1749 τότε
3047 1696 3361 1768 ὑπηρετεῖν.

2197 1778 2267 1849 β’.
2286 1779 2427 1849 Ἐγὼ
2459 1780 2518 1834 δέ
2541 1782 3001 1853 παρακαθήμενος
3031 1784 3126 1837 καὶ
3153 1788 3328 1838 ταῦτα
3360 1783 3685 1855 β).έπων,δτι
3710 1800 3812 1852 γυο

2122 1869 2310 1930 ναῖκες
2335 1866 2429 1919 καὶ
2465 1869 2726 1940 παρθένοι
2762 1868 3201 1943 θαλαμευόμεναι
3230 1869 3326 1925 νῦν
3359 1872 3534 1926 κοινὸν
3559 1872 3811 1940 ἐγένοντο

2123 1952 2351 2025 θέατρον
2379 1955 2575 2018 άπασι,
2604 1958 2700 2009 καὶ
2733 1958 2790 2010 αί
2834 1958 2928 2010 ἐπὶ
2974 1959 3264 2030 στρωμνῆς
3292 1959 3508 2029 ἁπαλῆς
3541 1959 3812 2013 κατακλι-

2121 2040 2369 2110 νόμεναι.
2393 2042 2455 2095 τὸ
2480 2043 2674 2111 ἔδαφος
2703 2044 2825 2097 ἀντὶ
2852 2047 3142 2116 στρωμνῆς
3163 2046 3365 2117 έχουσι,
3398 2048 3491 2100 καὶ
3522 2048 3581 2099 αῖ
3608 2046 3813 2100 τοσαύ-

2120 2144 2216 2198 της
2239 2129 2607 2186 ἀπολαύουσαι
2628 2131 2922 2202 θεραπείας
2944 2132 3361 2203 θεραπαινίδων,
3387 2134 3683 2205 εὐνούχων,
3704 2135 3810 2205 τῆς

2122 2214 2291 2284 ἄλλης
2322 2217 2543 2286 ἁπάσης
2582 2220 2905 2288 φαντασίας,
2937 2220 3032 2275 νῦν
3064 2221 3319 2276 ἁπάντων
3352 2223 3575 2275 ἐκείνων
3605 2221 3809 2293 ἔρημοι

2122 2303 2258 2374 πρὸς
2268 2304 2392 2367 τοὺς
2406 2306 2660 2358 ἁπάντων
2672 2307 2736 2359 σύ
2746 2324 2904 2375 ροντα
2913 2326 2928 2356 ι
2942 2308 3125 2371 πόδας.
3140 2309 3370 2363 ἕκαστον
3387 2309 3810 2380 παρακαλοῦσαι

2124 2395 2621 2459 συνεισενεγκείντι
2637 2393 2746 2446 τῶν
2764 2396 2842 2457 εἰς
2865 2395 3025 2449 αὐτὸν
3051 2396 3289 2466 ἡκόντων
3306 2400 3417 2460 τοῖς
3437 2398 3809 2468 κρινομένοις,

2129 2484 2225 2538 καὶ
2236 2484 2413 2537 κοινὸν
2428 2482 2579 2555 παρά
2593 2483 2811 2537 πάντων
2825 2482 2979 2536 ἐλέου
2993 2484 3110 2537 τινὰ
3125 2483 3317 2555 έρανον
3333 2484 3454 2553 γενέ
3462 2480 3814 2550 σθαι,ἐφθεγ-

2125 2572 2303 2643 ξάμην
2350 2574 2531 2625 ἐκεῖνο
2562 2572 2621 2626 τὸ
2666 2571 2761 2624 τοῦ
2790 2571 3161 2641 Σολομῶντος,
3205 2573 3539 2635 Ματαιότης
3563 2586 3815 2638 ματαιο-

2121 2649 2335 2717 τήτων,
2357 2650 2429 2703 τὰ
2473 2650 2671 2704 πάντα
2701 2654 3047 2720 ματαιότης.
3076 2649 3227 2706 Εἶδον
3249 2654 3358 2724 γὰρ
3379 2652 3535 2705 τοῦτό
3557 2669 3615 2705 τε
3644 2653 3806 2716 αὐτὸ,

2121 2737 2214 2790 καὶ
2238 2736 2421 2808 ἕτερον
2448 2737 2625 2805 λόγιον
2646 2738 2711 2792 δι’
2738 2740 2915 2793 αὐτῶν
2934 2738 3041 2793 τῶν
3061 2741 3236 2812 ἔργων
3258 2739 3522 2804 ἐκϐαῖνον,
3542 2740 3602 2794 τὸ
3618 2740 3804 2807 λέγον,

2120 2824 2221 2889 ὅτι,
2276 2825 2450 2879 Πᾶσα
2496 2825 2647 2890 δόξα
2690 2826 3002 2891 ἀνθρώπου
3038 2834 3116 2893 ὡς
3159 2825 3339 2893 ἄνθος
3369 2828 3622 2895 χόρτου·
3665 2828 3810 2896 ἐξης

2109 2912 2306 2981 pciqu
2355 2917 2389 2967 ό
2445 2915 2693 2983 χόρτος,
2736 2915 2833 2968 καὶ
2881 2914 2951 2969 τό
2994 2913 3176 2980 ἄνθος
3219 2913 3490 2979 ἐξέπεσε.
3531 2916 3643 2969 Καὶ
3693 2918 3808 2987 γὰρ

2123 3000 2350 3064 πλοῦτος
2374 3002 2519 3065 τότε,
2554 3003 2648 3055 καὶ
2669 3002 2939 3072 εὐγένεια,
2974 3003 3069 3056 καὶ
3106 3004 3455 3074 περιφάνεια,
3493 3005 3588 3057 καὶ
3623 3005 3805 3074 φίλων

2123 3089 2448 3159 προστασία.
2477 3091 2571 3144 καὶ
2601 3091 2915 3159 συγγένεια.
2946 3091 3041 3145 καὶ
3077 3092 3251 3145 πάντα
3281 3090 3543 3162 ἠλέγχετο
3566 3092 3637 3146 τά
3672 3091 3808 3163 βιωο

2120 3178 2269 3240 τικά,
2290 3179 2389 3249 τῆς
2412 3178 2683 3249 ἁμαρτίας
2704 3179 2795 3231 καὶ
2817 3181 2915 3249 τῆς
2936 3178 3281 3250 παρανομίας
3304 3180 3403 3250 τῆς
3425 3180 3808 3250 γεγενημένης

2121 3262 2221 3333 τὴν
2254 3265 2563 3336 συμμαχίαν
2601 3266 2817 3323 ἃπασαν
2847 3266 3194 3337 τρεψαμένης
3237 3265 3457 3337 ταύτην.
3491 3267 3602 3320 Καὶ
3624 3268 3805 3322 καθά-

2124 3367 2232 3422 περ
2256 3354 2436 3424 μήτηρ
2473 3353 2771 3422 στρουθῶν,
2806 3354 2913 3405 τῶν
2935 3354 3161 3407 νεοττῶν
3183 3354 3607 3426 ἀφαιρεθέντων,
3626 3355 3824 3409 ἐλθοῦσ-

2126 3455 2195 3492 σα
2235 3440 2330 3493 καὶ
2376 3442 2474 3511 τὴν
2504 3441 2698 3494 καλιὰν
2733 3440 2969 3511 εὑροῦσα
3013 3443 3215 3513 κενὴν,
3259 3441 3538 3507 ἐξελέσθαι
3589 3442 3691 3514 μέν
3739 3445 3807 3496 οὐ

2123 3526 2344 3584 δύναται
2380 3527 2507 3591 τοὺς
2534 3529 2764 3593 ἁλόντας
2792 3529 2966 3599 αὐτῆς
3003 3532 3272 3595 νεοττοὺς,
3302 3531 3712 3601 περιιπταμένη
3744 3531 3808 3584 δέ
3859 3559 3870 3569 ο

2124 3613 2217 3668 τοῦ
2245 3610 2481 3686 θηρατοῦ
2519 3616 2617 3679 τὰς
2643 3619 2858 3687 χεῖρας,
2884 3615 3034 3687 αὐτῷ
3071 3615 3247 3688 τούτῳ
3280 3615 3376 3688 τὴν
3410 3616 3602 3687 ὀδύνην
3635 3616 3811 3671 ἐνδείο

2125 3719 2347 3756 κνυται’
2377 3702 2520 3757 οὓτω
2550 3705 2615 3775 δὴ
2648 3706 2744 3757 καί⁸
2776 3707 2831 3757 αἰ
2864 3707 3121 3773 γυναῖκες
3155 3705 3370 3758 ἐποίουν
3407 3705 3529 3758 τότε
3569 3707 3801 3768 ἐκεῖναι.

2125 3790 2582 3862 ἀναρπασθέντων
2629 3793 2820 3855 αὐταῖς
2854 3793 2919 3846 ἐκ
2957 3793 3055 3864 τῆς
3087 3794 3266 3856 οἰκίας
3301 3793 3409 3847 τῶν
3442 3793 3667 3855 παίδων,
3704 3794 3807 3849 καὶ

2123 3878 2271 3931 ένδον
2309 3879 2752 3950 ἀπειλημμένων,
2787 3879 2976 3951 ὥσπερ
3009 3883 3067 3934 ἐν
3091 3880 3294 3952 δικτύῳ
3325 3883 3432 3935 τινὶ
3462 3881 3557 3935 καὶ
3584 3882 3802 3950 παγίδι,

2125 3964 2444 4037 προσελθεῖν
2478 3966 2576 4037 μὲν
2607 3967 2703 4020 καὶ
2732 3964 3006 4031 ἐξελέσθαι
3042 3970 3168 4032 τοὺς
3200 3969 3427 4033 ἁλόντας
3455 3971 3555 4022 οὐκ
3590 3969 3804 4039 ἴσχυον,

2123 4053 2202 4124 τῷ
2230 4053 2288 4107 δὲ
2318 4056 2443 4127 περὶ
2466 4055 2563 4118 τὰς
2589 4054 2755 4125 θύρας
2790 4056 2964 4120 αὐτὰς
2997 4056 3383 4119 καλινδεῖσθαι.
3426 4061 3517 4115 καὶ
3556 4057 3803 4129 θρηνεῖν,

2125 4141 2221 4195 καὶ
2247 4141 2627 4214 ὀλοφύρεσθαι.
2654 4146 2748 4196 καὶ
2776 4145 2883 4197 τῶν
2915 4144 3299 4214 θηρευσάντων
3323 4145 3614 4219 πειρᾶσθαι
3643 4146 3807 4210 γενέ-

2126 4235 2249 4289 σθαι
2264 4234 2450 4305 ἐγγὺς,
2470 4233 2568 4305 τήν
2587 4234 2781 4303 ὀδύνην
2800 4234 3090 4291 ἐδείκνυον.
3121 4236 3306 4290 Ταῦτα
3317 4236 3381 4306 δὴ
3405 4237 3524 4290 τότε
3542 4235 3703 4306 ὀρῶν,
3727 4243 3817 4305 είς

2131 4321 2257 4376 νοῦν
2285 4322 2558 4393 ἐϐαλόμην
2580 4334 2603 4361 θ
2626 4323 2685 4375 τὸ
2707 4322 2939 4394 φοϐερὸν
2957 4325 3130 4378 ἐκεῖνο
3148 4324 3519 4394 δικαστήριον,
3549 4327 3646 4380 καὶ
3670 4328 3812 4397 πρὸς

2124 4409 2361 4481 ἐμαυτὸν
2383 4405 2538 4464 εἶπον
2558 4427 2572 4442 ο
2596 4412 2659 4465 Ei
2690 4412 2785 4465 νῦν
2813 4411 3116 4483 ἀνθρώπων
3135 4413 3485 4478 δικαζόντων,
3509 4415 3570 4468 οὐ
3596 4417 3808 4488 μήτηρ,

2123 4495 2223 4551 οὐκ
2260 4493 2481 4566 ἀδελφὴ,
2512 4495 2572 4547 οὐ
2598 4496 2803 4567 πατὴρ,
2833 4495 2932 4547 οὐκ
2957 4495 3113 4559 ἄλλος
3137 4495 3328 4561 οὐδεὶς,
3356 4497 3529 4550 καίτοι
3558 4514 3621 4565 γε
3645 4499 3811 4552 ἀνεύ-

2125 4577 2272 4634 θυνοι
2309 4581 2417 4634 τῶν
2451 4580 2828 4651 τολμηθέντων
2862 4582 3034 4645 ὄντες,
3079 4583 3178 4634 οὐκ
3210 4583 3482 4656 ἰσχύουσιν
3526 4584 3809 4648 ἐξελέσθαι

2122 4669 2251 4732 τοὺς
2282 4669 2655 4741 κρινομένους,
2686 4670 2768 4733 τίς
2803 4672 2859 4721 ὲν
2886 4669 2966 4736 τῷ
3013 4669 3227 4743 φοϐερῷ
3254 4670 3344 4724 τοῦ
3381 4671 3618 4743 Χριστοῦ
3642 4673 3805 4727 δικα-

2124 4756 2331 4828 στηρίῳ
2373 4759 2780 4828 παραστήσεται
2812 4757 3153 4829 κρινομένοις
3202 4759 3363 4830 ήμῖν;
3398 4759 3479 4822 τίς
3532 4759 3800 4829 τολμήσει

2124 4841 2283 4913 ῥῆξαι
2323 4841 2537 4911 φωνήν;
2576 4840 2659 4903 τίς
2689 4838 2963 4907 ἐξελέσθαι
2992 4842 3117 4904 τοὺς
3147 4841 3528 4911 ἀπαγομένους
3574 4843 3666 4894 ἐπὶ
3695 4843 3801 4904 τὰς

2120 4924 2427 4996 ἀφορήτους
2460 4922 2673 4986 ἐκείνας
2702 4923 2950 4991 κολάσεις
2973 4940 2987 4989 ;
3012 4922 3204 4978 Καίτοι
3231 4924 3436 4995 πρῶτοι
3457 4923 3556 4993 τῆς
3587 4922 3799 4982 πόλεως

2122 5011 2264 5088 ἦσαν
2293 5018 2343 5069 οἰ
2389 5017 2512 5071 τότε
2555 5017 2919 5087 δικαζόμενοι,
2957 5017 3057 5069 καὶ
3101 5015 3231 5069 αὐτὸ
3262 5015 3361 5085 τῆς
3415 5015 3693 5083 εὐγενείας
3729 5013 3795 5073 τὸ

2127 5104 2443 5175 κεφάλαιον.
2488 5104 2626 5157 Ἀλλ’
2649 5105 2797 5176 ὅμως
2830 5105 3080 5174 ἠγάπων,
3115 5102 3276 5165 εἴτις
3315 5100 3422 5173 δῴη
3456 5102 3629 5156 πάντα
3656 5104 3796 5157 ἀπο-

2127 5193 2403 5256 ϐαλοῦσιν,
2427 5195 2475 5247 εἰ
2501 5193 2630 5258 δέοι,
2665 5194 2759 5247 καὶ
2798 5192 2896 5263 τὴν
2920 5192 3234 5264 ἐλευθερίαν
3259 5190 3426 5261 αὐτὴν
3455 5190 3555 5260 τῆς
3591 5191 3794 5261 παρού-

2128 5299 2230 5353 σης
2279 5282 2573 5336 ἀπολαύειν
2619 5280 2788 5352 ζωῆς.
2820 5281 2933 5351 Τῆς
2978 5280 3189 5352 ἡμέρας
3230 5279 3286 5333 δέ
3319 5278 3505 5332 λοιπὸν
3551 5279 3687 5349 πρὸς
3735 5281 3796 5334 τὸ

2126 5370 2277 5435 τέλος
2304 5370 2683 5442 ἐπειγομένης.
2725 5370 2820 5425 καὶ
2855 5368 3159 5439 βαθυτάτης
3186 5365 3485 5438 γενομένης
3532 5366 3797 5437 ἐσπέρας.

2127 5459 2223 5513 καὶ
2268 5458 2362 5514 τοῦ
2391 5457 2580 5521 τέλους
2625 5457 2725 5527 τῆς
2775 5457 2953 5526 ψήφου
2994 5453 3446 5527 προσδοκωμένου
3491 5453 3550 5506 ἐν
3588 5452 3801 5523 μείζονι

2128 5547 2331 5610 πάντες
2354 5542 2494 5617 ἦσαν
2541 5545 2768 5617 ἀγωνίᾳ,
2787 5543 2882 5598 καὶ
2904 5544 2995 5596 τὸν
3023 5542 3155 5597 Θεὸν
3182 5542 3366 5614 ἠξίουν
3393 5540 3652 5613 μέλλησιν
3674 5558 3804 5597 τινα

2130 5636 2224 5693 καὶ
2273 5634 2538 5707 ἀναϐολὴν
2584 5632 2837 5704 γενέσθαι
2860 5674 2876 5699 ,
2909 5631 3003 5685 καὶ
3036 5633 3100 5703 τῇ
3134 5630 3278 5702 ψυχῇ
3327 5629 3435 5684 τῶν
3466 5628 3802 5693 δικαζόντων

2130 5722 2387 5795 ἐμϐαλεῖν
2411 5724 2492 5786 εἰς
2522 5722 2622 5793 τὴν
2644 5721 2738 5775 τοῦ
2778 5719 3042 5793 βασιλέως
3070 5717 3296 5790 γνώμην
3340 5718 3652 5785 ἀνενεγκεῖν
3686 5716 3803 5771 τῶν

2195 5830 2215 5852 ⁸
2242 5828 2401 5889 δσνὶι.
2423 5832 2477 5875 et
2496 5829 2693 5889 quidam
2714 5843 2836 5881 mss.
2861 5831 2926 5887 ιις
2944 5827 3054 5878 νοῦν
3077 5826 3327 5889 imam.
3357 5822 3527 5873 Morel.
3554 5830 3603 5873 et
3626 5823 3713 5875 alii
3737 5823 3801 5883 εἰς

2137 5888 2246 5944 νοῦν
2266 5888 2517 5959 ἐλαϐόμην.
