3920 6224
207 267 311 322 ιη

208 386 364 452 ipsos
392 378 626 449 undique
663 379 886 444 cogente
922 386 936 426 :
975 376 1032 425 et
1073 381 1255 422 vacua:
1292 363 1604 420 mulieribus
1653 366 1806 417 erant

1151 252 1235 311 AD
1276 247 1591 306 POPULUM
1632 243 2116 302 ANTIOCHENUM
2170 243 2398 301 "0M"...
2431 244 2548 301 XIII

1923 357 2033 426 illi,
2061 357 2105 414 si
2126 358 2343 430 quando
2365 361 2523 415 unda:
2551 358 2805 428 impetum
2842 357 3057 414 videant
3085 359 3292 413 eminus
3336 357 3509 413 insur-

205 450 413 528 demus
437 511 452 534 ,
483 483 705 524 vacuum
737 464 864 520 viris
887 461 1063 518 forum
1086 501 1104 528 ,
1134 461 1221 515 vix
1245 469 1424 515 autem
1448 457 1556 513 duo
1579 455 1662 511 vel
1702 463 1814 510 tres
1919 458 2133 520 gentem
2153 491 2169 517 ,
2218 451 2471 521 paulatim
2507 459 2840 505 crescentem
2871 460 2925 504 et
2949 465 3139 504 navem
3165 450 3508 520 submergere

210 575 409 620 euntes
433 563 487 616 in
515 558 690 614 medio
727 554 887 612 simul
915 552 1273 616 videbantur,
1315 557 1377 606 et
1416 547 1519 619 ipsi
1547 556 1812 616 tamquam

215 655 445 710 animati
472 649 663 707 mortui
680 649 1112 710 circumeuntes;
1145 642 1424 698 abibamus
1450 640 1505 693 iit
1525 638 1702 692 forum
1729 636 1816 705 iu-

219 746 415 802 diciale
451 751 728 815 gestorum
768 738 929 794 ﬁnem
972 735 1136 790 visuri
1167 751 1181 788 :
1213 741 1269 790 et
1293 732 1546 788 collectas
1584 727 1812 784 civitatis

219 841 480 910 reliquias
515 843 832 898 cernentes,
877 829 1010 887 illud
1039 828 1277 883 omnium
1308 824 1539 880 maxime
1566 819 1814 877 admirati

218 933 421 986 fuimus
445 970 461 995 ,
500 926 644 999 quod
676 920 1014 980 multitudine
1041 921 1182 974 circa
1207 917 1350 972 fores
1376 923 1619 970 morante
1637 954 1651 977 ,
1683 921 1820 967 tam-

218 1037 383 1092 quam
419 1026 687 1091 praesente
726 1013 942 1069 nemine
967 1052 982 1077 ,
1027 1007 1298 1065 silentium
1324 1014 1438 1061 erat
1465 1001 1822 1075 profundissi-

218 1130 370 1169 mum
391 1156 407 1178 ,
438 1110 686 1168 omnibus
724 1108 867 1163 inter
893 1119 1013 1159 sese
1050 1099 1456 1171 respicientibus
1479 1137 1496 1163 ,
1527 1103 1579 1153 et
1605 1094 1819 1151 nemine

234 1205 576 1260 assistentem
622 1200 950 1268 interrogare
971 1235 985 1260 ,
1016 1202 1108 1248 aut
1134 1191 1418 1261 quidquam
1439 1187 1624 1244 audire
1636 1186 1710 1241 ab
1734 1185 1826 1242 ille

218 1299 475 1352 audente.
500 1292 808 1350 Proximum
838 1289 980 1344 enim
1001 1286 1226 1357 quisque
1243 1289 1547 1353 suspectum
1565 1278 1822 1335 habebat:

217 1386 477 1458 quoniam
505 1383 655 1438 multi
674 1381 783 1452 iam
805 1389 999 1450 przcter
1016 1389 1232 1431 omnem
1257 1388 1404 1445 spem
1417 1387 1485 1427 ex
1495 1369 1670 1426 medio
1689 1373 1828 1441 rapti

223 1479 344 1530 fore
356 1479 496 1530 intus
514 1472 897 1528 coercebantur
911 1487 925 1523 :
939 1475 1190 1523 etomncs
1205 1463 1466 1536 pariterin
1484 1462 1671 1518 cadum
1688 1461 1831 1531 aspi-

223 1570 521 1636 ciebamns,
533 1576 585 1622 et
597 1580 786 1621 manus
799 1561 1359 1624 cxtcudehamus,cum
1375 1556 1584 1612 silentio
1599 1568 1830 1626 superne

226 1661 531 1717 subsidium
557 1664 949 1728 exspectantes,
980 1663 1034 1708 et
1065 1653 1178 1708 Deo
1197 1650 1576 1721 supplicantes,
1609 1654 1667 1701 ut
1685 1645 1830 1717 iudi-

221 1769 287 1808 ca
295 1752 414 1808 ndis
430 1751 660 1816 adesset,
677 1759 730 1803 et
751 1747 1098 1820 iudicantium
1112 1743 1274 1800 corda
1287 1742 1562 1806 mulceret,
1578 1747 1632 1794 et
1647 1738 1829 1792 mitem

226 1843 432 1899 faceret
457 1841 794 1897 sententiam.
828 1837 894 1893 Et
922 1837 1056 1892 sicut
1096 1835 1186 1906 qui
1229 1832 1600 1902 naulragantes
1624 1846 1654 1885 a
1681 1838 1824 1886 terra

226 1934 449 2000 vident,
495 1931 751 1988 accedere
776 1929 990 2000 quidem
1016 1970 1032 1994 ,
1065 1937 1120 1982 et
1145 1940 1361 1981 manum
1393 1923 1666 1995 porrigere
1694 1961 1712 1988 ,
1740 1920 1827 1976 vel

229 2040 523 2081 aerumnam
563 2025 804 2078 relevare
830 2037 937 2076 non
971 2028 1230 2090 possunt,
1262 2033 1383 2073 cum
1424 2016 1581 2071 undis
1605 2028 1829 2071 arcean-

231 2128 320 2172 tur
367 2135 381 2171 :
423 2117 758 2170 extrinsecus
805 2123 981 2167 autem
1029 2111 1100 2166 ab
1150 2109 1279 2179 ipsis
1322 2106 1589 2162 littoribus
1636 2118 1828 2160 manus

229 2207 611 2272 extendentes,
642 2214 698 2262 et
736 2206 1091 2275 laerymantes
1113 2242 1129 2268 ,
1163 2201 1328 2256 Deum
1350 2206 1506 2253 erant
1529 2205 1587 2252 ut
1613 2196 1830 2251 assistat

230 2297 610 2352 ﬂuctuantibus
643 2313 656 2349 :
688 2296 758 2348 ita
797 2303 852 2349 et
891 2293 978 2347 hic
1014 2292 1174 2346 tacite
1213 2302 1400 2345 omnes
1439 2294 1618 2343 mente
1663 2286 1832 2342 Deum

235 2387 591 2453 invocabant,
623 2395 899 2456 petentes,
932 2393 990 2438 ut
1013 2383 1080 2437 ad
1119 2380 1348 2437 tribunal
1377 2379 1524 2435 velut
1551 2377 1606 2434 in
1635 2376 1828 2433 ﬂuctus

233 2479 479 2534 adductis
501 2493 718 2532 manum
747 2476 1058 2546 porrigeret,
1082 2488 1183 2529 nec
1201 2473 1402 2528 sineret
1426 2470 1690 2541 navigium
1710 2469 1837 2525 sub-

249 2571 435 2641 mergi,
471 2585 572 2625 nec
601 2571 654 2623 in
681 2580 978 2623 extremum
1006 2564 1338 2635 naufragium
1355 2561 1704 2633 iudicantium
1729 2560 1837 2616 sol-

236 2671 388 2716 verct
407 2661 683 2730 judicium.
703 2661 765 2713 Et
782 2659 897 2713 haec
920 2657 1132 2729 quidem
1150 2664 1302 2711 erant
1321 2671 1415 2726 pro
1432 2653 1664 2709 foribus:
1689 2659 1836 2723 post-

233 2769 396 2820 quam
411 2769 536 2807 vero
555 2751 862 2806 interiorem
877 2751 1050 2805 aulam
1068 2748 1422 2813 introivimus,
1437 2760 1621 2802 rursus
1633 2746 1733 2800 alia
1754 2745 1837 2801 bis

237 2845 556 2898 terribiliora
583 2842 832 2907 vidimus,
855 2841 1048 2895 milites
1067 2848 1301 2895 armatos
1323 2837 1543 2893 ensibus
1564 2845 1618 2892 et
1645 2836 1831 2901 clavis,

236 2945 296 2990 et
325 2935 543 2988 multam
571 2932 792 2987 interius
818 2930 1175 3000 iudicantibus
1213 2928 1448 2998 quietem
1497 2934 1832 2998 praestantes.

235 3025 502 3094 Quoniam
532 3023 673 3076 enim
701 3020 988 3077 necessarii
1023 3019 1239 3074 illorum
1267 3031 1488 3085 omnes,
1528 3025 1584 3072 et
1615 3031 1832 3082 uxores,

236 3128 296 3172 et
315 3127 534 3183 matres,
563 3126 616 3171 et
639 3116 762 3170 ﬁliae
785 3156 800 3180 ,
830 3123 886 3170 et
908 3121 1090 3185 patres
1110 3121 1237 3168 ante
1278 3110 1379 3166 fori
1398 3111 1616 3181 ianuam
1640 3109 1840 3165 consti-

246 3220 462 3274 terant,
513 3217 571 3263 ut
598 3208 642 3263 si
685 3207 925 3262 eveniret
965 3204 1268 3275 quempiam
1307 3201 1376 3257 ad
1416 3209 1643 3257 mortem
1690 3199 1833 3267 duci,

241 3320 402 3357 nemo
447 3317 696 3356 :crumme
748 3297 1055 3370 spectaculo
1101 3310 1394 3363 accensus,
1449 3295 1732 3350 tumultum
1781 3301 1838 3349 et

247 3395 600 3447 imitationem
643 3392 804 3446 ullam
849 3390 1047 3445 faceret
1073 3431 1089 3456 ,
1140 3401 1329 3443 omnes
1359 3386 1542 3458 procul
1583 3385 1839 3442 arcebant

245 3484 462 3546 mittes,
495 3483 729 3550 ipsorum
762 3487 994 3535 mentem
1025 3493 1220 3550 pavore
1246 3485 1700 3548 praeoccupantes.

322 3573 610 3627 Miserobile
653 3571 1014 3641 spectaculum.
1063 3599 1133 3610 —
1174 3567 1329 3637 Quod
1373 3576 1552 3623 autem
1602 3566 1837 3622 omnium

246 3665 486 3720 maxime
528 3663 861 3730 miserabile,
907 3672 1077 3718 mater
1103 3671 1160 3718 et
1203 3675 1358 3717 soror
1402 3660 1674 3731 cujusdam
1703 3702 1718 3727 ,
1749 3660 1840 3730 qui

251 3757 392 3810 intus
416 3755 769 3826 indicabatur,
803 3754 870 3808 ad
900 3753 1012 3825 ipsa
1037 3753 1387 3824 iudicantium
1411 3751 1670 3808 vestibula
1695 3750 1841 3821 iace-

253 3846 405 3910 bant,
431 3862 489 3900 se
519 3847 662 3899 lmmi
680 3854 1005 3911 sternentes,
1025 3851 1080 3899 et
1106 3858 1390 3899 commune
1416 3841 1664 3899 omnibus
1687 3841 1840 3898 factm

247 3937 719 3992 circumsmutibus
747 3935 1108 4006 spectaculum
1133 3975 1149 4002 ,
1180 3933 1365 3989 oculos
1391 3934 1596 4000 velatae,
1635 3943 1689 3987 et
1725 3942 1843 3986 tan-

255 4040 368 4083 tum
420 4029 697 4082 dumtaxat
745 4027 1164 4094 erubescentes,
1221 4033 1478 4097 quantum
1525 4025 1842 4081 calamitatis

257 4119 549 4175 necessitas
581 4118 918 4189 permittebat
949 4135 964 4172 :
993 4133 1164 4188 neque
1191 4117 1375 4172 aderat
1402 4117 1532 4188 ipsis
1573 4115 1840 4182 ancillula,

258 4227 363 4266 non
388 4212 590 4276 vicina,
624 4224 730 4265 non
759 4209 927 4264 amica
946 4251 960 4274 ,
989 4223 1094 4263 non
1125 4209 1230 4264 ulla
1261 4208 1684 4262 necessariarum
1715 4205 1838 4272 alia,

260 4304 354 4358 sed
383 4305 509 4358 sola:
553 4303 644 4358 vili
681 4303 879 4358 amictu
919 4302 972 4357 in
1023 4301 1200 4356 medio
1253 4308 1329 4356 tot
1378 4299 1604 4356 militum
1635 4299 1840 4370 positm,

261 4410 355 4463 per
383 4395 598 4447 humum
629 4407 686 4446 se
731 4393 1000 4446 trahentes
1025 4391 1164 4445 circa
1204 4391 1346 4460 ipsas
1388 4389 1532 4444 fores
1555 4431 1570 4453 ,
1621 4389 1687 4444 iis
1708 4430 1722 4455 ,
1755 4388 1844 4458 qui

263 4486 407 4540 intus
440 4484 833 4552 indicabantur,
865 4483 1106 4552 graviora
1139 4480 1470 4551 patiebantur
1493 4521 1509 4546 ,
1536 4480 1844 4535 carnificum

261 4592 444 4631 vocem
493 4576 805 4639 audientes,
851 4575 1132 4629 verberum
1171 4573 1401 4627 sonitum
1427 4614 1441 4638 ,
1483 4571 1844 4640 vapulantium

261 4671 484 4735 luctum,
509 4668 811 4723 tremendas
833 4666 1182 4736 iudicantium
1206 4665 1401 4732 minas,
1423 4672 1478 4718 et
1503 4663 1629 4718 dum
1655 4663 1848 4734 singuli

265 4761 686 4831 llagellareutur,
737 4759 1070 4829 gravioribus
1112 4772 1269 4828 quam
1298 4757 1373 4812 illi
1402 4759 1419 4790 ¹
1448 4756 1722 4812 doloribus
1765 4757 1848 4811 hae

262 4851 699 4906 conliciebautur.
725 4849 985 4920 Quoniam
1010 4849 1153 4904 enim
1182 4850 1235 4904 in
1263 4849 1488 4904 aliorum
1531 4848 1850 4903 testimoniis

263 4942 332 4996 de
352 4941 632 4995 criminum
653 4941 1012 4996 declaratione
1026 4941 1445 5012 periclitabatur,
1477 4939 1644 4994 sicubi
1665 4955 1851 5011 quem-

266 5039 408 5103 piam
427 5031 699 5103 tlagellari,
730 5043 786 5086 ut
807 5049 926 5087 reos
951 5032 1174 5099 diceret,
1198 5032 1516 5097 sentiebant,
1545 5040 1600 5086 et
1623 5031 1847 5098 ululare,

267 5127 319 5179 itt
349 5125 536 5179 ca-lum
571 5125 912 5192 respicientes
955 5125 1118 5177 Deum
1163 5124 1384 5177 orabant
1429 5132 1485 5176 ut
1532 5123 1604 5176 illi
1646 5121 1835 5176 fortitu-

267 5217 447 5270 dinem
465 5228 518 5269 et
541 5217 870 5270 tolerantiam
899 5215 1069 5280 daret,
1103 5230 1169 5269 ne
1186 5216 1605 5268 necessariorum
1632 5228 1851 5268 suorum

269 5307 414 5360 salus
425 5307 741 5376 proderetur
761 5322 852 5374 per
871 5305 1111 5370 aliorum,
1131 5321 1304 5359 aerem
1320 5305 1596 5359 verberum
1615 5305 1852 5359 dolorem

269 5399 413 5452 ferre
441 5412 547 5452 non
577 5397 863 5450 valentium
889 5438 904 5461 ,
934 5396 1291 5450 inﬁrmitatem
1327 5414 1338 5448 :
1372 5404 1425 5449 et
1451 5394 1556 5449 tale
1581 5394 1707 5465 quid
1733 5410 1854 5448 rur.

251 5502 412 5556 ,sum,
441 5488 599 5558 quale
625 5489 1002 5544 ﬂuctuantibus
1031 5489 1185 5556 solet,
1216 5487 1507 5544 accidebat.
1536 5487 1684 5543 Sicut
1712 5487 1852 5542 enim

337 5651 353 5679 ι
390 5647 462 5709 sic
476 5645 615 5709 Savil.
634 5644 803 5709 Morel.
823 5653 874 5696 et
896 5642 1183 5706 ttontet'alc.,
1207 5657 1313 5707 pro,
1334 5656 1476 5709 quam
1493 5640 1585 5704 illi,
1607 5642 1855 5707 legerunt,

247 5721 392 5771 quam
414 5706 644 5770 βαρειιωὶ
653 5743 662 5753 .

583 5799 1021 5892 ΡΑΤιιοιῙ-(ἱκ.
1066 5798 1290 5859 XLIX.

1923 540 2210 596 minantem
2235 581 2252 607 ,
2297 541 2456 596 etiam
2509 541 2813 612 priusquam
2845 541 2944 610 ipsi
2985 543 3201 611 propior
3228 541 3352 607 ﬁat,
3401 558 3513 612 prie

1924 631 2113 688 timore
2155 647 2254 687 ceu
2291 633 2484 687 mortui
2518 641 2644 687 sunt
2671 651 2685 688 :
2713 633 2794 688 sic
2829 643 2890 688 et
2919 633 3020 688 illa:
3046 634 3090 688 si
3121 634 3336 703 quando
3356 649 3515 691 voces

1923 730 1978 777 et
2015 721 2244 777 ululatus
2281 722 2568 778 audiebant
2590 724 2760 778 emitti
2785 764 2801 788 ,
2833 724 3018 778 verita:
3049 739 3115 778 ne
3153 724 3204 778 in
3236 726 3518 779 tormentis

1925 811 2228 886 latiscentes
2254 813 2344 884 qui
2385 813 2748 868 testimonium
2795 815 2975 870 dicere
3003 816 3356 885 cogebantur,
3383 831 3522 871 cou-

1926 912 2006 959 tra
2049 905 2474 960 necessariorum
2519 905 2748 976 aliquem
2791 906 3026 961 dicereut
3051 947 3070 973 ,
3115 907 3351 962 inﬁnitas
3391 919 3520 962 ante

1925 997 2109 1054 oculos
2156 1005 2359 1052 mortes
2401 997 2671 1053 videbant.
2715 998 2781 1052 Et
2823 1008 2939 1053 erat
2977 1014 3206 1054 eernere
3235 999 3378 1054 intus
3407 1010 3520 1054 tor-

1927 1099 2104 1146 menta
2128 1131 2145 1158 ,
2171 1099 2322 1146 extra
2351 1099 2614 1146 tormenta
2640 1110 2654 1146 :
2686 1092 2805 1145 illos
2839 1106 3030 1161 nempe
3055 1092 3336 1148 carniﬁces
3358 1135 3375 1161 ,
3423 1094 3519 1148 hae

1929 1199 2057 1240 vero
2083 1194 2288 1240 natura:
2331 1184 2609 1254 torquebat
2652 1184 2931 1254 imperium
2979 1195 3034 1239 et
3072 1186 3336 1241 viscerum
3371 1200 3517 1241 eom-

1929 1277 2108 1348 passio
2140 1295 2156 1332 :
2186 1277 2329 1332 intus
2372 1276 2551 1332 luctus
2576 1318 2591 1341 ,
2643 1275 2771 1330 foris
2814 1277 2990 1332 luctus
3022 1294 3036 1330 :
3083 1276 3227 1332 intus
3263 1293 3516 1343 reorum,

1931 1368 2062 1424 loris
2089 1369 2532 1425 necessariorum.
2579 1367 2694 1424 imo
2719 1384 2851 1424 vero
2889 1384 2994 1423 non
3027 1370 3124 1439 ipsi
3162 1379 3393 1437 tantum,
3424 1371 3520 1425 sed

1931 1467 1986 1516 et
2031 1459 2132 1530 ipsi
2174 1460 2384 1530 iudices
2433 1461 2599 1517 corde
2643 1461 2933 1532 lugebant,
2991 1472 3046 1517 et
3097 1464 3345 1519 omnibus
3396 1478 3520 1532 gra-

1933 1550 2078 1606 viora
2100 1551 2438 1622 patiebantu-r
2458 1593 2472 1618 ,
2514 1560 2620 1605 tant
2649 1553 2856 1607 acerhzc
2886 1553 3175 1608 calamitati
3217 1554 3521 1609 ministrare

1933 1643 2123 1698 coacti.

2002 1734 2058 1790 2.
2093 1735 2202 1806 Ego
2234 1744 2410 1792 autem
2441 1737 2685 1791 assidens
2711 1747 2765 1792 et
2797 1738 2910 1792 lnrc
2935 1752 3161 1793 cernens
3186 1780 3202 1805 ,
3229 1738 3372 1809 quod
3408 1755 3518 1793 mu-

1935 1826 2097 1882 lieres
2124 1834 2179 1882 ει
2216 1827 2446 1897 virgines
2466 1869 2480 1894 ,
2511 1827 2753 1882 thalamis
2779 1839 3032 1894 assuetae,
3065 1846 3204 1885 nunc
3236 1833 3524 1886 Commune

1934 1920 2140 1976 cunctis
2186 1921 2547 1990 spectaculum
2593 1921 2744 1977 facta:
2775 1932 2956 1977 essent
2979 1967 2991 1986 ,
3026 1933 3078 1977 et
3111 1924 3254 1978 tnolli
3297 1935 3523 1980 assueta:

1935 2019 2102 2066 strato
2126 2052 2142 2078 ,
2196 2020 2394 2067 terram
2443 2028 2542 2084 pro
2569 2023 2737 2069 strato
2765 2030 2904 2069 nunc
2947 2014 3201 2070 haberent
3225 2058 3239 2082 ,
3272 2027 3325 2069 et
3356 2031 3522 2085 nuper

1937 2111 2142 2158 tantum
2173 2113 2342 2159 nacta:
2370 2105 2680 2176 obsequium
2711 2107 3078 2161 ancillularum
3102 2149 3116 2172 ,
3154 2107 3521 2162 cunuchorum

1935 2205 1992 2250 et
2017 2197 2235 2267 reliquae
2263 2197 2439 2252 omnis
2465 2213 2673 2267 pompa:
2703 2239 2716 2261 ,
2748 2214 2886 2253 nunc
2911 2189 3158 2253 omnibus
3179 2200 3283 2253 illis
3307 2201 3523 2268 privattc

1937 2288 2004 2345 ad
2024 2289 2261 2344 omnium
2287 2289 2452 2360 pedes
2500 2300 2965 2359 prosternereutur
2987 2332 3002 2355 ,
3045 2292 3281 2361 singulos
3310 2301 3524 2346 orantes

1939 2389 1998 2436 ut
2033 2379 2232 2450 aliquid
2271 2379 2574 2451 iudicandis
2617 2397 2712 2453 pro
2754 2381 3000 2436 facultate
3047 2397 3140 2436 sua
3187 2382 3238 2434 in
3269 2382 3522 2435 auxilium

1937 2471 2282 2539 conferrent,
2311 2483 2366 2530 et
2391 2473 2549 2528 simul
2578 2489 2765 2528 omnes
2790 2473 2987 2544 aliquid
3017 2473 3394 2528 misericordiae
3419 2473 3524 2527 reis

1939 2565 2264 2630 tribuerent,
2310 2562 2437 2618 illud
2465 2563 2572 2618 dixi
2602 2564 2906 2620 Salomonis
2939 2581 2952 2616 :
2992 2562 3202 2617 Vauitas
3226 2565 3522 2624 vmtitatum,

1939 2664 1987 2710 et
2027 2656 2198 2709 omnia
2231 2655 2428 2709 adtritas
2468 2653 2738 2724 (EccleJ.
2771 2655 2826 2709 Ω.
2858 2656 2932 2721 7).
2992 2655 3245 2710 Videbam
3290 2657 3431 2712 enim
3475 2671 3528 2710 ct

1940 2749 2044 2806 hoc
2085 2749 2294 2822 ipsum,
2327 2758 2382 2805 et
2426 2747 2568 2804 aliud
2595 2749 2867 2804 oraculum
2915 2749 3045 2819 ipsis
3084 2749 3243 2804 rebus
3289 2751 3524 2821 Comple-

1941 2851 2076 2908 tum,
2104 2857 2317 2912 nempe,
2350 2840 2528 2896 Omnis
2551 2841 2715 2912 gloria
2744 2841 2963 2895 hominis
2991 2852 3228 2910 tanquam
3249 2842 3346 2912 ﬂos
3373 2843 3526 2910 (icui:

1940 2935 2183 2988 siccatum
2228 2943 2302 2989 est
2336 2938 2561 3004 fanum,
2608 2944 2654 2987 et
2684 2935 2862 2986 cecidit
2903 2935 2999 3002 ﬂos
3047 2930 3199 3005 (limi.
3230 2935 3316 2988 40.
3357 2937 3408 2988 ti.
3451 2935 3526 2996 7).

1942 3025 2150 3082 Etenim
2179 3025 2376 3081 divitia:
2405 3035 2532 3080 tunc
2560 3035 2614 3081 et
2638 3025 2886 3079 nobilitas
2911 3067 2924 3091 ,
2969 3026 3182 3080 claritas
3204 3067 3218 3090 ,
3251 3035 3304 3079 et
3334 3027 3532 3079 :ttttit'ti-

1941 3134 2060 3174 rum
2084 3119 2434 3189 patrocinium
2460 3158 2475 3183 ,
2506 3127 2561 3173 ct
2589 3118 2866 3189 cognatio,
2911 3128 2965 3173 et
3002 3119 3181 3173 omnia
3211 3119 3337 3173 vita:
3384 3119 3532 3188 adin-

1941 3221 2119 3267 menta
2145 3211 2297 3266 nihili
2337 3218 2522 3276 erant,
2567 3219 2785 3280 peccato
2828 3221 2882 3265 et
2925 3211 3200 3281 iniquitate
3243 3213 3524 3266 commissa

1941 3317 2156 3359 omnem
2197 3301 2335 3358 hanc
2361 3317 2517 3372 opem
2542 3301 2883 3358 subvertente
2915 3319 2928 3355 :
2961 3311 3014 3357 ct
3043 3303 3180 3356 sicut
3205 3303 3529 3357 avicularum

1942 3403 2114 3450 mater
2141 3393 2298 3465 pullis
2322 3393 2543 3448 sublatis
2573 3393 2820 3457 veniens,
2857 3401 2910 3446 et
2936 3392 3115 3446 nidum
3140 3393 3348 3447 inanem
3381 3409 3530 3448 ceu.-

1943 3489 2156 3560 periens
2180 3529 2197 3556 ,
2246 3503 2372 3543 suos
2399 3487 2612 3558 quidem
2644 3487 2814 3557 pullos
2842 3496 3026 3558 captos
3066 3488 3277 3558 eripere
3303 3503 3408 3542 non
3434 3504 3532 3558 po-

1944 3589 2082 3646 test,
2109 3580 2378 3635 venatoris
2411 3587 2588 3634 autem
2618 3593 2808 3634 manus
2845 3579 3235 3634 circumvolans
3256 3622 3272 3648 ,
3315 3595 3408 3649 per
3436 3579 3535 3633 hoc,

1945 3675 2117 3744 ipsum
2134 3673 2376 3730 dolorem
2406 3689 2558 3728 suum
2585 3673 2916 3728 demonstrat
2945 3691 2958 3724 :
2985 3673 3062 3728 sic
3083 3681 3137 3728 et
3160 3673 3262 3726 illa:
3288 3672 3535 3726 mulieros

1945 3775 2072 3822 tunc
2103 3765 2385 3830 faciebant,
2405 3766 2572 3835 raptis
2592 3766 2689 3820 sibi
2717 3764 2877 3820 domo
2905 3764 3047 3830 ﬁliis,
3080 3773 3134 3821 et
3156 3765 3376 3820 interius
3403 3774 3534 3818 tam-

1946 3872 2103 3928 quam
2134 3859 2186 3911 in
2213 3865 2326 3912 rete
2364 3856 2628 3926 quoddam
2660 3855 2744 3910 vel
2789 3855 3033 3926 laqueum
3077 3857 3342 3926 arreptis,
3382 3870 3536 3909 acce-

1946 3948 2074 4003 dere
2098 3947 2309 4018 quidem
2332 3955 2386 4001 et
2409 3947 2617 4016 eripere
2637 3953 2821 4015 captos
2847 3961 2950 4000 nou
2970 3954 3216 4015 poterant
3240 3963 3251 3996 :
3276 3944 3369 3998 sed
3393 3943 3533 3998 circa

1953 4039 2091 4093 l'orcs
2122 4038 2264 4108 ipsas
2291 4052 2347 4091 se
2375 4035 2664 4090 volutaudo
2683 4076 2698 4101 ,
2732 4035 2960 4105 lugendo
2985 4076 3000 4100 ,
3026 4034 3310 4104 gemendo,
3340 4045 3395 4088 et
3420 4036 3532 4104 spi-

1948 4127 2272 4182 eulatoribus
2317 4126 2673 4196 propinquare
2715 4124 2964 4180 tentando
3017 4125 3258 4178 dolorem
3310 4125 3536 4179 demon-

1949 4221 2210 4274 strabant.
2243 4218 2367 4274 llaec
2407 4217 2654 4290 equidem
2683 4227 2810 4272 tunc
2840 4218 3103 4287 aspiciens
3126 4258 3142 4283 ,
3174 4217 3225 4271 in
3258 4217 3399 4272 illius
3423 4228 3532 4273 tre-

1951 4313 2128 4370 mendi
2155 4312 2340 4384 iudicii
2368 4312 2743 4382 cogitationem
2762 4310 2902 4376 veni,
2923 4321 2970 4364 et
3001 4310 3139 4364 intra
3158 4325 3243 4365 me
3261 4309 3499 4365 dicebam
3523 4330 3534 4363 :

1952 4407 2009 4464 Si
2040 4422 2179 4462 nunc
2221 4407 2288 4462 ab
2323 4405 2628 4461 hominibus
2657 4403 3019 4474 iudicantibus
3052 4419 3156 4456 non
3187 4412 3358 4457 mater
3379 4444 3396 4469 ,
3427 4419 3532 4458 tton

1953 4514 2105 4554 soror
2129 4539 2142 4563 ,
2173 4512 2276 4552 non
2304 4505 2454 4566 pater
2477 4538 2492 4562 ,
2523 4509 2629 4550 non
2657 4494 2792 4548 alius
2818 4493 3076 4564 quiSpiam
3100 4533 3114 4560 ,
3149 4494 3270 4548 licet
3295 4508 3326 4546 a
3348 4507 3533 4563 perpe-

1954 4590 2104 4644 tratis
2133 4589 2403 4652 immunis,
2437 4602 2558 4642 reos
2583 4586 2789 4656 eripere
2813 4594 3006 4655 potest,
3033 4585 3150 4656 quis
3181 4585 3232 4639 in
3265 4587 3542 4642 tremendo

1954 4679 2153 4734 Christi
2201 4678 2403 4748 iudicio
2453 4676 2606 4731 nobis
2656 4675 2887 4730 adstabit
2937 4674 3270 4746 iudicandis?
3318 4675 3441 4748 quis
3485 4678 3537 4730 in

1956 4787 2141 4827 vocem
2166 4785 2449 4839 erumpere
2475 4769 2728 4824 audebit?
2765 4770 2886 4839 quis
2911 4768 3167 4823 abductos
3191 4767 3258 4823 ad
3289 4769 3542 4824 intolera-

1954 4862 2092 4919 biles
2142 4863 2258 4917 illas
2310 4877 2498 4933 ptenas
2551 4862 2760 4930 eripere
2810 4860 3042 4914 valebit?
3094 4860 3252 4930 Atqui
3310 4859 3542 4916 civitatis

1959 4956 2232 5026 primates,
2264 4955 2352 5026 qui
2375 4965 2499 5009 tunc
2522 4953 2933 5023 iudicabantur,
2963 4961 3134 5016 erant,
3163 4965 3216 5007 et
3239 4952 3413 5023 ipsum
3445 4971 3541 5007 no-

1962 5046 2177 5105 bilitatis
2197 5056 2374 5117 caput.
2423 5049 2668 5100 Attamen
2702 5044 2806 5097 hcti
2831 5042 3073 5108 fuissent,
3097 5044 3139 5098 si
3167 5046 3286 5113 quis
3313 5045 3393 5100 eis
3418 5059 3547 5099 con.

1962 5139 2228 5202 cessisset,
2260 5145 2317 5191 ut
2345 5137 2647 5190 amittentes
2668 5136 2862 5199 omnia,
2894 5146 2966 5202 et,
2999 5133 3045 5190 si
3067 5135 3544 5206 oporteret,ips:tm

1964 5233 2256 5286 libertatem
2280 5273 2295 5297 ,
2348 5229 2596 5299 praesenti
2634 5227 2736 5281 vita
2779 5229 3093 5296 potirentur.
3146 5226 3239 5282 Die
3267 5240 3394 5280 vero
3432 5225 3545 5294 iam

1962 5334 2151 5380 exacto
2169 5365 2184 5388 ,
2216 5321 2733 5394 profundissimoque
2761 5320 2900 5374 facto
2928 5334 3148 5388 veSpere
3172 5359 3187 5382 ,
3215 5332 3336 5373 cum
3361 5314 3548 5385 iudicii

1863 5461 1867 5471 .
1966 5417 2087 5471 linis
2113 5424 2513 5486 exspectaretur
2533 5453 2548 5480 ,
2579 5413 2630 5466 in
2662 5411 2850 5481 maiori
2869 5421 3022 5466 erant
3048 5425 3236 5464 omnes
3257 5407 3551 5473 anxietate,

1968 5518 2021 5563 et
2049 5523 2077 5560 a
2105 5492 2213 5562 Deo
2252 5505 2502 5576 petebant
2540 5505 2846 5558 dilationem
2883 5502 3109 5571 aliquam
3133 5510 3185 5554 et
3213 5497 3549 5569 prorogatio-

1969 5615 2090 5656 nem
2121 5599 2236 5654 ﬁeri
2261 5640 2278 5666 ,
2323 5609 2376 5652 et
2413 5596 2762 5667 iudicantium
2791 5594 2970 5648 animo
2995 5592 3203 5648 immisti
3225 5633 3242 5658 ,
3265 5601 3324 5646 ut
3351 5591 3417 5647 ad
3444 5591 3551 5646 lm-

1974 5693 2233 5766 peratoris
2252 5690 2568 5748 sententiam
2591 5689 2846 5746 referrent
2876 5685 3259 5758 exquisitorum
3288 5684 3552 5756 cognitio-

3188 5774 3228 5837 9
