3920 6224
404 214 500 270 Γττ]
1115 207 1174 261 S.
1212 203 1490 261 JOANNIS
1527 199 2000 258 CIIRYSOSTOMI
2038 198 2349 257 ARCHlEP.
2389 191 2921 255 CONSTANTINOP.

400 343 519 381 nem
565 344 579 381 :
616 324 734 379 fore
780 321 924 377 enim
968 320 1210 376 fortassis
1251 317 1463 387 aliquod
1514 319 1709 370 bonum
1759 330 1827 370 ex
1877 315 1975 369 hac

398 421 668 475 dilatione.
718 416 781 471 Et
821 427 1132 471 communes
1157 426 1187 464 a
1233 410 1426 480 populo
1475 406 1884 477 suppiicationes
1908 403 1981 458 ad

397 511 651 580 benignas
678 507 765 562 Dei
783 520 941 560 aures
967 501 1363 564 omittebantur,
1386 506 1444 553 ut
1469 506 1707 553 servaret
1727 495 1977 565 reliquias

396 599 663 664 civitatis,
713 610 812 651 nec
862 595 1030 664 ipsam
1074 607 1103 646 a
1151 589 1506 645 fundamentis
1553 587 1768 658 penitus
1803 587 1979 642 ειη-ιι

398 693 617 746 sineret.
660 689 767 742 Nec
792 685 974 741 videre
1011 683 1205 738 licebat
1232 694 1549 752 quemquam
1579 694 1685 733 non
1713 677 1831 735 haec
1854 692 1976 733 tum

398 782 646 852 lacrymis
687 781 1001 834 clamantem
1032 793 1046 830 :
1080 783 1440 830 verumtamen
1470 772 1597 826 nihii
1624 782 1807 826 eorum
1830 768 1977 838 judi-

396 890 486 928 ιςιεε
503 872 722 928 interius
746 883 934 924 causas
961 866 1234 921 audientes
1258 874 1384 920 tunc
1414 862 1617 918 inﬂexit
1646 878 1662 915 :
1692 860 1789 917 sed
1814 873 1975 914 unum

395 964 566 1019 solum
599 958 990 1031 respiciebant,
1032 966 1082 1012 ut
1122 956 1345 1027 diligens
1380 953 1783 1010 conmissorum
1827 959 1976 1020 qna-

393 1056 496 1110 stio
525 1054 707 1119 ﬁeret,
750 1060 806 1107 et
833 1061 1103 1127 postremo
1129 1047 1333 1103 catenis
1360 1046 1489 1116 ipsis
1516 1044 1724 1114 injectis
1773 1043 1825 1098 in
1850 1057 1977 1098 car-

393 1160 570 1201 cerem
616 1160 711 1215 per
744 1140 1182 1199 mediumforum
1223 1139 1483 1210 agebant,
1529 1137 1771 1191 homines
1809 1148 1979 1203 eques

392 1235 538 1305 domi
558 1235 779 1301 alentes,
816 1233 993 1287 bravia
1024 1244 1320 1301 proponere
1348 1228 1554 1293 solitos,
1585 1226 1794 1294 aliaque
1820 1224 1978 1279 innu-

394 1342 538 1382 mcra
567 1326 804 1395 valentes
828 1324 1052 1379 clariora
1083 1333 1365 1375 numerare
1393 1317 1565 1372 ofﬁcia
1595 1335 1608 1371 :
1638 1315 1776 1370 bona
1801 1312 1977 1385 publi-

394 1421 615 1484 cabant,
648 1429 702 1472 et
730 1418 782 1471 in
816 1416 1052 1470 omnium
1086 1412 1284 1467 foribus
1310 1409 1575 1481 signacula
1602 1422 1825 1463 cernere
1850 1405 1979 1461 lico-

397 1512 500 1563 bat.
532 1510 599 1563 Et
636 1508 827 1562 horum
859 1520 1051 1561 uxores
1079 1513 1297 1575 paterna
1321 1501 1480 1556 domo
1507 1500 1693 1571 ejecta:
1713 1538 1728 1565 ,
1756 1498 1979 1568 singulas

397 1601 524 1655 illud
563 1601 742 1654 uxoris
789 1598 889 1653 Job
930 1613 1022 1667 per
1068 1611 1228 1667 opera
1278 1595 1610 1664 implebant:
1644 1592 1860 1649 domum
1908 1606 1977 1646 ex

392 1692 562 1758 domo
590 1699 645 1744 et
692 1690 868 1743 locum
894 1704 960 1742 ex
997 1687 1117 1741 loco
1145 1686 1534 1752 circumibant,
1581 1682 1856 1738 diversorii
1888 1682 1974 1738 in-

393 1783 632 1851 digentes
681 1798 694 1834 :
744 1794 841 1833 nec
866 1778 1008 1833 enim
1040 1777 1139 1832 hoc
1165 1778 1335 1846 ipsum
1360 1784 1477 1831 erat
1521 1776 1652 1846 ip~is
1705 1773 1862 1831 facile
1887 1791 1974 1830 re-

394 1871 603 1940 perire,
655 1883 969 1939 unoquoque
1015 1867 1233 1922 timente
1273 1877 1328 1922 et
1371 1874 1633 1921 tremente
1672 1864 1974 1935 quempiam

395 1976 604 2014 reorum
636 1960 1055 2013 necessariorum
1087 1956 1358 2027 suscipere
1382 1966 1436 2011 et
1454 1971 1596 2011 curre
1627 1956 1843 2010 habere.

440 2051 737 2106 'Cnlamilas
783 2051 851 2104 (id
888 2051 1115 2104 uirtutem
1157 2049 1316 2103 ducit.
1348 2077 1418 2091 -
1467 2048 1844 2103 Verumtamen
1893 2055 1971 2103 tot

391 2144 479 2196 illa
519 2142 678 2211 passi,
706 2141 954 2196 omnibus
990 2140 1072 2195 his
1099 2140 1329 2195 contenti
1353 2149 1505 2194 erant
1527 2177 1543 2204 ,
1588 2138 1839 2208 quoniam
1867 2137 1973 2192 vita

392 2246 497 2286 non
528 2230 834 2285 exciderant
859 2230 1108 2301 przcscuti
1138 2247 1150 2284 :
1181 2238 1232 2283 et
1273 2243 1443 2300 neque
1470 2228 1809 2297 pecuniarum
1837 2226 1974 2281 mul-

390 2330 476 2375 cta
504 2363 517 2386 ,
550 2336 721 2391 neque
750 2320 1033 2390 ignominia
1056 2362 1070 2385 ,
1100 2335 1269 2389 neque
1300 2327 1443 2372 tanta
1474 2318 1735 2372 traductio
1754 2359 1769 2384 ,
1799 2332 1973 2387 neque

389 2412 760 2481 quodcumque
797 2409 940 2464 aliud
967 2409 1264 2480 lmjusmodi
1298 2410 1440 2479 ipsos
1466 2407 1760 2461 mordebat.
1808 2407 1969 2462 Cala-

390 2504 588 2558 mitatis
625 2504 765 2558 cuitu
801 2503 1138 2572 magnitudo,
1181 2511 1235 2556 et
1266 2500 1465 2570 majora
1494 2499 1575 2554 bis
1614 2499 1845 2570 patiendi
1873 2514 1968 2552 ex-

389 2596 662 2664 spectatio,
694 2609 878 2649 corum
905 2594 1109 2647 animos
1141 2592 1497 2660 philosophari
1529 2601 1729 2643 tantum
1757 2590 1965 2644 elfecit:

389 2696 442 2742 ct
471 2695 593 2742 tunc
618 2685 927 2748 discebant,
959 2699 1114 2750 quam
1142 2683 1310 2736 facilis
1343 2683 1411 2735 sit
1438 2682 1588 2735 nobis
1619 2683 1804 2745 virtus,
1837 2700 1848 2749 ι
1873 2696 1964 2735 ro-

387 2777 537 2831 clivis
562 2787 616 2831 et
655 2775 900 2844 expedita
925 2816 938 2839 ,
987 2784 1041 2828 et
1079 2774 1217 2843 quod
1262 2788 1357 2842 per
1399 2781 1637 2827 nostrum
1695 2772 1967 2826 dumtaxat

389 2867 684 2937 neglectum
731 2865 988 2918 laboriosa
1027 2880 1110 2918 res
1154 2879 1272 2918 esse
1313 2863 1570 2918 videatur.
1620 2864 1679 2917 lli
1709 2863 1848 2918 enim
1879 2863 1966 2934 qui

390 2959 545 3027 paqu
597 2969 720 3011 ante
772 2957 1096 3011 IttodiCaruttt
1152 2958 1400 3010 ιιιτιιιτιιιιι
1457 2957 1798 3026 pecuniarum
1861 2973 1968 3012 non

387 3064 537 3118 aeque
566 3049 796 3102 tulerunt
815 3088 828 3111 ,
877 3046 1075 3116 majore
1106 3047 1269 3116 pressi
1304 3046 1614 3111 formidine,
1643 3061 1761 3102 cum
1787 3048 1965 3101 omnia

386 3153 478 3193 sua
508 3138 811 3193 amisissent
834 3179 849 3205 ,
880 3151 943 3192 ac
974 3138 1016 3190 si
1048 3136 1352 3191 thesaurum
1391 3136 1750 3202 invenissent,
1796 3139 1874 3192 sic
1909 3153 1967 3192 se

388 3230 672 3297 habebant,
699 3231 946 3301 quoniam
983 3230 1212 3283 animam
1253 3245 1356 3283 non
1387 3229 1745 3298 perdiderant.
1788 3229 1967 3297 Itaque

385 3323 427 3374 si
457 3320 644 3375 futura!
672 3336 860 3376 sensus
882 3321 1139 3390 gehennze
1166 3334 1263 3375 nos
1292 3328 1530 3386 teneret,
1571 3329 1624 3374 et
1664 3320 1966 3373 intolerabi-

388 3413 462 3466 les
491 3413 602 3465 illas
627 3413 981 3482 cogitaremus
1022 3426 1207 3482 pmnas
1230 3453 1244 3478 ,
1277 3412 1483 3467 etiamsi
1511 3427 1622 3466 rem
1652 3419 1705 3465 et
1732 3411 1965 3464 animam

385 3515 438 3557 et
460 3519 655 3571 corpus
685 3504 773 3557 Dei
804 3504 1005 3572 legibus
1032 3503 1433 3557 tradidissemus
1453 3541 1470 3567 ,
1506 3518 1608 3555 non
1635 3501 1961 3567 doleremus,

386 3595 614 3648 scientes
657 3593 797 3662 quod
851 3592 1049 3663 majora
1095 3593 1452 3655 lucrabimur,
1496 3607 1526 3645 a
1573 3590 1763 3647 futuris
1812 3592 1965 3646 malis

389 3685 773 3737 liberationem.
825 3682 988 3738 Forte
1033 3698 1127 3736 cor
1168 3693 1399 3735 vestrum
1449 3697 1553 3735 non
1586 3697 1768 3751 parmn
1797 3683 1966 3736 dicto-

388 3790 500 3829 rum
525 3775 819 3844 deploratio
846 3773 1068 3828 mollivit
1095 3789 1110 3839 ;
1139 3772 1229 3827 sed
1262 3788 1328 3826 ne
1355 3773 1532 3826 feratis
1547 3788 1686 3842 argre
1720 3790 1733 3826 :
1766 3780 1963 3827 ctenim

385 3866 632 3935 quoniam
664 3865 967 3920 subtiliores
1015 3880 1131 3919 sum
1176 3878 1524 3934 aggressurus
1567 3864 1881 3929 sententias,
1910 3873 1966 3918 et

386 3958 640 4013 mollioris
680 3955 890 4026 indigeo
928 3955 1153 4021 mentis,
1195 3954 1296 4010 hoc
1336 3954 1433 4009 feci
1463 3953 1531 4010 de
1575 3955 1875 4009 industria:
1909 3964 1965 4009 ut

385 4049 700 4105 narrationis
726 4048 913 4105 timore
942 4064 1092 4103 mens
1120 4058 1289 4102 vestra
1314 4048 1455 4102 omni
1477 4057 1690 4116 torpore
1715 4062 1960 4109 excusso,

385 4143 449 4194 ab
471 4142 715 4196 omnibus
757 4157 1049 4211 exs-urgens
1086 4141 1206 4194 vita:
1238 4140 1410 4204 curis,
1461 4140 1625 4194 multa
1651 4154 1770 4194 cum
1800 4140 1965 4194 facili-

385 4242 489 4286 tate
536 4232 588 4285 in
631 4233 821 4285 animo
860 4232 1172 4300 profundum
1217 4231 1560 4285 dicendorum
1593 4231 1840 4285 virtutem
1871 4231 1962 4285 de-

386 4328 575 4380 mittat.

455 4419 504 4469 5.
532 4417 671 4471 S-lllS
698 4416 855 4485 igitur
883 4427 932 4468 et
964 4417 1105 4484 prius
1147 4414 1297 4468 nobis
1336 4430 1514 4467 sermo
1548 4408 1958 4480 demonstravit,

383 4507 521 4579 quod
567 4508 822 4560 naturalis
857 4504 1013 4559 nobis
1050 4504 1120 4559 sit
1160 4506 1316 4559 insita
1358 4505 1442 4559 lex
1466 4504 1729 4560 bonorum
1754 4519 1809 4560 et
1833 4522 1962 4560 con-

385 4600 662 4655 trariorum
696 4616 709 4652 :
739 4606 796 4651 ut
835 4605 1009 4650 autem
1049 4596 1376 4651 manifestior
1406 4596 1560 4652 nobis
1602 4595 1695 4651 ﬁat
1735 4596 1959 4651 demon-

381 4691 588 4753 stratio,
610 4689 665 4745 in
694 4689 879 4745 eadem
918 4699 972 4743 et
1001 4686 1158 4742 hodie
1187 4703 1490 4744 sermOnum
1521 4691 1741 4745 materia
1772 4691 1959 4744 iterum

381 4780 773 4836 desudabimus.
832 4778 961 4834 Nam
1010 4779 1151 4849 quod
1193 4780 1260 4834 ab
1304 4781 1453 4834 initio
1503 4780 1642 4836 Deus
1688 4782 1959 4836 hominem

381 4872 622 4942 fingens,
671 4879 891 4938 utraque
937 4869 1335 4940 dignoscentem
1379 4872 1563 4927 fecerit
1607 4871 1819 4941 ipsum,
1868 4873 1962 4927 de-

382 4971 677 5018 tnonstraut
725 4979 909 5017 omnes
954 4961 1201 5017 homines
1242 4981 1262 5021 7:
1312 4979 1433 5018 cum
1486 4979 1769 5034 peccamus
1818 4966 1959 5019 cnim

380 5056 539 5111 ctiam
575 5053 810 5110 subditos
848 5068 1126 5118 veremur;
1173 5063 1227 5108 et
1256 5069 1398 5124 sa-pe
1436 5054 1683 5108 dominus
1724 5065 1959 5109 seorttnn

379 5148 584 5212 adiens,
606 5155 795 5217 postea
824 5160 1096 5199 serVorutn
1133 5145 1432 5216 quempiam
1462 5143 1841 5198 modestiorum
1875 5144 1958 5196 in-

381 5244 544 5297 tuitus
567 5241 813 5308 erubuit,
850 5249 905 5295 et
936 5240 1002 5293 ab
1033 5241 1129 5293 bac
1167 5239 1405 5307 improba
1433 5240 1512 5289 via
1540 5238 1780 5292 recessit.
1818 5237 1957 5291 Ilur-

380 5351 496 5388 sum
524 5349 645 5387 cum
674 5333 756 5387 alii
785 5348 881 5386 nos
915 5330 1216 5387 nominibus
1241 5330 1365 5384 vitia
1397 5340 1574 5383 nostra
1606 5328 1962 5404 iudicantibus

380 5426 719 5495 compellant,
746 5425 1118 5480 contumeliam
1147 5421 1197 5476 id
1228 5437 1349 5477 esse
1376 5422 1603 5475 dicimus
1631 5439 1643 5474 :
1674 5421 1794 5474 etsi
1823 5437 1961 5490 :rgre

384 5515 613 5569 feramus
636 5557 650 5580 ,
700 5516 750 5569 in
783 5515 1036 5584 judicium
1068 5528 1161 5567 eos
1185 5511 1272 5580 qui
1315 5509 1364 5565 id
1399 5510 1635 5565 fecerunt
1681 5512 1956 5566 trahimus.

387 5610 457 5663 Ita
487 5607 702 5673 scimus,
734 5607 858 5679 quid
887 5607 1090 5670 vitium,
1127 5603 1253 5678 quid
1284 5604 1445 5659 virtus
1474 5603 1559 5657 sit.

3568 204 3668 258 ΗΟ

2106 307 2279 378 Leges
2294 308 2705 380 charﬂatiurga
2728 311 3039 378 proci-imum;
3062 337 3130 350 ——
3151 309 3261 365 Hoc
3284 310 3672 383 quippeipsnm

2083 412 2136 456 et
2161 400 2405 456 Christus
2433 400 2748 466 deorum»,
2792 411 2849 455 et
2885 400 3262 457 demonstrans
3298 419 3358 459 se
3404 406 3535 460 nihil
3566 422 3665 460 no-

2080 509 2244 561 vum,
2265 500 2358 547 aut
2380 500 2618 547 nostram
2645 491 3025 547 transcendens
3054 501 3294 549 naturam
3317 497 3545 560 sancire,
3572 499 3671 553 sed

2084 585 2170 649 id,
2215 583 2357 654 quod
2392 598 2421 637 a
2449 582 2711 654 principio
2751 585 3095 639 conscientia:
3137 585 3401 641 indiderat
3445 599 3669 650 nostras,

2084 686 2201 748 post
2230 675 2424 729 multas
2445 675 2561 729 illas
2584 673 2939 730 heatitudines
2966 674 3037 730 ita
3073 676 3288 732 dicebat
3316 696 3329 732 :
3358 680 3484 745 Qua:
3515 679 3672 734 vultis

2083 776 2134 820 ut
2161 767 2348 836 faciant
2376 765 2510 819 vobis
2537 764 2784 829 homines,
2811 765 2919 820 hac
2945 775 2992 820 et
3016 778 3101 821 ros
3122 769 3274 837 facile
3294 770 3417 837 ipsis
3446 771 3669 841 (Matth.

2084 858 2137 912 ’Ῑι
2168 856 2278 927 l‘i).
2309 856 2425 912 Non
2450 870 2583 926 opus
2604 865 2686 910 est
2702 856 2882 912 multis
2897 859 3251 926 sermonibus,
3277 860 3467 930 inquit,
3495 878 3674 934 neque

2082 948 2303 1017 prolixis
2335 947 2569 1018 legibus,
2615 960 2717 1002 nec
2740 950 2887 1003 varia
2909 949 3150 1006 doctrina
3175 968 3190 1009 :
3218 953 3462 1009 Voluntas
3486 963 3574 1009 tua
3599 957 3671 1011 sit

2083 1038 2187 1093 lex.
2237 1038 2324 1092 Vis
2369 1038 2623 1093 beneﬁcia
2667 1039 2897 1107 capere?
2934 1041 3124 1097 confer
3148 1042 3462 1100 beneﬁcium
3491 1047 3670 1101 alteri.

2081 1129 2177 1187 Vis
2216 1130 2632 1186 misericordiam
2667 1132 2966 1201 consequi?
3010 1134 3267 1190 miserere
3296 1137 3542 1206 proximi.
3577 1138 3672 1193 Vis

2081 1222 2321 1279 laudari?
2366 1225 2518 1282 lauda
2565 1230 2749 1284 alium.
2798 1228 2891 1283 Vis
2929 1227 3137 1281 amari?
3172 1243 3312 1282 ama.
3341 1229 3430 1283 Vis
3470 1230 3673 1299 primas

2081 1314 2319 1373 habere?
2359 1320 2596 1374 concede
2627 1320 2744 1375 illas
2773 1320 2918 1382 prius
2961 1320 3137 1374 alteri.
3189 1319 3270 1375 Tu
3300 1320 3374 1373 sis
3397 1320 3581 1390 jndex,
3612 1333 3671 1376 tu

2080 1405 2158 1461 sis
2179 1407 2297 1462 vitm
2328 1419 2431 1462 ιιιω
2459 1409 2750 1481 Ιρείδιιιιονε
2793 1412 2857 1466 Ει
2892 1426 3104 1465 rursum
3132 1429 3147 1466 :
3176 1412 3328 1476 Quod
3359 1414 3511 1467 odisti
3529 1453 3546 1478 ,
3573 1414 3676 1466 alii

2082 1512 2145 1551 ire
2172 1498 2333 1567 [naias
2359 1497 2507 1568 (Tob.
2530 1501 2580 1555 4.
2615 1500 2724 1572 16),
2762 1500 2865 1555 Per
2898 1501 2998 1554 hoc
3024 1500 3237 1570 quidem
3267 1517 3296 1554 a
3325 1502 3464 1556 malo
3489 1501 3669 1571 fugam

2081 1585 2286 1642 inducit
2308 1628 2324 1652 ,
2359 1605 2452 1657 per
2486 1590 2618 1650 illud
2657 1600 2836 1645 autem
2866 1591 3074 1646 virtutis
3099 1592 3486 1661 operationem.
3517 1591 3667 1657 Quod

2081 1678 2252 1745 odisti,
2277 1680 2367 1733 alii
2386 1697 2447 1734 ne
2461 1681 2640 1752 facias.
2668 1681 2836 1737 Odisti
2858 1682 3231 1737 contumeliam
3260 1683 3402 1752 pati?
3424 1698 3493 1738 ne
3505 1684 3669 1738 alium

2080 1770 2282 1827 afﬁcias
2310 1773 2648 1827 contumelia.
2701 1773 2870 1829 Odisti
2914 1773 3165 1828 invidiam
3206 1774 3351 1843 pati?
3399 1788 3572 1844 neque
3613 1784 3669 1827 tu

2079 1864 2235 1923 alteri
2282 1864 2537 1918 invideas.
2592 1863 2728 1919 Olio
2774 1865 2942 1920 habes
2996 1864 3153 1919 falli?
3201 1879 3376 1934 neque
3417 1873 3469 1918 tu
3515 1863 3669 1918 fallas

2079 1956 2262 2011 alium.
2312 1956 2380 2011 Et
2415 1973 2542 2010 vero
2587 1957 2639 2010 in
2684 1958 2931 2012 omnibus
2980 1957 3275 2027 generatim
3315 1957 3361 2012 si
3404 1956 3519 2011 haec
3557 1956 3668 2011 duo

2080 2048 2240 2102 verba
2288 2047 2614 2102 retineamus
2635 2060 2664 2113 ,'
2697 2049 2798 2103 alia
2844 2048 3123 2117 disciplina
3154 2064 3260 2102 non
3289 2048 3666 2118 indigebimus.

2081 2136 2305 2192 Virtutis
2350 2139 2492 2192 enim
2548 2138 2910 2208 cognitionem
2962 2137 3152 2192 indidit
3206 2139 3400 2193 anima:
3444 2149 3665 2201 nostrar,

2077 2228 2340 2285 actionem
2395 2244 2526 2283 vero
2574 2239 2628 2283 et
2672 2228 3097 2283 emendationem
3149 2228 3410 2283 voluntati
3468 2238 3667 2284 nostra:

2077 2321 2360 2376 concessit.
2402 2321 2667 2376 Fortassis
2695 2322 2980 2377 obscurum
3004 2332 3086 2377 est
3125 2322 3264 2391 quod
3298 2321 3531 2377 dicitur:
3566 2321 3668 2391 igi-

2078 2419 2164 2467 tur
2191 2412 2243 2467 id
2279 2413 2454 2481 ipsum
2484 2411 2820 2468 manifestius
2862 2413 3085 2468 reddere
3112 2412 3366 2467 conabor.
3424 2412 3491 2467 Ut
3525 2412 3668 2466 scia-

2076 2518 2195 2558 mus
2213 2503 2353 2574 qnod
2382 2504 2579 2559 bonum
2607 2505 2679 2558 sit
2698 2504 3047 2573 temperantia
3065 2543 3079 2570 ,
3111 2520 3216 2557 non
3243 2519 3378 2572 opus
3406 2503 3668 2557 habemus

2076 2595 2284 2662 verbis,
2313 2611 2488 2665 neque
2521 2595 2763 2651 doctrina
2796 2611 2812 2649 :
2842 2605 2964 2649 nam
3005 2595 3056 2649 in
3086 2604 3272 2648 natura
3298 2594 3665 2664 cognitionem

2079 2685 2212 2740 lianc
2238 2686 2496 2742 habemus
2517 2729 2531 2751 ,
2571 2700 2673 2742 nec
2702 2701 2838 2757 Opus
2861 2696 2949 2742 est
2978 2702 3099 2740 cum
3127 2686 3400 2742 laboribus
3424 2696 3516 2741 aut
3545 2685 3668 2740 fati-

2074 2776 2375 2846 gationibus
2412 2777 2697 2832 circumire
2733 2788 2790 2832 et
2825 2790 3074 2848 quaerere
3100 2790 3167 2831 an
3208 2776 3407 2831 bonum
3432 2776 3503 2830 sit
3527 2785 3666 2830 tem-

2075 2868 2312 2936 perantia
2342 2876 2396 2921 et
2423 2869 2550 2923 utile
2580 2885 2594 2922 :
2628 2867 2721 2923 sed
2745 2868 3017 2923 communi
3042 2868 3309 2923 sententia
3338 2882 3529 2923 omnes
3557 2869 3666 2923 hoc

2072 2961 2423 3024 conﬁtemur,
2456 2969 2511 3015 et
2540 2975 2697 3016 nemo
2721 2960 2928 3016 dubitat
2949 2961 3017 3015 de
3043 2961 3258 3016 virtute.
3311 2960 3402 3015 Sic
3422 2970 3473 3014 et
3504 2961 3664 3013 adul-

2074 3054 2264 3109 torium
2297 3053 2493 3107 malum
2523 3067 2643 3108 esse
2675 3061 2953 3122 putamus,
2984 3063 3037 3108 et
3075 3068 3248 3123 neque
3275 3052 3360 3107 hic
3389 3052 3666 3108 laboribus

2071 3154 2121 3198 et
2149 3144 2426 3214 disciplina
2451 3145 2607 3199 nobis
2636 3153 2718 3200 est
2741 3159 2877 3214 opus
2901 3186 2917 3213 ,
2945 3153 3003 3199 ut
3037 3146 3239 3215 peccati
3273 3144 3427 3214 hujus
3459 3145 3665 3199 malitia

2073 3244 2356 3296 noscatur,
2388 3233 2484 3288 sed
2521 3249 2707 3289 omnes
2736 3234 2788 3288 in
2820 3234 3129 3302 bujusmodi
3158 3234 3435 3290 sententiis
3470 3250 3663 3293 sumus

2072 3339 2166 3394 per
2188 3340 2285 3378 nos
2310 3325 2457 3393 ipsos
2470 3324 2635 3391 docti,
2650 3334 2708 3380 et
2728 3328 2997 3391 virtutem,
3028 3325 3153 3380 licet
3179 3326 3345 3396 ipsam
3367 3341 3465 3381 nos
3490 3327 3661 3381 obca-

2072 3431 2230 3480 mus,
2278 3415 2718 3471 commecdatnus
2748 3431 2761 3468 :
2794 3416 2933 3469 sicut
2978 3417 3210 3471 vicissim
3258 3416 3444 3471 vitium
3469 3458 3485 3481 ,
3533 3417 3663 3472 licet

2071 3522 2356 3576 operemur
2379 3548 2392 3570 ,
2420 3509 2649 3563 odimus.
2696 3509 2759 3563 Et
2788 3508 2890 3562 hoc
2920 3507 3016 3562 fuit
3053 3508 3340 3563 maximqu
3375 3508 3464 3566 Dei
3488 3509 3655 3564 bene-

2074 3601 2248 3654 ﬁcium
2270 3640 2285 3665 ,
2330 3610 2386 3654 ut
2411 3601 2794 3655 conscientiam
2825 3601 3037 3670 quidem
3068 3611 3305 3655 nostram
3332 3611 3388 3655 et
3414 3602 3657 3657 volunta-

2073 3704 2202 3760 tem,
2228 3703 2283 3747 ct
2301 3694 2411 3762 jam
2437 3703 2559 3748 ante
2574 3694 2836 3748 actionem
2864 3693 3042 3747 virtuti
3064 3694 3374 3763 applicaret,
3405 3693 3655 3748 infestam

2070 3794 2246 3838 autem
2289 3784 2535 3839 redderet
2562 3783 2907 3854 improbitati.
2933 3783 3080 3840 Sient
3119 3785 3273 3854 igitur
3300 3771 3430 3848 disi,
3461 3784 3653 3838 horum

2070 3874 2285 3944 quidem
2338 3873 2621 3928 amborum
2664 3874 2897 3944 cognitio
2938 3874 3174 3928 omnium
3224 3873 3492 3928 hominum
3519 3888 3655 3927 con-

2070 3965 2307 4020 scientia:
2350 3966 2510 4019 insita
2554 3974 2675 4031 est,
2716 3980 2816 4020 nec
2842 3965 2950 4019 ullo
2992 3964 3287 4034 indigemus
3327 3973 3657 4034 praeceptore

2070 4057 2134 4109 ad
2166 4055 2281 4111 hcce
2310 4056 2590 4121 discenda;
2633 4055 2939 4111 emendatio
2964 4071 3092 4110 vero
3127 4055 3429 4123 laboribus,
3462 4054 3656 4109 volun-

2072 4149 2161 4202 tati
2187 4158 2239 4202 et
2267 4147 2442 4202 studio
2470 4147 2593 4201 data
2630 4155 2733 4202 est.
2779 4146 2957 4215 Quare
2999 4147 3252 4202 tandem?
3299 4147 3561 4214 Quoniam
3605 4148 3651 4202 si

2072 4248 2240 4294 totum
2289 4246 2493 4292 natum
2542 4236 2851 4304 tribuisset,
2899 4239 3014 4294 sine
3060 4238 3277 4294 coronis
3319 4248 3373 4293 et
3421 4238 3654 4307 praemiis

2069 4328 2401 4384 fuissemus:
2438 4337 2494 4382 et
2532 4329 2670 4383 sicut
2717 4329 2873 4384 bruta
2921 4330 3176 4384 virtutum
3214 4344 3346 4398 quas
3396 4327 3593 4384 habent
3619 4344 3651 4384 ι

2070 4433 2278 4485 natura,
2309 4419 2611 4475 mercedem
2635 4428 2726 4474 aut
2749 4419 2958 4475 laudem
2981 4435 3175 4487 capere
3200 4436 3305 4474 non
3325 4419 3540 4481 debent,
3573 4419 3654 4473 sic

2070 4524 2400 4580 nequenos,
2445 4509 2489 4564 si
2522 4509 2711 4564 borum
2752 4508 2949 4579 aliquid
2996 4507 3384 4562 habuissemus.
3437 4508 3653 4563 Naturae

2069 4603 2211 4657 enim
2241 4616 2460 4655 munera
2487 4616 2590 4654 non
2622 4600 2929 4655 habentium
2952 4642 2967 4666 ,
3012 4602 3103 4654 sed
3134 4601 3334 4654 datoris
3372 4610 3496 4654 sunt
3536 4599 3654 4655 laus

2067 4700 2121 4748 et
2140 4692 2557 4747 commendatio.
2610 4692 2733 4744 ideo
2752 4690 2917 4760 igitur
2946 4708 3053 4743 iion
3080 4701 3251 4744 totum
3291 4701 3493 4745 natura:
3525 4706 3653 4760 per-

2068 4781 2213 4836 misit
2243 4797 2256 4834 :
2289 4795 2352 4834 ac
2396 4796 2607 4834 rursum
2652 4781 2985 4835 voluntatem
3020 4791 3186 4835 totum
3236 4780 3443 4850 pondus
3480 4781 3656 4835 susci-

2071 4887 2196 4942 pere
2222 4886 2326 4924 non
2356 4872 2664 4936 concessit,
2697 4883 2749 4926 et
2774 4872 3119 4941 cognitionis,
3151 4879 3209 4925 et
3237 4872 3653 4936 emendationis,

2068 4978 2136 5018 ne
2160 4980 2190 5017 a
2221 4962 2429 5017 virtutis
2465 4962 2734 5017 laboribus
2753 4962 3097 5025 abhorreret;
3126 4962 3218 5015 sed
3249 4961 3413 5016 dictat
3437 4961 3654 5030 quidem

2068 5055 2170 5125 ipsi
2214 5053 2534 5109 conscientia
2579 5069 2697 5123 quae
2740 5062 2865 5109 sunt
2903 5053 3106 5123 agenda
3131 5094 3146 5117 ,
3191 5052 3256 5106 ad
3283 5051 3652 5120 operationem

2069 5160 2198 5201 vero
2224 5145 2335 5215 ipsa
2364 5144 2430 5197 de
2460 5159 2559 5199 suo
2586 5145 2770 5200 labore
2797 5143 2972 5199 affert.
3023 5145 3088 5198 Et
3130 5143 3270 5214 quod
3297 5144 3491 5197 bonum
3530 5142 3651 5211 qui-

2070 5237 2192 5290 dem
2217 5236 2288 5291 sit
2313 5236 2589 5289 moderate
2614 5234 2793 5289 virere
2813 5277 2828 5301 ,
2870 5235 2985 5289 sine
3022 5234 3203 5289 labore
3232 5233 3477 5288 novimus
3505 5248 3521 5285 :
3548 5246 3616 5286 na
3635 5261 3650 5270 -

2069 5329 2254 5385 turalis
2292 5328 2433 5382 enim
2475 5338 2557 5382 est
2605 5328 2866 5397 cognitio;
2918 5327 3320 5396 temperantiam
3373 5339 3499 5380 vero
3542 5340 3652 5378 non

2068 5435 2353 5491 possumus
2392 5435 2646 5476 exercere
2669 5461 2685 5486 ,
2718 5420 2818 5475 nisi
2847 5419 3185 5484 laborantes,
3224 5425 3279 5472 et
3304 5415 3652 5485 cupiditatem

2074 5515 2436 5575 refncnantes,
2465 5513 2793 5581 multumque
2812 5510 3100 5565 subeuntes
3129 5508 3346 5563 laboris.
3375 5506 3488 5561 Non
3510 5508 3655 5569 enim

2076 5604 2177 5658 hoc
2198 5618 2409 5676 quoque
2429 5603 2583 5657 nobis
2612 5601 2760 5657 adest
2791 5615 2821 5656 a
2851 5608 3034 5654 natura
3056 5641 3074 5669 ,
3100 5600 3234 5655 sicut
3267 5596 3498 5669 cognitio
3518 5637 3532 5664 ,
3562 5593 3657 5651 sed
