3920 6224
96 325 188 386 I39

93 447 474 518 ἐξητασμένων
511 447 598 517 τὴν
621 445 822 514 γνῶσιν
842 463 853 475 ·
883 438 1106 500 ’ἔσεσθαι
1137 449 1244 517 γάρ
1271 464 1323 498 τι
1357 447 1487 505 ἴσως
1522 438 1758 512 χρηστὸν

95 535 199 587 ἀπὸ
221 536 316 606 τῆς
341 533 686 603 ὑπερθέσεως
714 534 937 604 ταύτης.
957 535 1067 586 Kal
1096 534 1270 587 κοιναὶ
1293 532 1441 604 παρά
1460 529 1555 583 τοῦ
1583 530 1757 598 δήμου

94 623 238 675 λιταὶ
267 622 405 693 πρὸς
426 623 516 674 τὸν
549 621 932 691 φιλάνθρωπον
960 622 1090 674 Θεὸν
1124 622 1522 690 ἀνεπέμποντο,
1555 618 1625 670 τὰ
1653 615 1763 668 λε’ί-

93 707 238 778 ψανα
281 710 451 762 σῶσαι
482 709 582 780 τῆς
623 705 860 774 πόλεως,
898 710 992 762 καὶ
1041 709 1114 779 μὴ
1153 705 1414 778 περιιδεῖν
1463 705 1644 758 τέλεον
1700 705 1764 756 ἐκ

99 796 310 869 βάθρων
355 797 756 868 ἀνασπωμένην
787 797 975 867 αὑτήνι
1028 795 1132 851 Καὶ
1161 798 1261 850 οὑκ
1297 791 1365 866 ἦν
1424 796 1551 846 ίδεῖν
1578 792 1765 845 οὐδένα

98 878 358 954 ἀδακρυτὶ
397 884 570 937 ταῦτα
610 883 847 954 βοῶνταο
885 884 1000 938 ἀλλ’
1031 885 1180 954 ὅμως
1213 883 1364 937 οὐδὲν
1395 881 1601 935 τούτων
1639 880 1766 941 τοὺς

97 970 412 1034 δικάζοντας
447 970 597 1025 ἔνδον
619 971 917 1034 ἀκούοντας
943 969 1095 1042 [156]
1119 964 1440 1041 ἐπέκαμπτε
1471 969 1615 1028 τότε,
1650 965 1766 1019 ἀλλ’

101 1056 156 1109 ἓν
186 1060 344 1128 μόνον
371 1059 658 1124 ἐσκόπουν,
686 1059 834 1122 ὅπως
864 1059 1098 1129 ἀκριϐὴς
1123 1058 1346 1127 γένηται
1374 1059 1407 1128 ἡ
1437 1055 1546 1110 τῶν
1566 1055 1767 1126 τολμη-

101 1145 297 1198 θέντων
326 1147 568 1210 ἐξέτασις
586 1162 600 1176 ι
633 1147 728 1199 καὶ
751 1146 902 1210 τέλος
927 1145 1143 1210 ἁλύσεις
1167 1146 1349 1208 αὑτοῖς
1377 1144 1694 1214 περιθέντες·
1714 1157 1764 1205 ο,

102 1232 190 1288 καί
225 1233 423 1304 σιδήρῳ
452 1233 732 1305 δήσαντες,
769 1234 862 1287 ἐπὶ
895 1235 955 1287 τὸ
995 1234 1364 1306 δεσμωτήριον
1404 1231 1649 1302 ἔπεμπον
1681 1230 1767 1285 διά

103 1319 270 1390 μέσης
296 1321 392 1390 τῆς
411 1322 470 1388 ἀγ
485 1321 639 1390 ορᾶς,
658 1319 977 1392 ἀνθρώπους
1001 1320 1384 1391 ίπποτρόφους,
1406 1319 1766 1388 ἀγωνοθέτας,

101 1407 292 1476 ἑτέρας
326 1408 524 1479 μυρίας
556 1403 941 1480 λαμπροτέρας
981 1408 1203 1479 ἔχοντας
1246 1406 1496 1479 ἀριθμεῖν
1531 1407 1768 1477 λειτουρο

101 1494 254 1560 γίας,
295 1496 390 1548 καὶ
423 1495 524 1559 τὰς
558 1495 748 1559 οὐσίας
785 1495 1076 1566 ἐδήμευον,
1109 1496 1204 1550 καὶ
1241 1497 1527 1567 σήμαντρα
1561 1497 1617 1548 ἐν
1649 1497 1770 1558 ταῖς

101 1581 298 1652 θύραις,
339 1583 596 1637 ἁπάντων
625 1579 694 1655 ἦν
739 1583 885 1638 ἰδεῖν.
927 1583 1039 1637 Kal
1077 1584 1134 1636 aI
1174 1587 1427 1652 γυναῖκες
1461 1585 1517 1636 αἱ
1563 1583 1769 1635 τούτων

97 1669 196 1738 τῆς
221 1670 485 1740 πατρῴας
516 1669 912 1740 ἐκϐαλλόμεναι
939 1669 1135 1734 οἰκίας,
1161 1670 1366 1740 ἑκάστη
1387 1669 1562 1722 ἐκεῖνο
1583 1668 1644 1720 τὸ
1667 1668 1770 1737 τῆς

99 1756 356 1822 γυναικὸς
381 1754 475 1810 τοῦ
509 1755 630 1810 Ἰὼϐ
653 1757 742 1811 διά
767 1756 878 1811 τῶν
909 1756 1087 1828 ἔργων
1115 1757 1388 1828 ἐπλήρουν
1407 1773 1422 1789 ο
1453 1755 1628 1809 οἰκίαν
1659 1755 1769 1826 γὰρ

100 1842 159 1907 ἐξ
192 1843 370 1907 οἰκίας
408 1844 504 1898 καὶ
535 1845 700 1898 τόπον
737 1846 804 1897 ἐκ
836 1844 1003 1898 τόπου
1033 1844 1391 1917 περιήρχοντο
1421 1840 1768 1911 καταγωγίου

97 1929 372 1999 δεόμεναι.
418 1933 530 1986 Καὶ
557 1932 667 2004 γὰρ
695 1930 816 1985 οὑδὲ
843 1931 1001 1985 τοῦτο
1040 1933 1174 1986 αὑτὸ
1205 1933 1396 1995 αὑταῖς
1422 1931 1641 1986 εὔκολον
1675 1924 1765 2004 ἦν,

95 2017 331 2069 ἑκάστου
353 2017 649 2081 δεδοικότος
677 2019 773 2072 καὶ
799 2018 1092 2089 τρέμοντος
1108 2017 1216 2073 τῶν
1242 2017 1628 2090 προσηκόντων
1649 2019 1770 2072 τινὰ

98 2101 205 2156 τῶν
236 2104 552 2159 ὑπευθύνων
572 2104 932 2170 ὑποδέξασθαι
965 2106 1060 2158 καὶ
1093 2105 1450 2177 θεραπεῦσαι.

168 2197 239 2259 γ’.
259 2191 562 2263 Ἀλλ’ὅμως
586 2192 855 2248 τοσούτων
870 2193 1197 2265 γενομένων,
1219 2192 1474 2264 ἔστεργον
1501 2193 1637 2246 πᾶσι
1649 2191 1772 2245 τού-

95 2294 210 2341 τοις
243 2282 290 2332 οί
329 2279 631 2345 παθόντες,
675 2280 864 2352 ἐπειδὴ
910 2281 1010 2351 τῆς
1042 2279 1325 2352 παρούσης
1362 2281 1462 2334 οὑκ
1507 2280 1772 2344 ἐξέπεσαν

94 2360 275 2435 ζωῆς·
314 2364 410 2420 καὶ
448 2364 572 2420 οὕτε
602 2365 776 2438 ζημία
807 2368 1128 2438 χρημάτων,
1158 2366 1283 2421 οὕτε
1319 2367 1530 2439 ἀτιμία,
1564 2365 1688 2421 οὔτε
1735 2369 1770 2438 ή

96 2453 334 2524 τοσαύτη
367 2455 581 2526 πομπή,
603 2453 727 2508 οὔτε
749 2454 879 2508 ἀλλο
907 2473 959 2508 τι
980 2456 1090 2508 τῶν
1117 2454 1373 2510 τοιούτων
1396 2455 1548 2510 οὑδέν
1575 2455 1772 2520 αὑτοὺς

96 2541 309 2596 ἔδακνε.
338 2541 411 2595 Τὸ
440 2541 550 2613 γὰρ
579 2542 680 2613 τῆς
707 2544 994 2613 συμφορᾶς
1020 2543 1271 2614 μέγεθος,
1304 2544 1399 2598 καὶ
1431 2543 1516 2608 τὸ,
1549 2543 1771 2614 μείζονα

96 2629 574 2700 προσδοκήσαντας
602 2627 838 2695 τούτων,
869 2628 1041 2683 ταῦτα
1085 2630 1414 2700 ὑπομεῖναι,
1461 2631 1770 2699 φιλοσοφεῖν

94 2716 482 2787 παρεσκεύαζε
510 2716 608 2788 τήν
644 2715 843 2788 ψυχήν.
882 2717 994 2770 Καὶ
1035 2717 1156 2770 τότε
1190 2717 1496 2788 ἐμάνθανον
1531 2719 1649 2782 πῶς
1677 2718 1770 2772 εὑ-

93 2805 254 2859 κολον
281 2808 412 2876 ήμϊν
435 2806 468 2877 ή
495 2806 688 2878 ἀρετὴ,
711 2805 894 2878 ῥᾴδιόν
920 2822 982 2859 τε
1007 2807 1100 2861 καὶ
1125 2806 1552 2879 εὑκατόρθωτον,
1575 2807 1669 2861 καὶ
1688 2807 1770 2860 ὅτι

91 2893 252 2964 παρὰ
312 2892 410 2964 τὴν
470 2893 745 2966 ήμετέραν
789 2893 1081 2964 ὀλιγωρίαν
1133 2891 1292 2966 μόνον
1335 2893 1588 2958 ἐπίπονος
1630 2892 1770 2948 εἶναι

86 2980 264 3036 δοκεῖ.
283 2974 443 3035 Οὗτοι
471 2979 580 3051 γάρ
600 2977 650 3033 οἱ
674 2979 781 3052 πρὸ
805 2980 994 3034 τούτου
1020 2982 1322 3053 χρημάτων
1347 2981 1544 3050 ὀλίγων
1568 2980 1770 3052 ζημίαν

93 3069 195 3120 οὑκ
224 3069 543 3135 ἐνεγκόντες
572 3069 786 3140 πράως,
820 3068 1005 3140 ἐπειδὴ
1036 3069 1188 3141 φόϐῳ
1219 3070 1625 3141 κατεσχέθησαν
1654 3069 1771 3140 μεί-

96 3157 233 3223 ζονι,
275 3155 455 3208 πάντα
481 3156 550 3209 τὰ
595 3155 724 3210 ὄντα
763 3156 1149 3221 ἀποϐαλόντες,
1181 3156 1260 3221 ὼς
1297 3157 1567 3229 θησαυρὸν
1604 3157 1770 3228 εὑρη..

97 3243 255 3305 κότες
276 3241 561 3306 διέκειντο,
589 3240 671 3296 ὅτι
698 3242 797 3313 τὴν
825 3239 1000 3314 ψυχὴν
1025 3244 1052 3282 1)
1082 3241 1182 3297 οὑκ
1211 3241 1502 3297 ἀπέϐαλον.
1527 3243 1689 3296 ’Ὥστε
1722 3244 1770 3296 εί

95 3330 189 3381 καὶ
207 3329 311 3400 τῆς
334 3328 632 3400 μελλούσης
655 3330 882 3400 γεέννης
908 3326 1052 3401 εἶχεν
1082 3331 1229 3401 ἡμᾶς
1255 3331 1527 3400 αἴσθησις,
1549 3331 1643 3385 καὶ
1671 3331 1771 3394 τὰς

95 3417 408 3486 ἀφορήτους
429 3417 642 3480 ἐκείνας
658 3416 975 3488 ἐνενοοῦμεν
992 3417 1262 3483 κολάσεις,
1282 3421 1330 3472 εί
1345 3419 1441 3473 κα)⁵
1465 3418 1562 3490 τὴν
1583 3419 1770 3472 οὐσίαν

95 3503 189 3554 καὶ
215 3503 316 3573 τὴν
347 3501 524 3574 ψυχὴν
549 3505 644 3557 καὶ
679 3505 740 3556 τὸ
775 3504 934 3575 σῶμα
958 3503 1316 3576 ἐπεδώκαμεν
1353 3505 1498 3576 ὑπὲρ
1541 3506 1651 3560 τῶν
1673 3507 1769 3560 τοῦ

90 3589 230 3642 ’Θεοῦ
258 3589 460 3660 νόμων,
478 3591 578 3644 οὑκ
609 3587 675 3644 ἂν
704 3589 1045 3663 ἠλγήσαμεν,
1062 3591 1262 3655 εἰδότες
1294 3593 1375 3646 ὅτι
1401 3592 1620 3663 μείζονα
1640 3611 1769 3665 κερ-

93 3677 364 3748 δανοῦμεν
395 3676 493 3748 τὴν
521 3677 629 3732 τῶν
664 3678 967 3748 μελλόντων
1008 3679 1196 3733 δεινῶν
1240 3680 1584 3752 ἀπαλλαγήν.
1617 3681 1772 3751 Τάχα

93 3761 300 3828 ίκανῶς
347 3761 499 3836 ὑμῶν
530 3765 872 3836 κατεμάλαξε
908 3767 1006 3838 τὴν
1040 3767 1269 3839 καρδίαν
1297 3771 1330 3838 ή
1363 3768 1636 3839 τραγῳδία
1663 3769 1771 3822 τῶν

95 3852 427 3921 εἰρημένων,
449 3851 583 3905 ἀλλά
612 3853 686 3924 μὴ
709 3853 1096 3924 δυσχεράνητε.
1121 3855 1230 3908 Καὶ
1252 3855 1360 3926 γάρ
1379 3855 1572 3926 ἐπειδὴ
1593 3856 1771 3926 μέλλω

94 3939 444 4010 λεπτοτέρων
495 3939 842 4011 κατατολμᾷν
893 3941 1212 4012 νοημάτων,
1262 3943 1357 3996 καὶ
1414 3943 1772 4014 ἀπαλωτέρας

89 4025 288 4096 δέομαι
315 4026 573 4092 διανοίας,
613 4027 867 4098 ἐπίτηδες
892 4027 1050 4082 τοῦτο
1081 4028 1332 4100 ἐποίησα,
1349 4027 1490 4085 ὥστε
1518 4030 1596 4102 τῷ
1621 4031 1772 4103 φόϐῳ

95 4113 191 4166 τοῦ
214 4113 554 4184 διηγήματος
586 4113 684 4186 τὴν
713 4114 948 4168 διάνοιαν
983 4117 1135 4187 ὑμῶν
1165 4119 1346 4173 πᾶσαν
1368 4117 1770 4190 ἀποτιναξαμέ-

94 4215 194 4270 νην
213 4210 243 4238 τ
284 4199 577 4271 ρᾳθυμίαν,
605 4201 698 4254 καὶ
725 4201 834 4254 τῶν
871 4200 1140 4271 βιωτικῶν
1177 4205 1570 4261 ἁπαναστᾶσαν
1601 4206 1773 4260 ἀπάν-

94 4303 227 4350 των,
251 4286 392 4356 μετά
416 4282 614 4358 πολλῆς
641 4287 739 4357 τῆς
765 4288 1013 4351 εὐκολίας
1036 4289 1172 4361 πρὸς
1193 4291 1254 4344 τὸ
1284 4291 1445 4362 βάθος
1469 4293 1566 4364 τῆς
1595 4293 1773 4364 ψυχῆς

95 4375 474 4447 παραπέμψαι
507 4376 615 4428 τῶν
643 4375 952 4446 λεγομένων
986 4378 1083 4448 τὴν
1107 4377 1359 4450 δύναμιν.

164 4461 236 4531 γ’.
259 4462 486 4526 Ἱκανῶς
513 4463 610 4534 μὲν
643 4458 734 4516 οῦν
765 4464 858 4516 καὶ
876 4463 1213 4538 πρώηνξήμῖν
1233 4469 1261 4519 ὁ
1283 4467 1440 4534 λόγος
1471 4464 1770 4533 ἀπέδειξεν,

93 4550 178 4603 ὅτι
207 4551 440 4616 φυσικὸς
476 4551 606 4620 ήμῖν
637 4550 878 4618 ἔγκειται
909 4539 1072 4620 νόμος
1098 4553 1206 4606 τῶν
1233 4553 1412 4606 καλῶν
1444 4556 1538 4608 καὶ
1581 4554 1686 4608 τῶν
1710 4557 1772 4609 ού

91 4637 392 4690 τοιούτων
423 4636 510 4689 ἵνα
538 4637 591 4688 δὲ
627 4639 691 4690 ἐκ
723 4639 1037 4708 περιουσίας
1067 4641 1199 4709 ἡμῖν
1239 4641 1271 4711 ὴ
1306 4640 1579 4704 ἀπόδειξις
1613 4642 1774 4713 γένη-

93 4741 204 4787 ται,
239 4727 309 4793 τῇ
345 4725 482 4794 αὐτῇ
529 4727 620 4776 καὶ
661 4726 902 4796 σήμερον
950 4715 1401 4798 ἐπαγωνιούμεθα
1450 4728 1611 4782 πάλιν
1644 4731 1775 4783 ὑπο-

94 4810 247 4863 θέσει
282 4809 394 4864 τῶν
437 4809 631 4879 λόγων.
675 4812 797 4865 Ὀτι
842 4812 953 4884 γάρ
988 4813 1048 4878 ἐξ
1093 4803 1267 4886 ἀρχῆς
1292 4811 1320 4853 ά
1355 4816 1445 4869 τὸν
1488 4816 1774 4888 ἄνθρωπον

93 4898 357 4950 πλάττων
377 4899 404 4950 ὁ
419 4897 550 4961 Θεὸς
566 4900 886 4972 ἀμφοτέρων
907 4902 1067 4957 αὑτὸν
1093 4903 1511 4974 ἐπιστημονικὸν
1527 4905 1773 4976 ἐποίησε,

93 4983 323 5054 δηλοῦσι
356 4985 557 5048 πάντες
606 4985 882 5058 ἄνθρωποι
904 5004 917 5016 ·
952 4989 1078 5053 τοὺς
1107 4990 1236 5058 γοῦν
1274 4990 1606 5056 ὑπευθύνους
1645 4994 1776 5064 ἡμῖν

95 5072 476 5142 αἰσχυνόμεθα
523 5074 925 5144 ἁμαρτάνοντες
969 5077 1239 5143 ἅπαντες,
1279 5079 1373 5132 καὶ
1402 5080 1662 5146 πολλάκις
1691 5081 1778 5134 δε-

99 5160 310 5228 σπότης
344 5159 481 5231 πρὸς
516 5160 720 5232 πόρνην
759 5166 993 5231 γυναῖκα
1030 5163 1284 5233 βαδίζων,
1311 5159 1430 5218 εἶτα
1461 5166 1569 5219 τῶν
1605 5169 1778 5222 ἐπιει-

96 5247 384 5317 κεστέρων
410 5247 532 5301 τινὰ
561 5249 786 5302 οἰκετῶν
817 5249 959 5314 ἰδὼν,
989 5252 1317 5324 ἐρυθριάσας
1342 5253 1656 5325 ἀνεχώρησε
1681 5259 1780 5328 τῆς

99 5335 307 5388 ἀτόπου
340 5335 546 5406 ταύτης
587 5336 726 5392 ὀδοῦ.
764 5338 933 5391 Πάλιν
966 5337 1362 5411 λοιδορούμενοι
1408 5342 1538 5413 παρ’
1577 5344 1779 5416 ἐτέρων

98 5423 168 5476 τά
193 5423 298 5492 τῆς
328 5422 592 5494 πονηρίας
615 5424 873 5495 ὀνόματα,
900 5426 1054 5500 ὓϐριν
1071 5427 1132 5480 τὸ
1158 5428 1387 5498 πρᾶγμα
1410 5421 1548 5482 εἷναί
1570 5447 1777 5501 φαμενο

101 5511 205 5565 κᾶν
235 5509 430 5575 κακῶς
474 5511 772 5583 πάσχωμεν
799 5525 846 5576 θ,
884 5517 961 5578 εἰς,
1007 5515 1357 5587 δικαστήριον
1398 5515 1626 5588 ἕλκομεν
1653 5519 1777 5584 τοὺς

164 5618 187 5686 f‘
216 5616 369 5686 §aviL
393 5623 446 5666 .el
477 5616 668 5686 aIi_q_uol
693 5632 816 5686 n_1_s_s._
835 5619 1080 5686 ἐπιθέντες,
1100 5620 1275 5686 Morel.
1312 5625 1366 5669 et
1396 5621 1480 5670 alii
1503 5625 1784 5686 περιθέντες.

159 5675 192 5744 1}
222 5675 957 5744 ξεινιιλοιμρυὶᾂθῃι-ιιιὶἱ’ἐπειδὴ
979 5675 1255 5744 τὴνψυχήν.

105 5799 142 5853 Β
163 5742 188 5771 ο
217 5737 304 5789 Sic
323 5738 434 5798 alii,
457 5737 617 5803 inquit.
639 5741 809 5790 Monlf.
827 5781 840 5802 ,
874 5737 1060 5791 reéliUs
1086 5737 1230 5804 (quam
1266 5743 1374 5804 ipse
1396 5744 1778 5802 ἀποτινάξασθαι.

145 5814 244 5850 ωτ.

145 5814 244 5850 DIT.

165 5864 194 5936 il
223 5860 460 5936 :90.inqu
479 5861 628 5923 aliqui
657 5864 729 5913 ὅτι
753 5863 841 5929 γὰρ
866 5865 912 5922 ἐξ
933 5865 1098 5929 ἀρχῆς,
1128 5865 1246 5916 Mor.
1274 5869 1328 5916 et
1349 5865 1431 5916 alii
1453 5868 1524 5917 ὅτι
1547 5869 1593 5926 ἐξ
1613 5872 1777 5936 ἀρχῆς.

165 5925 190 5956 ⁸
208 5922 312 5976 Alii
337 5922 578 5981 πάθωμεν.

1290 6020 1322 6039 ..ρ

1067 324 1156 384 AD
1193 321 1522 384 POPULUlI
1562 317 2054 378 AN'I‘IOCIIENUM
2095 321 2322 379 HOMIL.
2365 319 2498 379 XIII.

3431 316 3528 368 HO

1867 439 2220 508 ποιήσαντας.
2252 439 2436 503 Οὕτως
2468 439 2626 511 ῐσμεν
2665 439 2715 490 τί
2766 454 2861 508 μεν
2914 434 3100 496 κακία,
3142 432 3194 484 τί
3234 431 3290 483 δὲ
3341 433 3527 501 ἀρετή.

1937 524 2108 580 Τοῦτο
2139 528 2270 596 γοῦν
2317 526 2448 581 αὑτὸ
2489 526 2584 579 καὶ
2615 527 2644 578 ὁ
2672 523 2904 595 Χριστὸς
2953 522 3232 593 ἐμφαίνων
3265 515 3415 588 [157]
3441 517 3534 568 καὶ

1864 613 2099 678 δεικνὺς,
2119 617 2201 668 ὅτι
2223 615 2375 668 οὐδὲν
2398 615 2550 681 ξένον
2575 613 2694 666 οὑδὲ
2723 611 3050 682 ὑπερϐαῖνον
3073 611 3106 680 ἡ
3116 606 3230 679 μῶν
3255 604 3354 676 τὴν
3375 605 3535 685 φύσιν

1864 702 2162 772 νομοθετεῖ.
2195 704 2310 758 ἀλλ’
2352 704 2380 757 ὃ
2427 703 2596 757 πάλαι
2645 699 2934 772 προλαϐὼν
2977 698 3346 770 ἐγκατέθηκεν
3377 691 3535 765 ὴμῶν

1864 791 1942 860 τῷ
1977 791 2260 858 συνεῶότι,
2292 792 2432 862 μετά
2458 792 2586 856 τοὺς
2616 791 2844 855 πολλοὺς
2877 789 3120 851 ἐκείνους
3153 786 3541 858 μακαρισμοὺς

1811 915 1826 924 .
1863 879 2035 943 οὑτως
2068 879 2250 948 ἔλεγεν
2271 898 2285 912 ο
2322 882 2390 932 "A
2418 879 2622 936 θέλετε
2657 880 2757 934 ἵνα
2787 877 3041 933 ποιῶσιν
3070 875 3212 946 ὑμῖν
3239 877 3292 928 οἱ
3317 873 3540 942 ἄνθρω-

1865 979 1987 1033 ποι,
2010 968 2198 1022 ταῦτα
2225 967 2327 1022 καὶ
2353 969 2523 1038 ὑμεῖς
2547 963 2764 1023 ποιεῖτε
2794 965 3017 1033 αὐτοῖς.
3036 967 3111 1019 Οὑ
3139 964 3296 1035 χρεία
3325 961 3540 1017 πολλῶν

1865 1054 2059 1124 λόγων,
2081 1057 2267 1128 φησὶν,
2296 1056 2418 1111 οὑδὲ
2448 1057 2803 1128 μακροτέρων
2829 1056 3029 1125 νόμων,
3047 1051 3167 1106 οὑδέ
3193 1050 3539 1112 διδασκαλίας

1868 1144 2116 1216 ποικίλης
2131 1161 2142 1172 ·
2162 1144 2223 1198 τὸ
2239 1143 2452 1216 θέλημά
2470 1163 2562 1198 σου
2583 1143 2823 1213 γενέσθω
2838 1144 3021 1213 νόμος.
3037 1140 3222 1203 Θέλεις
3239 1139 3542 1210 εὐεργετεῖ-

1868 1230 1993 1285 σθαι
2016 1249 2030 1296 ς
2051 1231 2407 1305 εὐεργέτησον
2435 1235 2641 1304 ἕτερον.
2660 1232 2848 1295 Θέλεις
2872 1228 3170 1297 ἐλλεεῖσθαις
3204 1227 3423 1300 ἐλέησον
3445 1228 3542 1279 τὸν

1868 1319 2116 1390 πλησίον.
2160 1320 2343 1385 Θέλεις
2375 1319 2743 1386 ἐπαινεῖσθαι;
2781 1317 3065 1372 ἐπαίνεσον
3105 1317 3308 1387 ἕτερον.
3351 1313 3545 1379 Θέλεις

1867 1407 2215 1476 ἀγαπᾶσθαι;
2246 1404 2497 1481 φίλησον.
2543 1407 2729 1472 Θέλεις
2766 1406 2877 1473 τῷν
2905 1405 3189 1478 πρωτείων
3217 1399 3530 1460 ἀπολαύειν,

1868 1494 2266 1567 παραχώρησον
2287 1494 2456 1568 ἑτέρῳ
2474 1497 2737 1568 πρότερον
2751 1495 2972 1548 τούτων.
2988 1493 3060 1545 Συ
3079 1490 3238 1560 γενοῦ
3256 1487 3543 1558 δικαστής,

1871 1584 1935 1636 σὺ
1963 1583 2123 1652 γενοῦ
2162 1584 2462 1654 νομοθέτης
2499 1585 2601 1654 τῆς
2641 1582 2838 1636 σαυτοῦ
2870 1579 3034 1650 ζωῆς.
3083 1579 3193 1632 Kal
3227 1576 3420 1629 πάλιν·
3469 1576 3539 1628 Ὃ

1863 1669 2082 1739 μισεῖς,
2108 1671 2277 1734 ἄλλῳ
2299 1669 2386 1740 μὴ
2421 1670 2706 1738 ποιήσῃς.
2742 1669 2839 1722 Διά
2870 1668 2964 1737 μὲν
2991 1665 3176 1719 τούτου
3207 1666 3306 1733 τῆς
3343 1661 3540 1724 κακίας

1869 1755 2081 1825 εἰσάγει
2108 1755 2208 1828 τὴν
2231 1756 2573 1828 ἀπαλλαγὴν,
2609 1755 2697 1809 διὰ
2720 1753 2776 1808 δὲ
2800 1755 2892 1808 τοῦ
2920 1753 3184 1822 προτέρου
3210 1752 3306 1821 τῆς
3340 1748 3541 1819 ἀρετῆς

1869 1843 1966 1915 τὴν
1996 1844 2274 1913 ἐργασίαν.
2324 1845 2394 1898 Ὀ
2425 1842 2646 1912 μισεῖς,
2682 1841 2849 1907 ἄλλῳ
2893 1841 2977 1910 μὴ
3024 1838 3304 1905 ποιήσῃς.
3349 1838 3544 1897 Μισεῖς

1871 1931 2218 2002 ὑϐρίζεσθαις
2252 1932 2327 2004 μὴ
2367 1931 2595 2003 ὑϐρίσῃς
2635 1931 2844 2002 ἕτερον.
2886 1931 3081 1991 Μισεῖς
3116 1923 3542 1996 βασκαίνεσθαις

1873 2019 2010 2090 μηδὲ
2039 2021 2103 2073 σὺ
2154 2020 2431 2091 φθονήσῃς
2465 2019 2657 2091 ἑτέρῳ.
2697 2019 2893 2081 Μἰσείς
2926 2013 3273 2078 ἀπατᾶσθαις
3311 2011 3442 2083 μηδὲ
3477 2012 3540 2064 ab

1870 2107 2164 2179 ἀπατήσῃς
2194 2107 2372 2160 ἄλλον.
2401 2106 2511 2160 Kal
2541 2106 2634 2159 ἐπὶ
2676 2107 2893 2160 πάντων
2921 2103 2976 2156 δέ
3006 2101 3213 2164 ἁπλῶς,
3248 2099 3315 2153 ἂν
3354 2099 3423 2152 τὰ
3456 2095 3552 2150 δύο

1873 2194 2093 2264 ῥήματα
2138 2194 2312 2248 ταῦτα
2359 2194 2701 2265 κατέχωμεν,
2743 2194 2804 2246 οὐ
2858 2189 3165 2263 δεησόμεθα
3198 2186 3541 2255 διδασκαλίας

1871 2281 2086 2353 ἐτέρας.
2119 2283 2232 2355 Τῆς
2263 2283 2372 2355 γὰρ
2403 2283 2606 2356 ἀρετῆς
2629 2281 2727 2353 τὴν
2759 2280 2856 2351 μὲν
2883 2278 3084 2350 γνῶσιν
3106 2276 3361 2347 ἐνέθηκεν
3387 2274 3545 2345 ἡμῶν

1869 2372 1935 2441 τῇ
1965 2369 2146 2440 φύσει,
2184 2371 2282 2443 τήν
2317 2369 2374 2425 δὲ
2419 2371 2619 2445 πρᾶξιν
2657 2371 2752 2423 καὶ
2781 2369 2880 2438 τὴν
2919 2365 3206 2437 διόρθωσιν
3249 2363 3473 2434 ἐπέτρες
3489 2379 3545 2413 εν

1869 2459 1902 2528 ἡ
1913 2458 2030 2527 μῶν
2059 2462 2126 2531 τῇ
2153 2460 2493 2530 προαιρέσει.
2514 2459 2668 2528 Τάχα
2692 2457 2900 2524 ἀσαφὲς
2923 2453 2985 2507 τὸ
3005 2453 3296 2524 λεγόμενον
3313 2469 3325 2482 ο
3351 2450 3546 2503 οὐκοῦν

1873 2547 2206 2617 πειράσομαι
2237 2546 2570 2617 σαφέστερον
2598 2544 2730 2598 αὑτὸ
2755 2543 2979 2612 ποιῆσαι
3005 2542 3188 2594 πάλιν.
3222 2541 3384 2592 ’Ὥστε
3413 2539 3547 2590 εἰδέ-

1870 2650 1957 2686 ναι
2000 2634 2090 2699 ,ὅτι
2141 2632 2306 2686 καλὸν
2343 2630 2404 2686 τὺ
2437 2634 2756 2703 σωφρονεῖν,
2805 2630 2864 2682 οὑ
2901 2628 3132 2698 δεόμεθα
3172 2627 3366 2694 λόγων,
3426 2623 3546 2677 οὑδέ

1869 2714 2216 2783 διδασκαλίας
2231 2735 2244 2749 ·
2267 2717 2463 2790 ἔχομεν
2484 2719 2592 2790 γάρ
2615 2721 2672 2772 ἐν
2692 2719 2758 2788 τῇ
2785 2715 2945 2785 φύσει
2973 2715 3071 2784 τὴν
3094 2713 3297 2783 γνῶσιν
3317 2711 3474 2766 αὑτοὶ
3499 2711 3544 2773 ί,

1871 2807 1966 2860 καὶ
1993 2807 2051 2860 οὑ
2085 2808 2243 2880 χρεία
2277 2807 2453 2860 πόνων
2481 2806 2603 2860 οὐδὲ
2631 2805 2915 2878 καμάτων,
2944 2803 3084 2858 ὥστε
3119 2800 3425 2874 περιελθεῖν
3450 2803 3546 2854 καὶ

1871 2894 2105 2968 ζητῆσαι
2157 2897 2204 2948 εί
2258 2894 2423 2949 καλὸν
2467 2897 2500 2966 ή
2552 2893 2875 2966 σωφροσύνη
2917 2890 3012 2946 καὶ
3061 2893 3362 2964 χρήσιμον,
3411 2887 3548 2942 ἁλλι

1872 2989 2026 3058 κοινῇ
2067 2985 2261 3060 γνώμῃ
2307 2983 2508 3050 πάντες
2566 2983 2936 3056 ὁμολογοῦμεν
2987 2981 3178 3042 τοῦτο,
3235 2983 3327 3035 καὶ
3374 2978 3549 3040 οὑίεὶς

1872 3073 2206 3145 ἀμφιϐάλλει
2253 3076 2386 3145 περὶ
2435 3072 2539 3145 τῆς
2580 3073 2803 3144 ἀρετῆς.
2841 3068 3000 3122 Οὑτω
3031 3070 3124 3122 καὶ
3167 3068 3265 3137 τὴν
3304 3065 3550 3138 μοιχείαν

1873 3161 2046 3216 κακὸν
2091 3158 2234 3215 εἶναι
2272 3159 2590 3232 νομίζομεν,
2623 3160 2718 3212 καὶ
2761 3157 2882 3211 οὑδέ
2931 3153 3164 3210 ἐνταῦθα
3209 3155 3387 3209 πόνων
3419 3157 3548 3225 ἡμῖν

1870 3247 1951 3302 δεῖ
1976 3250 2071 3302 καὶ
2107 3240 2415 3320 μαθήσεως,
2451 3247 2594 3301 ὥστε
2629 3248 2831 3318 γνῶναι
2856 3245 2956 3316 τὴν
2985 3245 3084 3314 τῆς
3111 3244 3385 3314 ἁμαρτίας
3415 3243 3546 3296 ταύ·

1871 3354 1972 3408 της
1992 3336 2194 3391 κακίαν
2210 3353 2223 3365 ·
2255 3335 2390 3390 ἀλλά
2411 3335 2613 3398 πάντες
2641 3337 2699 3389 ἐν
2725 3337 2846 3396 ταῖς
2866 3332 3141 3395 τοιαύταις
3163 3331 3362 3402 ψήφοις
3388 3329 3551 3399 ἐσμὲν

1871 3425 2260 3490 αὑτοδίδακτοι,
2287 3424 2382 3478 καὶ
2407 3424 2506 3494 τὴν
2535 3422 2756 3494 ἀρετὴν,
2781 3419 2884 3474 κᾶν
2911 3419 2986 3492 μὴ
3037 3419 3310 3490 μετίωμεν
3357 3413 3548 3484 αὑτὴν,

1871 3511 2238 3584 ἐπαινοῦμεν,
2274 3509 2461 3584 ὥσπερ
2499 3506 2594 3565 οὑν
2623 3510 2721 3580 τὴν
2755 3507 2974 3576 κακίαν,
3020 3507 3123 3561 κᾶν
3165 3506 3549 3579 ἐργαζώμεθα⁹

1875 3601 2162 3672 μισοῦμεν.
2186 3601 2297 3654 Kal
2330 3599 2489 3652 τοῦτο
2519 3597 2656 3651 Θεοῦ
2685 3596 3019 3668 κατόρθωμα
3047 3596 3237 3665 γέγονε
3267 3595 3547 3667 μέγιστον,

1872 3688 2012 3741 ὥστε
2051 3689 2113 3742 τὸ
2168 3688 2404 3752 συνειδὸς
2438 3687 2595 3758 ἡμῶν
2637 3687 2732 3755 καὶ
2771 3686 2870 3758 τὴν
2919 3686 3238 3759 προαίρεσιν
3275 3685 3413 3749 τέως
3456 3687 3540 3737 καὶ

1873 3777 1978 3848 πρὸ
2007 3777 2105 3848 τῆς
2138 3777 2392 3847 πράξεως
2427 3775 2709 3828 οἰκειῶσαι
2738 3777 2762 3814 ⁸
2791 3776 2885 3844 μὲν
2915 3777 2978 3844 τῇ
3012 3774 3201 3845 ἀρετῇ,
3234 3773 3553 3843 ἐκπολεμῶ-

1875 3881 1962 3916 σαι
2005 3861 2062 3916 δέ
2103 3865 2168 3934 τῇ
2221 3859 2472 3934 πονηρία.
2504 3861 2716 3932 Ὥσπερ
2763 3858 2856 3914 οὗν
2907 3861 3084 3931 ἔφην,
3127 3863 3161 3930 η
3196 3862 3297 3931 μὲν
3347 3861 3546 3928 γνῶσις

1873 3949 2150 4021 ἑκατέρων
2177 3949 2382 4002 τούτων
2413 3949 2654 4018 ἔγκειται
2687 3949 2763 4019 τῷ
2799 3949 3062 4002 συνειδότι
3094 3949 3313 4002 πάντων
3340 3947 3551 4017 ἀνθρώ-

1874 4055 2012 4102 πων,
2053 4039 2147 4089 καὶ
2177 4037 2237 4088 οὑ
2275 4033 2510 4106 δεόμεθα
2545 4034 2864 4088 διδασκάλου
2911 4034 3056 4098 τινὸς
3089 4034 3226 4104 πρὸς
3265 4035 3328 4087 τὸ
3376 4035 3552 4089 ταῦτα

1879 4125 2071 4194 μαθεῖν
2093 4141 2106 4151 ·
2136 4123 2170 4195 ή
2212 4124 2267 4176 δὲ
2303 4121 2588 4194 διόρθωσις
2639 4121 2822 4176 λοιπὸν
2872 4122 3184 4194 προαιρέσει
3213 4124 3308 4176 καὶ
3344 4124 3549 4195 σπουδῇ

1874 4211 1967 4265 καὶ
1989 4211 2172 4274 πόνοις
2193 4208 2615 4282 ἐγκεχείρισται.
2643 4209 2708 4261 Τί
2737 4210 2973 4282 δήποτε;
3005 4211 3126 4264 Ὅτι
3153 4211 3203 4263 εί
3231 4209 3292 4264 τὸ
3317 4212 3425 4264 πᾶν
3446 4211 3550 4281 τῆς

1874 4299 2089 4369 φύσεως
2143 4299 2437 4370 ἐποίησεν,
2487 4297 2860 4367 ἀστεφάνωτοι
2911 4301 3005 4352 καὶ
3057 4298 3227 4370 χωρὶς
3277 4297 3548 4370 βραϐείων

1875 4386 2190 4458 ἀπήλθομεν
2219 4387 2283 4442 ἄν
2306 4400 2320 4413 ·
2354 4385 2449 4440 καὶ
2475 4384 2663 4458 ὥσπερ
2698 4385 2765 4439 τὰ
2796 4386 2967 4454 ἄλογα
3003 4386 3112 4439 τῶν
3143 4386 3549 4458 πλεονεκτημά-

1874 4491 1983 4526 των
2041 4467 2116 4528 ὧν
2147 4473 2258 4546 ἔχει
2311 4474 2454 4528 κατὰ
2503 4473 2697 4543 φύσιν,
2748 4475 2847 4526 οὑκ
2882 4473 2947 4527 ἄν
2993 4473 3146 4527 λάϐοι
3185 4473 3377 4546 μισθὸν
3427 4476 3548 4529 οὑδὲ

1877 4560 2096 4615 ἔπαινον
2122 4580 2136 4593 ’
2173 4563 2343 4625 οὕτως
2372 4559 2493 4615 οὑδὲ
2534 4563 2697 4633 ἡμεῖς
2729 4561 3115 4632 ἀπελαύσαμεν
3141 4562 3207 4616 ἄν
3241 4580 3387 4627 τινος
3425 4565 3549 4617 τού-

1875 4665 2003 4703 των.
2032 4649 2114 4702 Τά
2145 4649 2254 4721 γὰρ
2291 4650 2391 4718 τῆς
2421 4649 2635 4718 φύσεως
2679 4649 3128 4721 πλεονεκτήματα
3159 4651 3221 4703 οὑ
3261 4651 3371 4705 τῶν
3401 4652 3550 4722 ἐχόν-

1875 4753 2006 4802 των,
2053 4737 2188 4789 ἀλλά
2230 4736 2322 4789 τοῦ
2363 4737 2655 4800 δεδωκότος
2689 4737 2834 4790 ἐστὶν
2874 4737 3093 4802 ἔπαινος
3123 4740 3216 4792 καὶ
3254 4739 3548 4811 ἐγκώμιον.

1878 4824 1954 4895 Τῇ
1984 4823 2082 4895 μὲν
2107 4820 2198 4876 οὗν
2227 4821 2387 4892 φύσει
2416 4823 2476 4876 τὸ
2501 4827 2608 4877 πᾶν
2637 4824 2736 4877 οὑκ
2762 4825 3029 4897 ἐπέτρεψε
3053 4826 3141 4879 διὰ
3165 4827 3324 4881 τοῦτο
3343 4844 3357 4858 ·
3389 4828 3553 4883 πάλιν

1878 4913 1978 4981 τὴν
2013 4912 2334 4983 προαίρεσιν
2369 4911 2662 4982 ὀλόκληρον
2703 4913 3064 4978 ἀναδέξασθαι
3103 4915 3164 4968 τὸ
3201 4916 3419 4987 φορτίον
3453 4918 3552 4971 οὑκ

1878 5001 2049 5062 εἴασε,
2089 4998 2180 5050 καὶ
2215 4999 2274 5051 τὸ
2305 5001 2402 5068 τῆς
2433 4998 2706 5068 γνώσεως,
2733 5001 2824 5054 καὶ
2854 5001 2914 5054 τὸ
2942 5001 3040 5074 τῆς
3073 5002 3430 5075 διορθώσεως,
3466 5007 3551 5058 ἵνα

1883 5087 1957 5157 μὴ
1988 5087 2122 5157 πρός
2160 5087 2249 5140 τὸν
2291 5088 2451 5140 πόνον
2493 5088 2851 5160 ἀπαγορεύσῃ
2891 5091 2988 5159 τῆς
3030 5091 3265 5161 ἀρετῆς·
3300 5092 3413 5144 ἀλλ’
3457 5094 3550 5145 ὑπ-

1879 5173 2131 5245 αγορεύει
2160 5175 2258 5244 μέν
2283 5175 2418 5246 αὑτῇ
2431 5174 2655 5249 1:0[158]
2686 5177 2922 5241 συνειδὸς
2945 5178 3012 5231 τά
3040 5179 3309 5250 πρακτέα,
3336 5181 3470 5251 πρὸς
3493 5179 3549 5231 δέ

1878 5262 1978 5334 τὴν
2023 5263 2287 5333 ἐργασίαν
2323 5263 2461 5334 αὑτὴ
2494 5265 2622 5328 τοὺς
2657 5268 2784 5335 παρ’
2811 5265 3009 5338 ἑαυτῆς
3043 5267 3286 5338 εἰσφέρει
3333 5267 3548 5330 πόνους,

1880 5350 1992 5404 Kal
2021 5351 2101 5403 ὅτι
2135 5351 2232 5420 μὲν
2279 5350 2442 5404 καλὸν
2492 5351 2554 5404 τὸ
2594 5357 2887 5424 σωφρονεῖν
2924 5354 3089 5424 μηδὲν
3125 5353 3392 5422 καμόντες
3431 5355 3550 5405 ἐπι-

1883 5437 2162 5508 στάμεθα·
2198 5439 2294 5508 τῆς
2347 5439 2560 5507 φύσεως
2606 5440 2714 5513 γὰρ
2755 5443 2787 5511 ὴ
2825 5440 3058 5510 γνῶσις’
3101 5439 3456 5510 σωφροσύνην
3497 5441 3552 5494 δὲ

1881 5525 1980 5590 οὑκ
2009 5525 2073 5578 ἂν
2107 5525 2468 5598 δυνηθείημεν
2494 5526 2838 5600 κατορθῶσαι
2873 5526 2948 5598 μὴ
2982 5527 3252 5595 καμόντες
3285 5527 3423 5598 μηδὲ
3455 5527 3552 5600 τὴν

1883 5613 2181 5683 ἐπιθυμίαν
2217 5614 2613 5684 χαλινώσαντες
2653 5615 2748 5669 καὶ
2781 5615 2948 5668 πολὺν
2984 5612 3315 5678 ὑποστάντες
3367 5616 3546 5672 πόνον.

1884 5699 2055 5754 Τοῦτο
2087 5702 2196 5771 γάρ
2230 5703 2330 5756 οὑκ
2363 5702 2444 5756 ἔτι
2479 5706 2542 5758 ἐκ
2573 5703 2786 5773 φύσεως
2818 5703 2953 5775 ἡμῖν
2987 5705 3270 5776 πρόσεστι,
3302 5706 3552 5776 καθάπερ

1952 5868 1971 5908 ἲ
2000 5870 2098 5921 Alii
2125 5872 2300 5932 αὑτῶν,
2323 5873 2406 5921 alii
2427 5871 2590 5921 αὐτοῦ.

1950 5934 1974 5973 8
2000 5933 2149 5983 Βιινὶι.
2170 5944 2218 5983 ει
2244 5934 2437 5994 quidam
2462 5936 2808 5986 οἰκειώσασθαι.
