3912 6230
366 302 458 358 141

352 507 410 562 δέ
453 508 613 570 μόνον
644 509 1006 578 ἐπεκούφισεν
1037 509 1171 578 ἡμῖν
1217 506 1278 557 τὸ
1311 503 1507 574 βάρος,
1539 504 1674 557 ἀλλὰ
1719 505 1814 558 καὶ
1864 504 2036 575 ἑτέρῳ

359 595 545 668 τρόπῳ
580 595 763 660 πάλιν,
811 597 904 650 καί¹
942 593 1120 649 αὑτῶν
1157 592 1265 644 τῶν
1296 591 1734 662 κατορθωμάτων
1774 589 1890 645 ἔνια
1923 608 2026 660 φυ·

363 680 491 736 σικά
538 685 696 754 ἀφεὶς
725 679 862 738 εἶναι
910 683 967 736 ἐν
998 683 1149 752 ήμῖν.
1187 680 1297 734 Καὶ
1341 677 1450 750 γὰρ
1497 679 1558 731 τὸ
1605 680 2037 746 συναγανακτεῖν

1114 303 1172 360 S.
1214 302 1501 376 JOANNIS
1540 300 2031 358 CUliYSUSTOMI
2070 301 2386 358 A'BCIHEP.
2424 300 2974 359 CONSTANTINOP.

363 420 397 488 ή
424 417 646 488 γνῶσις,
675 420 811 476 ἀλλά
837 420 1009 474 δεῖται
1036 419 1342 492 προθυμίας
1364 418 1456 470 καὶ
1481 417 1735 488 σπουδῆς.
1767 418 1842 470 Οὑ
1864 417 2037 487 ταύτῃ
2131 419 2405 482 αινέσεως.

3706 301 3818 358 ΗΞ

2491 418 2582 489 Μὴ
2607 419 2715 490 γάρ
2751 437 2842 490 μοι
2874 419 3078 487 λεγέτω
3104 434 3221 483 τις,
3255 419 3338 471 ότι
3363 416 3560 470 πολ).ὁί
3593 415 3818 489 κατώρ-

2143 504 2322 558 θωσαν
2341 522 2353 534 °
2389 505 2449 558 οὑ
2482 506 2640 560 τοῦτό
2668 507 2785 559 ἐστι
2819 507 2879 559 τὸ
2906 507 3235 577 ζητούμενον
3257 549 3270 573 ,
3311 505 3426 559 ἀλλ’
3449 506 3540 559 ῖνα
3592 504 3811 567 πάντες.

2149 592 2292 656 Ἕως
2319 591 2363 645 δ’
2398 593 2464 646 ἃν
2509 593 2584 664 μὴ
2625 594 2782 647 τοῦτο
2817 594 2945 658 ῐδω,
2983 594 3044 646 οὑ
3085 593 3316 660 δύναμαι
3350 592 3716 646 ἀναπνεῦσαι.
3759 592 3813 643 '0

2140 679 2342 750 ποιμὴν
2367 681 2572 744 ἐκεῖνος
2601 681 2794 735 ἐκατδν
2815 681 3065 752 πρόϐατα
3091 679 3225 750 εἶχε,
3249 681 3344 734 καὶ
3369 681 3490 744 ἐνὸς
3516 678 3814 749 πλανηθένο

362 773 478 834 τοῖς
512 769 894 846 ὑϐριζομένοις
928 769 1152 838 φυσικὸν
1181 768 1418 830 ἅπαντες
1450 766 1647 838 ἔχομεν
1683 766 1910 850 (εὐθέως
1937 762 2032 820 οῦν
2059 829 2115 850 τ’
2137 784 2261 831 τος,
2291 769 2390 821 οὑκ
2423 768 2722 840 ἐλάμϐανεν
2755 768 3006 840 αἴσθησιν
3041 768 3140 839 τῆς
3173 767 3447 839 σωτηρίας
3476 768 3589 820 τῶν
3627 769 3812 838 ἐνενή-

363 861 474 921 τοῖς
519 839 921 930 ἐπηρεάζουσιν
965 855 1152 928 ἐχθροὶ
1188 854 1451 926 γινόμεθα
1476 897 1490 920 ,
1527 853 1629 908 κᾶν
1688 853 1854 925 μηδὲν
1886 839 2120 924 ὦμενίδ
2140 871 2304 909 κοντα
2333 839 2530 916 ἐννέα,
2552 857 2656 920 ἓως
2703 856 2768 912 ἂν
2813 857 2872 909 τὸ
2907 839 3189 919 ἀπολωλὸς
3226 849 3359 927 εὗρε
3390 857 3483 910 καὶ
3509 859 3576 926 τῇ
3607 854 3812 926 ποίμνῃ

364 946 517 1000 αὑτοί
548 945 923 1011 πεπονθότες),
966 945 1060 1001 καὶ
1097 943 1160 997 τὸ
1205 941 1532 1016 συνήδεσθαι
1564 944 1677 1004 τοῖς
1705 941 2039 1013 ἀντιλήψεως

364 1033 456 1086 καὶ
486 1032 736 1104 βοηθείας
764 1031 1120 1096 ἀπολαύουσι,
1156 1030 1251 1084 καὶ
1282 1035 1343 1086 τὸ
1373 1028 1751 1084 κατακλᾶσθαι.
1787 1029 1881 1082 ἐπὶ
1913 1031 2033 1092 ταῖς

363 1119 564 1191 ἐτέρων
590 1122 895 1191 συμφοραῖς
912 1120 1006 1172 καὶ
1029 1121 1096 1190 τῇ
1122 1117 1472 1189 φιλοστοργίᾳ
1491 1119 1557 1187 τῇ
1584 1116 1722 1188 πρὸς
1743 1116 2034 1187 ἀλλήλους.

363 1207 483 1260 Κάν
527 1207 637 1279 γάρ
665 1209 1010 1279 πραγμάτων
1043 1204 1394 1278 περιστάσεις
1439 1203 1639 1256 δοκῶσι
1675 1203 2038 1275 μικροψυχίαν

361 1293 484 1348 τινὰ
528 1295 803 1364 εἰσάγειν,
839 1295 954 1350 ἀλλ’
981 1295 1132 1365 ὅμως
1171 1292 1368 1363 ἔχομεν
1395 1290 1572 1345 κοινὸν
1605 1292 1741 1361 πρὸς
1774 1290 2038 1362 ἀλλήλους

363 1381 602 1453 φίλτρον.
643 1383 755 1438 Καὶ
782 1380 939 1436 τοῦτό
966 1398 1049 1444 τις
1081 1380 1243 1448 σοφὸς
1289 1378 1660 1449 αἰνιττόμενος
1699 1378 1880 1447 ἐλεγεο
1909 1376 2039 1432 Πᾶν

362 1467 509 1526 ζῶον
530 1468 732 1538 ἀγαπᾷ
757 1469 823 1523 τὸ
853 1469 1057 1538 ὅμοιον
1081 1465 1260 1533 αὐτῷ,
1293 1467 1391 1520 καί
1414 1465 1724 1534 ἅνθρωπος
1755 1465 1862 1519 τὸν
1885 1468 2037 1532 πλη-

363 1556 505 1615 σίον
534 1557 745 1612 αὐτοῦ.

431 1643 494 1697 δ’.
517 1643 754 1708 Πολλοὺς
783 1645 839 1698 δέ
867 1645 960 1697 καὶ
987 1644 1204 1716 ἐτέρους
1229 1641 1365 1714 μετά
1384 1641 1477 1696 τοῦ
1497 1641 1792 1705 συνειδότος
1809 1639 2039 1711 ἐπέστη-

363 1748 456 1783 σεν
507 1733 637 1802 ήμῖν
685 1732 1042 1796 διδασκάλους
1080 1734 1108 1785 6
1155 1731 1320 1793 Θεόςο
1368 1729 1600 1800 καὶγὰρ
1635 1729 1882 1799 πατέρας
1926 1731 2038 1791 τοῖς

366 1822 528 1884 υἱοῖς,
561 1821 657 1874 καὶ
703 1820 970 1883 δεσπότας
998 1823 1112 1883 τοῖς
1145 1817 1382 1883 δούλοις,
1412 1818 1506 1871 καλ⁵
1537 1816 1738 1888 ἀνδρας
1786 1819 1905 1878 ταῖς
1940 1832 2038 1884 γυ-

365 1906 530 1972 ναιξὶ,
548 1907 642 1960 καὶ
667 1907 1022 1969 διδασκάλους
1041 1909 1153 1970 τοῖς
1180 1903 1473 1976 μαθηταῖς,
1499 1901 1593 1958 καὶ
1619 1903 1915 1974 νομοθέτας
1945 1903 2039 1956 καὶ

364 1993 625 2056 δικαστάς
657 1996 771 2057 τοῖς
801 1994 1144 2066 ἀρχομένοις,
1183 1992 1276 2045 καὶ
1315 1991 1501 2061 φίλους
1527 1993 1638 2054 τοῖς
1670 1990 1863 2060 φίλοις.
1902 1990 2042 2043 Πολι

364 2079 521 2144 λάκις
565 2081 620 2133 δὲ
652 2081 745 2134 καί
776 2084 909 2152 παρ’
950 2080 1158 2152 ἐχθρῶν
1198 2079 1570 2150 ἐκερδάναμεν
1616 2077 1716 2130 οὑκ
1759 2076 2036 2148 ἐλαττονῆ

364 2167 515 2238 παρὰ
539 2167 739 2236 φίλων⁸
771 2169 900 2222 ὅταν
931 2167 1038 2240 γὰρ
1066 2170 1196 2238 ήμῖν
1217 2165 1513 2228 όνειδίζωσι
1544 2165 1610 2218 τά
1645 2165 2036 2235 ἁμαρτήματα,

363 2255 458 2307 καὶ
480 2254 713 2318 ἄκοντας
742 2255 823 2318 εἰς
846 2254 1129 2325 διόρθωσιν
1152 2253 1333 2307 αὑτῶν
1362 2252 1712 2324 διεγείρουσι.
1741 2251 2040 2314 Τοσούτους

361 2341 417 2394 δέ
449 2344 581 2412 ἡμῖν
603 2341 957 2404 διδασκάλους
989 2342 1311 2413 ἐπέστησεν,
1347 2341 1433 2396 ἵνα
1467 2339 1689 2404 εῦκολος
1721 2341 1852 2410 ἡμῖν
1885 2342 1918 2411 ή
1944 2339 2038 2393 τοῦ

361 2429 766 2493 λυσιτελοῦντος
814 2429 1031 2503 εῦρεσίς
1065 2446 1122 2482 τε
1165 2428 1258 2482 καὶ
1308 2427 1593 2499 διόρθωσις
1628 2426 1890 2498 γένηται,
1945 2426 2040 2480 τοῦ

365 2516 603 2588 πλήθους
632 2515 741 2569 τῶν
772 2517 906 2586 πρὸς
936 2516 1066 2572 αὑτὸ
1095 2515 1525 2571 συνελαυνόντων
1549 2515 1698 2586 ἡμᾶς
1730 2515 1829 2567 οὑκ
1853 2514 2040 2582 ἀφιένο

361 2621 454 2666 τος
483 2603 738 2656 ἐκπεσεῖν
773 2602 880 2656 τῶν
909 2601 1294 2673 συμφερόντων
1329 2602 1483 2672 ήμῖν.
1519 2601 1638 2654 Κάν
1667 2600 1773 2672 γὰρ
1813 2599 1923 2654 τῶν
1950 2617 2042 2667 γε·

363 2691 706 2761 γεννηκότων
743 2690 1268 2760 καταφρονήσωμεν,
1291 2687 1419 2751 τοὺς
1449 2688 1716 2758 ἄρχοντας
1745 2687 2043 2750 δεδοικότες

364 2777 762 2848 ἐπιεικέστεροι
797 2776 1013 2839 πάντως
1035 2773 1273 2845 ἐσόμεθα
1293 2792 1305 2804 ⁸
1337 2773 1440 2828 κᾶν
1470 2775 1710 2837 ἐκείνους
1740 2773 2046 2827 διαπτύσω-

371 2881 471 2935 μεν
515 2863 944 2935 ἁμαρτάνοντες,
977 2862 1074 2933 τήν
1115 2860 1208 2915 τοῦ
1255 2861 1556 2924 συνειδότος
1596 2860 1854 2914 οὐδέποτε
1885 2861 2044 2931 δυνη-

368 2949 576 3020 σόμεθα
601 2950 884 3019 διαφυγεῖν
923 2950 1274 3020 ἐπιτίμησινο
1310 2947 1410 3002 κᾶν
1450 2949 1656 3018 ταύτην
1683 2948 2043 3020 ἀτιμάσωμεν

367 3039 462 3092 καὶ
505 3035 978 3108 διακρουσώμεθα,
1023 3036 1122 3106 τὴν
1169 3034 1321 3107 παρά
1369 3033 1476 3088 τῶν
1521 3033 1730 3089 πολλῶν
1776 3035 2044 3106 ὑπόληψιν

367 3125 666 3188 δεδοικότες
710 3123 968 3196 ἀμείνους
1016 3123 1288 3194 ἐσόμεθα·
1330 3121 1432 3176 κᾶν
1465 3124 1604 3194 πρὸς
1638 3122 1841 3192 ταύτην
1892 3124 2044 3176 ἀναιο

371 3214 781 3283 σχυντήσωμεν,
806 3213 834 3265 6
854 3211 960 3264 τῶν
985 3211 1164 3281 νόμων
1186 3211 1503 3280 ἐγκείμενος
1526 3222 1552 3250 ι
1577 3209 1740 3278 φόϐος
1765 3211 1857 3263 καὶ
1883 3210 2042 3263 ἄκον.

368 3315 467 3361 τας
508 3299 656 3370 ἡμᾶς
689 3297 1022 3369 σωφρονίσαι
1060 3296 1390 3368 δυνήσεται,
1431 3299 1524 3349 καὶ
1553 3297 1704 3359 νέους
1748 3296 1846 3366 μὲν
1885 3297 2043 3359 ὄντας

369 3385 677 3439 διδάσκαλοι
705 3385 798 3439 καὶ
829 3385 1082 3458 πατέρες,
1114 3383 1445 3456 αὐξηθέντας
1469 3383 1525 3437 δέ
1551 3385 1599 3436 οἱ
1625 3383 1912 3454 νομοθέται
1950 3385 2044 3436 καὶ

369 3473 628 3545 ἄρχοντες
668 3471 1073 3546 παραλαϐόντες
1105 3469 1458 3544 ῥυθμίζουσιν
1477 3487 1490 3500 ·
1525 3471 1576 3522 οῖ
1595 3488 1654 3524 τε
1685 3469 1912 3535 οἰκέται,
1947 3471 2042 3523 ἀτε

371 3559 743 3632 ῥᾳθυμότερον
779 3557 1113 3628 διακείμενοι
1155 3557 1293 3630 μετά
1325 3557 1433 3611 τῶν
1465 3556 1770 3630 εἰρημένων
1808 3557 1904 3610 καὶ
1945 3557 2042 3628 τὴν

373 3645 526 3719 παρά
566 3645 673 3699 τῶν
708 3645 984 3698 δεσποτῶν
1022 3645 1270 3716 ἀνάγκην
1309 3645 1388 3710 είς
1440 3643 1792 3716 σωφροσύνην
1836 3644 2040 3714 έχουσι,

373 3735 470 3789 καί.
515 3737 568 3788 αἰ
605 3734 861 3802 γυναῖκες
901 3733 1027 3794 τοὺς
1056 3731 1283 3803 ἄνδρας·
1336 3731 1430 3784 καὶ
1482 3730 1652 3783 πολλὰ
1705 3730 2043 3802 πανταχόθεν

373 3822 531 3894 ἡμῶν
569 3820 644 3892 τῷ
677 3819 822 3891 γένει
852 3818 919 3872 τὰ
952 3818 1129 3890 τειχία
1160 3817 1295 3887 πρὸς
1322 3817 1384 3870 τὸ
1415 3817 1490 3888 μὴ
1524 3816 1722 3888 ῥαδίως
1744 3819 1823 3882 εἰς
1847 3818 2044 3872 κακίαν

374 3909 714 3980 ἐξολισθῆσαι
755 3908 846 3960 καὶ
904 3907 1256 3962 καταπεσεῖν.
1309 3905 1455 3976 Πρὸς
1493 3903 1551 3958 δὲ
1589 3902 1799 3967 τούτοις
1849 3905 2041 3969 ἀπασι,

373 3999 467 4050 καὶ
492 3997 639 4051 νόσοι
667 3996 758 4048 καὶ
779 3993 1123 4066 περιστάσεις
1154 3985 1494 4064 πραγμάτων
1525 3992 1672 4062 ἡμᾶς
1698 3990 2040 4046 παιδεύουσι·

375 4085 468 4139 καὶ
500 4084 609 4157 7&9
638 4084 731 4137 καί
758 4082 920 4136 πενία
949 4080 1192 4151 κατέχει,
1225 4078 1320 4132 καὶ
1359 4077 1532 4150 ζημία
1567 4077 1910 4150 σωφρονίζει,
1950 4081 2042 4133 καὶ

376 4172 616 4234 κίνδυνος
646 4169 1014 4233 καταστέλλει,
1047 4168 1141 4220 καὶ
1171 4165 1338 4220 πολλὰ
1376 4165 1538 4236 ’ἐτερα
1569 4165 1811 4219 τοιαῦτα.
1844 4168 1920 4220 Οὑ
1947 4185 2042 4236 φο-

375 4262 461 4314 ϐεῖ
493 4275 551 4312 σε
586 4258 811 4329 πατήρ;
861 4256 980 4312 οὑδὲ
1016 4253 1333 4315 διδάσκαλος
1358 4269 1373 4319 ;
1402 4253 1502 4307 οὑκ
1537 4252 1752 4324 ἀρχων;
1786 4253 1846 4306 οὑ
1881 4271 2040 4325 νομο-

376 4349 566 4418 θέτης;
591 4345 651 4398 οὑ
674 4344 968 4414 δικαστής;
1003 4344 1102 4395 οὑκ
1148 4340 1398 4415 ἐντρέπει
1437 4357 1497 4395 σε
1527 4339 1711 4412 φίλος;
1746 4339 1805 4392 οὑ
1855 4341 2041 4396 δάκνει

378 4453 437 4488 σε
465 4432 692 4505 ἐχθρός
722 4431 783 4484 οὑ
817 4431 1137 4501 σωφρονίζει
1161 4428 1458 4499 δεσπότης;
1488 4428 1549 4482 οὑ
1592 4426 1833 4481 διδάσκει
1861 4428 2037 4502 ἀνήρ;

376 4524 437 4576 οὑ
469 4513 778 4592 διορθοῦται
804 4535 862 4572 σε
899 4518 958 4570 τὸ
993 4517 1258 4583 συνειδός;
1298 4515 1437 4571 Ἀλλ’
1465 4515 1746 4589 άρῥωστία
1781 4515 2041 4582 πολλάκις

379 4607 680 4665 ἐπελθοῦσα
724 4605 1010 4677 σωματικὴ
1039 4604 1100 4658 τδ
1133 4605 1240 4658 πᾶν
1269 4603 1620 4676 κατώρθωσε,
1659 4602 1756 4657 καὶ
1785 4602 1957 4676 ζημία
1986 4605 2042 4661 δὲ

377 4696 469 4750 τὸν
515 4693 846 4764 θρασύτερον
885 4691 1136 4762 ἐποίησεν
1176 4691 1604 4762 ἐπιεικέστερον·
1650 4689 1802 4764 [159]
1846 4691 1940 4745 καί
1983 4694 2044 4746 τὸ

378 4783 443 4854 δή
473 4782 675 4854 μεῖζον,
708 4782 789 4834 ὅτι
811 4780 910 4850 οὑχ
942 4780 1072 4849 ήμῖν
1105 4778 1284 4849 μόνον,
1311 4778 1446 4832 ἀλλά
1479 4779 1572 4834 καὶ
1601 4779 1808 4852 ἑτέροις
1844 4780 2041 4850 συμπί-

378 4886 580 4925 πτοντα
604 4868 672 4920 τά
698 4867 844 4922 δεινά
875 4866 1084 4936 μεγάλα
1117 4867 1264 4936 ήμᾶς
1288 4865 1512 4934 ὠφελεῖν
1541 4865 1698 4920 εἴωθε
1721 4879 1735 4893 ⁸
1761 4866 1854 4920 καὶ
1890 4867 2042 4920 αὑτοί

383 4958 481 5030 μέν
516 4955 680 5027 μηδέν
704 4972 758 5009 τι
786 4954 1066 5018 παθόντες,
1089 4953 1308 5025 ἐτέρους
1339 4951 1394 5005 δέ
1425 4950 1815 5024 κολαζομένους
1846 4954 2042 5018 ἰδόντες

379 5047 480 5101 οὑκ
515 5043 733 5097 ἔλαττον
759 5041 983 5095 ἐκείνων
1014 5039 1510 5114 ἐσωφρονίσθημεν.

448 5146 622 5202 Τοῦτο
648 5143 744 5198 καὶ
775 5143 866 5196 ἐπὶ
897 5141 1004 5196 τῶν
1029 5141 1466 5214 κατορθωμάτων
1495 5140 1796 5211 Δσυμϐαῖνον
1827 5139 1926 5196 ἴδοι
1959 5159 2042 5206 τις

378 5241 443 5294 ἄν
467 5255 480 5270 ·
519 5235 708 5306 ὥσπερ
749 5229 857 5304 γὰρ
905 5228 1277 5300 κολαζομένων
1307 5226 1415 5280 τῶν
1453 5229 1638 5282 κακῶν
1661 5230 1688 5269 b
1715 5227 1892 5296 ἐτεροι
1921 5229 2043 5300 βελ-

377 5326 524 5388 τίους
571 5321 850 5392 γίνονταιο
885 5316 1028 5372 οῦτω
1076 5316 1184 5369 τῶν
1233 5313 1453 5383 ἀγαθῶν
1499 5331 1551 5366 τι
1610 5312 2040 5385 κατορθούντων,

379 5412 563 5466 πολλοὶ
600 5411 678 5474 είς
709 5407 801 5461 τὸν
837 5405 950 5460 ἴσον
993 5405 1276 5472 ἐνάγονται
1303 5402 1464 5472 ζῆλον
1497 5419 1509 5431 ·
1548 5403 1575 5455 δ
1603 5402 1667 5471 δὴ
1701 5402 1794 5455 καί
1825 5401 1916 5454 ἐπὶ
1945 5402 2042 5473 τῆς

377 5498 486 5552 τῶν
528 5499 704 5568 ὅρκων
753 5493 951 5564 συνέϐη
997 5491 1194 5563 φυγῆς.
1225 5491 1414 5545 Πολλοὶ
1441 5489 1550 5561 γάρ
1588 5489 1804 5560 ἐτέρους
1845 5488 2042 5553 ἰδόντες

377 5585 476 5656 τήν
501 5583 740 5654 πονηράν
764 5580 1135 5653 ἀποθεμένους
1161 5577 1270 5634 τῶν
1297 5579 1474 5649 ὅρκων
1503 5575 1810 5647 συνήθειαν,
1838 5575 2042 5648 ἐμιμήο

380 5686 543 5725 σαντο
563 5668 660 5739 τὴν
682 5669 934 5740 σπουδὴν,
964 5668 1058 5722 καὶ
1081 5667 1456 5738 περιεγένοντο
1484 5664 1582 5736 τῆς
1611 5664 1884 5734 ἁμαρτίας
1912 5680 1925 5694 ⁸
1961 5663 2040 5718 διδ

377 5754 473 5812 καὶ
504 5755 664 5826 ήμεῖς
692 5754 1094 5826 προθυμότερον
1118 5753 1218 5824 τῆς
1245 5752 1418 5823 αὑτῆς
1438 5749 1722 5822 ἁπτόμεθα
1739 5751 1896 5808 πάλιν
1914 5766 2052 5822 παρ-

440 5863 468 5932 ff
489 5857 713 5932 $0361.}!
734 5870 907 5932 magni.
928 5871 1039 5932 pals
1057 5859 1499 5932 m5§:.3ﬂt3tfittevos.
1528 5856 1701 5932 M‘orgl.
1723 5857 2000 5920 ἐγκείμενος.

438 5915 466 5956 ιι
491 5921 589 5971 Alii
606 5919 701 5968 τῶν
721 5915 952 5982 πονηρῶν.
977 5919 1086 5969 Mox
1109 5920 1194 5984 alii
1209 5915 1372 5970 πολλοὶ
1405 5919 1517 5985 πρὸς
1531 5919 1615 5968 τὸν
1638 5919 1757 5970 ἶσον.

2140 942 2301 996 πάλιν
2339 943 2638 1000 ἀπέδωκεν.
2675 944 2787 1013 Οὑχ
2831 945 2960 1014 ὁρᾷς
2990 944 3085 997 καὶ
3114 944 3206 996 ἐπὶ
3235 943 3327 998 τοῦ
3357 943 3609 1015 σώματος
3656 943 3814 996 τοῦτο

2139 1030 2458 1101 γινόμενον;
2499 1029 2594 1084 ἐάν
2630 1031 2739 1102 7&9
2772 1031 2861 1084 τὸν
2893 1031 3075 1100 ιδνυχα
3125 1030 3284 1100 μόνον
3339 1030 3815 1100 προσπταίσαντες

2139 1117 2562 1190 ἀναστρέψωμεν
2588 1159 2602 1182 ,
2633 1117 2752 1172 ὅλον
2798 1116 2876 1187 τῷ
2918 1117 3069 1185 μέλει
3106 1117 3361 1186 συναλγεῖ
3399 1118 3460 1170 τὸ
3505 1117 3692 1188 σῶμα.
3725 1117 3815 1186 Μή

2137 1206 2317 1260 τοίνυν
2346 1206 2502 1259 τοῦτο
2533 1207 2693 1277 εἴπης
2714 1248 2727 1269 ,
2752 1205 3030 1273 ώς-όλίγοι
3055 1205 3200 1269 τινὲς
3225 1205 3632 1277 ὑπελείφθησαν
3663 1207 3713 1258 οί
3742 1206 3814 1276 μὴ

2142 1293 2564 1365 κατωρθωκότες
2595 1305 2643 1357 ε,
2681 1293 2795 1346 ἀλλ’
2829 1296 3006 1347 ἐκεῖνο
3035 1295 3226 1347 σκόπει
3258 1295 3340 1348 ὅτι
3369 1288 3518 1348 οὗτοι
3551 1295 3600 1346 οί
3643 1293 3815 1360 ὀλίγοι

2144 1381 2219 1453 μὴ
2269 1383 2650 1454 διορθωθέντες
2702 1382 2925 1446 πολλοὺς
2972 1382 3374 1454 διαφθείρουσιν
3411 1381 3652 1452 ἐτέρους.
3707 1382 3816 1434 Καὶ

2139 1469 2248 1539 7&9
2286 1466 2367 1534 εἷς
2399 1466 2466 1541 ἧν
2497 1474 2527 1524 ό
2556 1469 2944 1543 πεπορνευκὼς
2975 1470 3127 1542 παρά
3153 1469 3459 1542 Κορινθίοις
3481 1509 3496 1533 ,
3533 1471 3628 1522 καὶ
3665 1470 3814 1539 ὅμως

2139 1555 2312 1620 οῦτως
2356 1557 2572 1612 ἔστενεν
2621 1562 2649 1610 6
2682 1557 2892 1621 Παῦλος
2933 1558 3011 1621 ὡς
3046 1558 3176 1628 ὅλης
3217 1561 3317 1629 τῆς
3351 1556 3558 1620 πόλεως
3595 1557 3815 1609 ἀπολω-

2139 1642 2314 1707 λυίας.
2333 1645 2444 1698 Καὶ
2475 1645 2618 1715 μάλα
2646 1644 2870 1708 εἰκότως
2889 1663 2903 1678 ο
2931 1645 3048 1716 ᾔδει
3074 1646 3183 1717 7&9
3207 1646 3289 1698 ὅτι
3313 1645 3386 1714 μὴ
3413 1643 3812 1714 σωφρονισοέν·

2141 1749 2231 1796 τος
2261 1732 2469 1788 ἐκείνου
2522 1734 2731 1802 ταχέως
2767 1733 2830 1786 τὸ
2881 1734 3095 1804 νόσημα
3130 1731 3342 1803 βαδίζον
3387 1732 3491 1803 ὁδῷ
3544 1733 3641 1785 καὶ
3691 1733 3816 1794 τοὺς

2143 1819 2334 1883 ἄλλους
2364 1821 2744 1892 ἐπιδραμεῖται
2787 1822 3014 1884 πάντας.
3052 1813 3202 1874 Εἶδον
3237 1819 3427 1891 πρώην
3456 1821 3514 1873 ἐν
3548 1821 3628 1890 τῷ
3663 1821 3814 1873 δικα-

2146 1909 2350 1979 στηρίῳ
2373 1909 2686 1978 δεδεμένους
2714 1910 2807 1962 καὶ
2830 1908 3207 1979 ἀπαγομένους
3231 1908 3320 1961 διά
3359 1908 3527 1978 μέσης
3561 1909 3662 1977 τῆς
3689 1909 3816 1975 ἀγο-

2147 1998 2246 2065 ρᾶς
2270 1998 2395 2060 τοὺς
2420 1999 2740 2067 περιφανεῖς
2769 1996 3010 2059 ἐκείνους
3040 1996 3258 2067 ἄνδρας,
3287 1997 3380 2049 καί
3415 2013 3576 2049 τινων
3598 1997 3812 2064 θαυμαο

2143 2082 2344 2146 ζόντων
2404 2084 2492 2137 διὰ
2541 2083 2639 2154 τὴν
2697 2083 3002 2155 ὑπερϐολὴν
3051 2084 3148 2154 τῆς
3207 2082 3454 2154 ῦϐρεως,
3490 2084 3659 2136 Οὑδὲν
3713 2084 3818 2154 χρὴ

2143 2171 2473 2242 θαυμάζειν,
2525 2172 2702 2243 ’έτεροι
2733 2171 2917 2240 ἔλεγον
2943 2189 2955 2202 ⁸
2988 2172 3118 2225 ἔνθα
3151 2172 3260 2243 γάρ
3289 2172 3356 2227 ἂν
3466 2171 3815 2233 καθοσίωσις.

2142 2259 2360 2330 ἀξίωμα
2404 2259 2554 2313 οὐδὲν
2602 2259 2824 2328 ώφελεῖ.
2861 2259 3070 2312 Οὐκοῦν
3116 2259 3296 2330 πολλῷ
3339 2261 3537 2331 μᾶλλον
3585 2259 3716 2313 ἔνθα
3752 2261 3820 2313 ἀν

2141 2346 2366 2401 ἀσέϐεια
2393 2342 2461 2418 ᾖ,
2495 2346 2714 2418 ἀξίωμα
2754 2347 2906 2400 οὑδέν
2936 2345 3155 2416 ὠφελεῖ.

2210 2451 2459 2506 ε’.Ταῦτα
2473 2447 2568 2506 οῦν
2584 2450 2886 2515 ἐννοοῦντες
2897 2452 3153 2523 διαναστή
3162 2469 3340 2522 σωμεν
3353 2453 3574 2516 ἑαυτούς
3584 2453 3700 2506 ’ἐὰν
3714 2454 3782 2521 γά
3790 2475 3822 2524 ρ

2148 2541 2222 2611 μὴ
2249 2541 2348 2612 τήν
2381 2543 2512 2612 παρ’
2535 2540 2690 2611 ὑμῶν
2721 2540 2958 2610 σπουδὴν
2991 2541 3147 2610 ὑμεῖς
3176 2541 3547 2612 εἰσενέγκητε,
3588 2545 3822 2612 περιττά

2143 2628 2213 2681 τά
2239 2630 2372 2700 παρ’
2401 2628 2558 2700 ήμῶν
2590 2628 2824 2682 ἅπαντα.
2863 2627 2928 2679 Τί
2969 2627 3200 2698 δήποτε;
3230 2629 3352 2681 Ὅτι
3403 2629 3498 2698 οὐχ
3536 2629 3729 2699 ῶσπερ
3765 2631 3824 2681 at

2145 2716 2327 2771 λοιπαὶ
2355 2718 2571 2786 τέχναι,
2621 2713 2762 2768 οῦτω
2811 2715 2968 2786 καὶή
3017 2715 3369 2786 διδασκαλική
3405 2718 3519 2768 ἐστι
3565 2717 3820 2787 δύναμις.

2157 2805 2216 2860 '0
2249 2805 2346 2875 μὲν
2389 2803 2499 2876 7&9
2527 2802 2908 2874 ἀργυροκόπος
2944 2797 3056 2856 οἷον
3100 2803 3167 2856 ἂν
3210 2803 3485 2877 χαλκεύσῃ
3512 2803 3573 2856 τὸ
3625 2805 3827 2868 σκεῦος

2145 2893 2237 2948 καὶ
2275 2893 2544 2964 ἀπόθηται
2568 2934 2582 2957 ,
2621 2892 2862 2946 τοιοῦτον
2905 2893 3074 2947 ἐλθὼν
3100 2895 3167 2964 τῇ
3202 2893 3431 2965 ἐπιούσῃ
3459 2893 3620 2946 πάλιν
3655 2894 3825 2962 εὑρήο

2147 2999 2255 3035 σει·
2293 2983 2386 3034 καὶ
2433 2983 2460 3034 6
2493 2980 2860 3052 χαλκοτύπος,
2920 2981 3013 3033 καὶ
3063 2982 3091 3034 ὁ
3140 2980 3406 3047 λιθοξόος,
3453 2983 3547 3034 καί
3577 2981 3685 3034 τῶν
3724 2982 3823 3050 δη-

2148 3069 2422 3141 μιουργῶν
2453 3069 2680 3132 ἕκαστος
2701 3062 2817 3121 οἷον
2858 3069 2922 3122 ἂν
2979 3071 3090 3140 ἀφῇ
3125 3069 3185 3122 τὺ
3214 3071 3412 3122 οἰκεῖον
3433 3069 3615 3140 ἔργον,
3644 3069 3825 3123 τοιοῦο

2143 3175 2234 3212 τον
2279 3157 2613 3228 ἀπολήψεται
2643 3155 2804 3210 πάλιν
2830 3172 2843 3185 ·
2891 3157 2984 3210 ἐπὶ
3025 3157 3082 3209 δέ
3119 3156 3272 3226 ήμῶν
3301 3157 3400 3226 οὑχ
3442 3154 3614 3218 οὑτως
3636 3194 3650 3219 ,
3684 3156 3825 3210 ἀλλά

2144 3246 2451 3300 τοὺναντίον
2502 3245 2687 3299 ἂπαν’
2721 3245 2782 3297 οὑ
2840 3245 2947 3314 γάρ
2997 3243 3178 3313 ἀψυχα
3228 3243 3430 3314 σκεύη,
3461 3243 3596 3297 ἀλλά
3639 3243 3825 3315 ψυχάς

2144 3332 2479 3404 χαλκεύομεν
2507 3331 2749 3401 λογικάς.
2786 3332 2884 3383 Διά
2902 3330 3058 3384 τοῦτο
3085 3331 3147 3383 οὑ
3184 3330 3457 3394 τοιούτους
3492 3332 3637 3401 ὑμᾶς
3671 3332 3824 3402 εὑρί-

2147 3437 2346 3491 σκομεν
2389 3421 2532 3484 οἴους
2583 3418 3072 3489 καταλιμπάνομεν
3095 3457 3112 3484 ,
3147 3418 3262 3472 ἀλλ’
3293 3419 3512 3472 ἐπειδὰν
3561 3419 3825 3483 λαϐόντες

2149 3509 2288 3579 μετὰ
2313 3506 2506 3560 πολλοῦ
2547 3507 2790 3578 καμάτου
2825 3507 3230 3576 διαπλάσωμεν,
3267 3505 3671 3577 διορθώσωμεν,
3705 3508 3824 3578 θερ-

2150 3597 2412 3669 μοτέρους
2435 3594 2821 3667 ἐργασώμεθά,
2844 3593 3154 3660 ἐξελθόντας
3187 3596 3331 3666 ὑμᾶς
3354 3597 3386 3666 ή
3418 3595 3526 3649 τῶν
3565 3597 3824 3666 πραγμά-

2143 3701 2252 3736 των
2272 3701 2339 3735 πε
2349 3682 2591 3755 ρίστασις
2604 3681 2939 3752 πανταχόθεν
2963 3680 3473 3752 περιστοιχιζομένη
3500 3682 3585 3734 δια
3595 3683 3792 3754 στρέφε
3806 3701 3825 3735 ι

2147 3772 2336 3834 πάλιν,
2395 3771 2488 3824 καὶ
2520 3770 2738 3822 πλείονα
2791 3769 3019 3840 παρέχει
3067 3767 3165 3839 τήν
3211 3767 3497 3821 δυσκολίαν
3532 3770 3686 3840 ἡμῖν.
3721 3771 3823 3824 Διά

2143 3861 2301 3913 τοῦτο
2330 3859 2520 3929 δέομαι
2556 3857 2647 3911 καὶ
2679 3855 2944 3911 ἀντιϐολῶ
2975 3858 3130 3927 χεῖρα
3161 3855 3346 3927 ὀρέξαι
3369 3897 3384 3918 ,
3415 3857 3509 3908 καὶ
3554 3858 3688 3928 ὅσην
3737 3860 3823 3910 ἐν-

2144 3948 2318 4004 ταῦθα
2368 3947 2628 4018 ποιοῦμαι
2659 3945 2760 4018 τήν
2794 3943 3030 4016 σπουδὴν
3060 3943 3195 4016 πρὸς
3238 3944 3336 4017 τὴν
3382 3943 3670 4015 διόρθωσιν
3723 3947 3825 4015 τὴν

2145 4038 2454 4110 ὑμετέραν,
2487 4033 2756 4105 τοσαύτην
2790 4031 3118 4094 ἀπελθόντες
3145 4030 3392 4084 ἐντεῦθεν
3439 4031 3822 4088 ἐπιδείκνυσθε

2143 4125 2274 4197 περὶ
2313 4124 2411 4196 τὴν
2466 4121 2736 4194 σωτηρίαν
2773 4121 2874 4190 τήν
2921 4117 3193 4189 ὑμετέραν
3231 4119 3503 4190 φροντίδα.
3536 4121 3666 4175 Ετθε
3719 4124 3824 4193 μὲν

2145 4215 2253 4285 7&9
2283 4212 2508 4266 δυνατὸν
2555 4205 2623 4282 ἦν
2657 4208 2798 4279 ὑπὲρ
2845 4206 3001 4276 ὑμῶν
3055 4206 3156 4277 ἐμὲ
3206 4206 3541 4278 κατορθοῦν,
3596 4210 3694 4264 καὶ
3753 4212 3825 4264 τὰ

2145 4301 2354 4356 ἔπαθλα
2389 4299 2535 4370 ὑμᾶς
2562 4295 2860 4367 λαμϐάνειν
2894 4291 3046 4366 [140]
3079 4292 3189 4345 τῶν
3214 4293 3681 4364 κατορθωμάτων,
3725 4299 3822 4352 καὶ

2144 4391 2245 4444 οὑκ
2275 4389 2340 4442 ἂν
2364 4384 2616 4441 τοσοῦτον
2648 4381 2956 4454 ἠνώχλησα.
2998 4380 3158 4434 Ἀλλά
3183 4381 3235 4435 τί
3264 4380 3419 4434 πάθω
3442 4400 3456 4447 ;
3481 4383 3643 4436 τοῦτο
3681 4386 3823 4456 ἀμή.

2144 4492 2339 4550 χανον·
2392 4475 2607 4546 ἑκάστῳ
2643 4472 2752 4544 γάρ
2801 4471 2947 4525 κατά
2995 4469 3064 4524 τά
3113 4469 3252 4542 ἔργα
3302 4471 3466 4525 αὑτοῦ
3520 4471 3818 4529 ἀποδώσει.

2147 4569 2360 4637 Ὥσπερ
2418 4563 2511 4618 οὖν
2571 4562 2754 4633 μήτηρ
2790 4558 2971 4631 δρῶσα
2999 4558 3060 4612 τὺ
3089 4558 3300 4612 παιδίον
3331 4558 3595 4628 πυρέττον
3621 4599 3635 4621 ,
3675 4578 3822 4632 παρ-

2145 4655 2359 4710 εστῶσα
2385 4649 2670 4720 ἀγχομένῳ
2718 4649 2812 4702 καὶ
2865 4647 3172 4726 καιομένῳ,
3230 4645 3503 4718 θρηνοῦσα
3553 4648 3822 4714 πολλάκις

2144 4740 2266 4797 εἷπε
2315 4731 2468 4811 πρὸς
2506 4738 2566 4790 τὸ
2618 4735 2808 4790 νοσοῦν
2861 4736 3112 4799 παιδίον,
3155 4734 3279 4790 Εἴθε
3311 4752 3401 4805 μοι
3450 4736 3674 4789 δυνατὸν
3724 4733 3818 4809 ἦν,

2142 4831 2352 4893 τέκνον,
2379 4827 2469 4880 τὸν
2503 4823 2735 4895 πυρετὸν
2753 4821 3108 4889 ἀναδέξασθαι
3142 4823 3233 4876 τὸν
3264 4823 3374 4887 σὺν,
3407 4824 3502 4876 καὶ
3526 4825 3614 4876 ἐπ’
3640 4826 3818 4894 ἐμαυ-

2143 4921 2242 4992 τὴν
2270 4915 2492 4970 ἐλκύσαι
2517 4913 2613 4984 τήν
2638 4907 2841 4982 φλόγαο
2866 4910 3007 4964 οὑτω
3030 4909 3093 4982 δὴ
3122 4911 3216 4963 καὶ
3244 4909 3354 4978 ἐγὼ
3377 4909 3520 4978 λέγω
3541 4910 3657 4964 νῦν.
3683 4913 3815 4968 Εἴθε

2143 5005 2366 5060 δυνατὸν
2386 4999 2454 5074 ἦν
2475 5001 2576 5072 ἐμέ
2599 5001 2907 5070 πονήσαντα
2942 4999 3082 5068 ὑπὲρ
3119 4997 3272 5067 ὑμῶν
3303 4998 3648 5068 κατορθῶσαι
3675 5001 3818 5056 πάν-

2143 5113 2251 5149 των
2273 5111 2286 5124 ·
2317 5091 2431 5146 ἀλλ’
2476 5090 2577 5142 οὑκ
2615 5087 2730 5140 ἔστι
2771 5085 2961 5149 τοῦτο,
3009 5085 3112 5138 οὑκ
3139 5084 3285 5138 ἐστιν
3312 5125 3326 5148 ,
3359 5084 3494 5138 ἀλλά
3523 5086 3633 5140 τῶν
3663 5089 3821 5161 αὑτῷ

2147 5179 2536 5254 πραττομένων
2564 5177 2793 5229 ἕκαστον
2829 5175 3040 5244 ἀνάγκη
3069 5172 3253 5226 δοῦναι
3283 5173 3385 5236 τὰς
3423 5173 3691 5242 εὐθύνας,
3719 5183 3823 5233 καὶ

2143 5273 2245 5325 οὑκ
2280 5257 2486 5324 ἀν’ίδοι
2539 5282 2624 5328 τις
2676 5263 2861 5333 ἕτερον
2892 5262 3030 5333 ὑπὲρ
3062 5261 3250 5331 ἐτέρου
3296 5261 3680 5332 κολαζόμενον.
3717 5267 3824 5321 Διὰ

2143 5358 2302 5412 τοῦτο
2344 5353 2619 5424 ὀδυνῶμαι
2663 5352 2756 5404 καὶ
2784 5349 2968 5422 θρηνῶ
2987 5388 3002 5413 ,
3036 5349 3117 5402 ὃτι
3146 5348 3289 5402 κατὰ
3315 5348 3413 5420 τὴν
3439 5350 3657 5421 ἡμέραν
3687 5351 3824 5422 ὑμῖν

2144 5446 2360 5517 ἐκείνην
2392 5439 2810 5512 ἐγκαλουμένοις
2840 5438 2900 5489 οὑ
2945 5437 3245 5508 δυνήσομαι
3277 5437 3628 5510 παραστῆναι
3656 5457 3670 5470 ·
3712 5443 3822 5511 μά-

2141 5535 2298 5588 λιστα
2340 5531 2439 5602 μὲν
2469 5530 2579 5601 γὰρ
2619 5527 2736 5580 οὑδὲ
2770 5527 3074 5597 παρῥησία’
3112 5543 3206 5595 μοι
3235 5525 3369 5596 πρὸς
3403 5527 3496 5578 τὸν
3529 5525 3665 5579 Θεόν
3698 5529 3823 5585 ἐστι

2142 5621 2401 5690 τοσαύτη.
2441 5619 2504 5672 Εἰ
2533 5616 2589 5669 δέ
2613 5617 2704 5669 καί
2732 5614 3044 5686 παρῥησίαν
3075 5609 3220 5683 εἶχον
3244 5654 3260 5679 ,
3286 5614 3386 5667 οὑκ
3417 5615 3535 5684 εἰμὶ
3566 5616 3823 5684 Μωσέως

2141 5709 2439 5781 ἁγιώτερος
2462 5749 2476 5776 ,
2526 5704 2646 5759 οὑδὲ
2684 5701 2936 5774 Σαμουὴλ
2976 5702 3343 5774 δικαιότερος,
3372 5701 3466 5765 οὒς
3498 5704 3594 5757 ἐπὶ
3625 5706 3822 5761 τοσοῦ-

2207 5853 2229 5883 ο
2257 5851 2366 5900 Sav.
2400 5857 2453 5900 el
2493 5850 2699 5901 maxima
2728 5861 2839 5912 pars
2867 5861 2981 5898 mss.
3003 5845 3384 5910 κατωρθωκότες,
3411 5844 3529 5895 Mor.
3561 5848 3819 5915 κατορθὼ-

2145 5929 2326 5970 σαντες.
