3920 6224
210 466 364 520 opus
392 446 555 504 liabet
582 445 862 503 sedulitate
895 452 951 500 et
987 442 1183 499 studio.
1224 442 1332 498 Nec
1362 442 1534 497 solum
1557 441 1628 496 ita
1655 438 1807 494 nobis

216 541 441 612 pondus
465 540 678 604 levavit,
710 537 887 594 sedet
907 537 1014 591 alio
1039 534 1197 591 modo
1221 550 1404 590 rursus
1436 535 1669 604 ipsorum
1700 546 1812 584 rne-

213 630 723 704 ritorum-qumdam
751 630 1010 686 naturaiia
1044 627 1196 685 nobis
1216 643 1338 682 esse
1364 627 1566 682 sinens.
1601 624 1807 681 Etenim

217 742 328 780 una
359 739 480 779 cum
511 723 578 779 iis
620 723 710 792 qui
747 721 1124 777 contumeliam
1169 719 1477 790 patiuntur,
1526 715 1806 787 indignari,

219 819 470 874 naturale
508 832 700 874 omnes
741 816 999 871 habemus
1044 815 1260 884 (statim
1289 812 1485 884 quippe
1514 809 1813 866 infestanti-

214 908 325 965 bus
351 909 620 964 efﬁcimur
637 907 836 962 inimici
860 949 875 974 ,
902 907 1028 961 licet
1052 905 1151 978 ipsi
1175 904 1310 960 nihil
1335 904 1503 960 simus
1530 902 1726 973 passi),
1755 907 1812 956 et

213 1000 481 1072 gratulari
507 999 816 1055 defensione
841 1008 895 1053 et
909 997 1113 1053 auxilio
1133 995 1484 1066 potientibus,
1514 1003 1568 1050 et
1594 994 1650 1048 in
1674 992 1806 1047 alie-

207 1091 309 1152 ‘uis
351 1093 743 1151 calamitatibus
768 1091 1300 1162 aliiigi,etebaritate
1324 1096 1505 1144 mutua
1534 1087 1808 1142 delectari.

215 1184 340 1240 Etsi
367 1185 510 1239 enim
538 1200 714 1242 rerum
731 1199 886 1239 casus
908 1181 1229 1238 simultatem
1251 1180 1532 1251 quamdam
1558 1178 1811 1234 inducere

214 1275 547 1342 videantur,
600 1273 859 1328 habemus
909 1282 1087 1328 tamen
1142 1286 1481 1326 communem
1531 1271 1669 1324 inter
1713 1284 1811 1324 nos

213 1381 486 1421 amorem.
542 1365 612 1421 Et
655 1365 758 1421 hoc
792 1364 1007 1435 quidam
1035 1364 1247 1434 sapiens
1285 1363 1512 1417 innuens
1547 1361 1759 1416 dicebat
1793 1381 1807 1418 :

219 1458 392 1512 Omne
417 1457 612 1511 animal
628 1467 765 1511 amat
783 1457 875 1511 sibi
899 1456 1081 1524 simile,
1106 1464 1149 1510 et
1170 1455 1320 1510 homo
1346 1456 1633 1526 proximum
1660 1470 1810 1508 suum

216 1547 413 1620 (Eccli.
449 1549 542 1603 13.
575 1548 704 1619 19).τ

292 1641 346 1694 4.
382 1640 572 1695 Multos
601 1649 776 1695 autem
807 1651 860 1695 et
881 1638 1013 1695 alios
1036 1648 1230 1710 przeter
1252 1639 1643 1694 conscientiam
1668 1655 1807 1707 pra:-

217 1741 477 1800 eeptores
506 1731 664 1785 nobis
689 1731 832 1786 Deus
861 1733 1144 1802 praeposuit
1180 1750 1191 1786 :
1221 1732 1418 1788 etenim
1459 1741 1635 1802 patres
1664 1731 1806 1796 filiis,

216 1835 279 1879 et
330 1824 575 1880 dominos
625 1825 795 1879 servis
819 1865 834 1890 ,
881 1833 936 1878 et
977 1824 1118 1879 viros
1145 1824 1437 1889 uxoribus,
1481 1832 1536 1878 et
1562 1823 1809 1879 doctores

217 1917 528 1987 discipulis,
558 1926 622 1970 et=
637 1916 980 1987 legislatorcs
995 1925 1050 1973 et
1073 1917 1281 1986 judices
1307 1916 1536 1972 subditis
1553 1959 1567 1983 ,
1599 1925 1655 1972 et
1672 1918 1810 1972 ami—

216 2024 315 2064 cos
342 2010 548 2064 amicis.
594 2009 750 2077 Smpe
786 2025 926 2064 vero
945 2018 1001 2064 et
1039 2011 1106 2064 ab
1129 2009 1357 2064 inimicis
1388 2023 1492 2064 nou
1525 2008 1700 2063 minus
1727 2008 1810 2062 lu-

217 2116 468 2166 cramur,
510 2117 669 2172 quam
708 2105 776 2156 ab
808 2102 994 2156 amicis
1024 2120 1037 2156 :
1069 2117 1190 2157 cum
1221 2103 1363 2158 enim
1401 2103 1555 2158 nobis
1590 2109 1806 2174 peccata

217 2192 698 2261 exprobraverint,
727 2193 886 2247 etiam
931 2193 1124 2248 invitos
1165 2193 1216 2248 in
1249 2194 1486 2265 ipsorum
1509 2194 1807 2249 correctio-

219 2299 346 2339 nem
372 2284 629 2342 exciutnt.
683 2285 785 2340 Tot
814 2297 990 2340 autem
1025 2285 1272 2340 doctores
1300 2287 1455 2341 nobis
1487 2286 1800 2358 praeposuit,

219 2386 281 2432 ut
318 2376 490 2433 facilis
521 2377 676 2433 nobis
707 2379 950 2434 utilitatis
987 2380 1222 2434 inventio
1247 2387 1303 2434 ct
1328 2380 1598 2450 reparatio
1630 2379 1804 2446 ﬁeret,

220 2469 560 2525 multitudine
605 2471 672 2524 ad
724 2469 774 2524 id
824 2470 1260 2540 compellentium
1307 2487 1414 2525 non
1466 2471 1808 2541 permittente

219 2576 322 2616 nos
344 2561 413 2616 ab
442 2563 539 2627 iis,
584 2579 703 2632 quae
732 2564 884 2618 nobis
923 2564 1246 2632 expediunt,
1283 2564 1548 2620 excidere.
1595 2565 1807 2620 Etenim

217 2655 265 2708 si
291 2663 539 2724 parentes
565 2663 999 2720 contemnamus,
1030 2656 1372 2726 magistratus
1399 2657 1668 2724 timentes,
1697 2657 1806 2712 eri-

219 2759 344 2799 mus
367 2746 586 2800 omniuo
628 2745 866 2802 mitiores
897 2765 909 2800 :
940 2757 994 2802 ct
1031 2747 1075 2801 si
1119 2747 1237 2802 illos
1274 2747 1324 2801 in
1357 2747 1593 2818 peccatis
1622 2748 1808 2819 despi-

217 2835 426 2891 ciamus
451 2880 466 2904 ,
503 2853 790 2908 numquam
837 2839 1182 2894 conscientia:
1228 2840 1646 2908 increpationem
1676 2840 1807 2896 εσυ.

216 2944 348 2998 gere
374 2943 654 2997 possumus
685 2947 701 2983 :
731 2938 785 2985 et
827 2931 869 2985 si
913 2930 1050 2984 hanc
1095 2946 1450 3001 aspernemur
1478 2941 1532 2986 et
1573 2933 1805 3000 repella-

217 3034 361 3085 mus,
382 3020 668 3077 multorum
683 3020 988 3091 Opinionem
1014 3023 1282 3088 timentes,
1304 3022 1554 3079 meliores
1569 3024 1770 3080 erimus
1790 3042 1805 3091 ;

217 3111 265 3163 si
308 3111 373 3165 ad
421 3111 555 3167 hanc
591 3128 694 3167 non
724 3113 1137 3180 erubescamus,
1189 3115 1379 3168 insitus
1428 3115 1602 3186 legum
1647 3117 1808 3172 timor

220 3201 304 3255 vel
346 3201 541 3257 invitos
579 3217 675 3258 nos
704 3205 965 3275 castigare
1007 3206 1202 3275 poterit
1229 3224 1241 3260 :
1271 3215 1326 3262 et
1355 3222 1448 3262 eos
1474 3208 1561 3277 qui
1580 3208 1807 3278 juvenes

223 3301 368 3358 sunt,
397 3294 637 3364 magistri
663 3305 716 3350 et
746 3305 924 3365 patres
945 3339 960 3361 ,
1001 3297 1213 3352 adultos
1242 3313 1371 3352 vero
1401 3299 1731 3369 lcgislatores
1751 3308 1806 3356 et

224 3385 494 3454 principes
516 3387 566 3440 in
597 3401 782 3442 curam
810 3401 958 3442 suam
983 3398 1254 3444 sumentes
1275 3399 1613 3459 componunt
1641 3409 1654 3445 :
1681 3407 1801 3447 ser-

222 3476 383 3546 vique
426 3477 642 3548 segnius
683 3493 742 3532 se
789 3478 1046 3534 habentes
1069 3488 1123 3534 et
1148 3495 1175 3532 a
1221 3480 1543 3549 supradictis
1567 3491 1673 3537 eta
1703 3482 1806 3537 do-

224 3567 384 3622 minis
426 3569 797 3623 necessitatem
835 3570 1110 3625 modestize
1152 3573 1426 3626 servandae
1469 3572 1700 3640 habent,
1752 3583 1808 3629 et

224 3660 477 3715 mulieres
500 3675 530 3714 a
552 3661 713 3726 viris;
741 3671 795 3716 et
817 3662 963 3716 multi
988 3662 1221 3733 undique
1246 3664 1426 3733 grneri
1456 3673 1641 3720 nostro
1665 3665 1804 3721 muri

224 3758 382 3816 sunt,
411 3766 477 3805 ne
513 3751 665 3806 facile
707 3752 758 3806 iu
788 3754 968 3808 vitium
998 3755 1298 3811 dilabantur
1326 3765 1380 3812 ct
1417 3756 1692 3813 cudamus.
1724 3759 1804 3813 Ad

226 3840 337 3895 Inec
361 3850 538 3896 autem
568 3844 745 3897 omnia
764 3853 816 3898 et
843 3845 1181 3914 :rgritudincs
1208 3856 1261 3901 et
1291 3850 1621 3916 negotiorum
1651 3865 1805 3919 pres-

224 3949 360 3988 sura:
399 3948 498 3988 nos
543 3934 738 3990 docent
770 3953 782 3989 :
819 3936 1018 3992 etenim
1049 3947 1101 3992 et
1138 3948 1419 4007 paupertas
1458 3940 1708 4006 cohibet,
1752 3949 1806 3996 et

227 4024 418 4077 mulcta
449 4025 706 4096 castigat,
745 4035 799 4081 et
820 4028 1113 4098 periculum
1139 4031 1399 4100 corripit,
1425 4041 1479 4085 et
1510 4033 1674 4086 multa
1699 4033 1803 4087 alia

224 4113 546 4184 bujusmodi.
597 4116 714 4172 Non
743 4127 907 4174 terret
933 4128 986 4175 te
1011 4122 1200 4191 pater?
1241 4137 1340 4176 nec
1379 4124 1633 4194 magister
1649 4125 1804 4180 tuon

225 4205 512 4274 princeps?
559 4222 664 4261 non
707 4208 1014 4278 legislator?
1062 4225 1166 4266 non
1201 4211 1405 4282 judex?
1446 4230 1552 4268 non
1587 4226 1637 4270 te
1677 4231 1805 4270 con-

228 4298 394 4352 fundit
427 4300 670 4356 amicus?
694 4317 798 4357 non
825 4310 876 4358 te
903 4303 1114 4358 mordet
1142 4305 1425 4359 inimicus?
1452 4323 1556 4360 non
1583 4309 1806 4378 castigat

225 4388 506 4444 dominus?
536 4405 642 4445 non
672 4391 831 4447 docet
865 4393 1124 4448 maritus?
1149 4409 1254 4449 non
1287 4396 1505 4465 corrigit
1528 4398 1806 4453 conscien-

228 4480 332 4534 tia?
399 4481 504 4536 Sed
555 4483 850 4554 corporalis
905 4485 1166 4555 aegritudo
1227 4489 1610 4558 superveniens
1661 4506 1804 4561 smpe

225 4574 402 4627 omnia
427 4576 699 4644 correxit,
735 4586 789 4632 et
826 4579 1022 4632 mulcta
1067 4580 1323 4634 audacem
1363 4581 1486 4636 fecit
1525 4581 1804 4640 humanio-

225 4681 376 4722 rem:
404 4669 651 4738 quodque
687 4671 925 4739 profecto
957 4671 1134 4740 majus
1177 4681 1257 4726 est
1278 4713 1292 4737 ,
1335 4689 1439 4727 non
1473 4684 1671 4729 tantum
1705 4692 1796 4732 no-

227 4757 306 4812 bis
325 4799 340 4823 ,
371 4758 466 4812 sed
494 4773 547 4814 et
579 4760 699 4815 aliis
737 4761 1030 4818 accidentia
1058 4764 1193 4817 mala
1229 4781 1552 4835 magnOpere
1581 4783 1678 4822 nos
1703 4769 1804 4824 ad-

228 4847 408 4914 iuvare
447 4861 838 4907 consueverunt
870 4871 883 4906 :
913 4861 966 4908 et
1009 4853 1108 4922 ipsi
1141 4869 1305 4924 grave
1335 4856 1409 4910 nil
1445 4858 1624 4925 passi,
1668 4858 1803 4915 alios

229 4954 352 4992 vero
401 4940 572 5008 puniri
623 4943 959 5012 conspicati,
1009 4961 1113 4998 non
1169 4946 1345 5001 minus
1393 4946 1502 5002 illis
1556 4949 1799 5021 castigati

292 5122 541 5180 Adversus
570 5127 881 5195 juramenta.
909 5158 981 5168 —
1015 5129 1126 5184 lloc
1160 5140 1212 5184 et
1257 5131 1309 5184 iu
1351 5131 1639 5186 benefactis
1677 5135 1796 5203 quis

226 5205 398 5272 videat
423 5217 639 5273 evenire
668 5236 681 5272 :
713 5220 847 5274 sicut
891 5221 1034 5275 enim
1060 5221 1185 5275 dum
1215 5221 1504 5292 puniuntur
1532 5225 1678 5291 mali,
1707 5227 1798 5282 alii

222 5299 468 5363 meliores
512 5307 816 5364 efficiuntur
844 5327 857 5364 :
884 5312 962 5365 sic
1008 5311 1162 5370 bonis
1202 5313 1338 5369 bene
1377 5329 1436 5368 se
1470 5317 1794 5387 gerentibus,

218 5387 371 5454 multi
399 5398 464 5453 ad
500 5399 726 5454 similem
766 5401 938 5456 zelum
975 5400 1297 5458 inducuntur
1335 5423 1347 5458 :
1382 5405 1522 5475 quod
1559 5416 1613 5460 et
1635 5408 1684 5460 in
1722 5408 1800 5478 ju-

222 5497 579 5545 .‘ameutorum
621 5489 742 5562 fuga
790 5492 1029 5561 contigit.
1070 5493 1218 5548 Multi
1263 5496 1404 5549 enim
1451 5498 1598 5552 alios
1624 5499 1796 5556 intuiti

220 5581 411 5638 .aalam
440 5581 750 5652 deposuisse
781 5583 994 5653 jurandi
1041 5581 1514 5651 consuetuduiem,
1562 5591 1793 5646 studium

221 5672 403 5730 imitati
432 5683 576 5740 sunt,
604 5685 984 5746 peccatumque
1007 5677 1249 5732 vicerunt
1275 5696 1286 5732 :
1319 5689 1595 5749 propterea
1617 5695 1671 5738 et
1697 5701 1792 5741 nos

222 5765 511 5836 .somptius
536 5767 727 5823 iterum
759 5768 1002 5826 eamdem
1042 5772 1304 5842 tangimus
1348 5771 1782 5836 admonitionem.

1125 331 1222 386 AD’
1255 323 1583 386 POI‘U'ISL‘M
1616 317 2122 378 A.\TlOClIiiNUM'
2170 322 2396 383 HOMIL.
2438 326 2574 385 ΧΙΠί

3407 342 3504 393 li?

1919 435 2088 493 Nemo
2115 439 2258 494 enim
2289 440 2417 495 mihi
2440 441 2603 509 dicat,
2635 443 2780 500 Multi
2805 447 3036 503 correcti
3069 458 3196 505 sunt
3227 469 3239 504 :
3277 451 3378 507 hoc
3398 472 3502 509 tum

1919 538 2002 585 est
2029 531 2171 600 quod
2194 535 2470 602 qumritur,
2502 535 2594 590 sed
2629 545 2687 593 ut
2707 553 2916 595 omnes.
2949 541 3128 598 Donec
3167 542 3268 600 hoc
3297 546 3499 611 videro,

1918 621 2187 690 reSpirare
2223 640 2330 678 non
2375 639 2610 694 possum.
2646 629 2833 684 Pastor
2871 632 2960 687 ille
2999 643 3214 690 centum
3244 650 3371 693 oves
3419 639 3501 694 ha-

1922 710 2100 780 bebat,
2128 723 2182 769 et
2203 730 2305 769 una
2331 718 2548 784 amissa,
2583 735 2688 774 non
2711 724 2878 778 sensit
2904 723 2970 780 de
2996 729 3282 799 nonaginta
3313 748 3501 788 novem

1917 805 2092 862 salute
2109 803 2539 878 delectationem,
2568 813 2738 869 donec
2768 819 3024 884 perditam
3049 821 3248 877 invenit
3279 834 3336 879 et
3358 830 3502 897 gregi

1917 900 2148 954 restituit
2173 899 2384 971 (Matth.
2411 903 2497 958 18.
2527 904 2614 959 12.
2649 907 2759 979 15).
2792 907 2906 964 Non
2928 913 3108 968 cernis
3124 923 3178 970 et
3207 915 3258 970 iu
3279 931 3503 987 corpore

1918 992 2022 1048 hoc
2075 992 2232 1050 ﬁeri?
2273 995 2322 1052 si
2375 997 2518 1054 enim
2559 1000 2640 1053 vel
2694 1019 2920 1073 unguem
2963 1007 3135 1062 solum
3176 1009 3504 1067 otlbnd'cnte-s

1916 1083 2296 1154 subvertimus,
2321 1094 2488 1143 totum
2509 1104 2711 1161 corpus
2730 1096 2970 1149 tnetnhro
2999 1098 3267 1154 condotet.
3300 1100 3499 1172 Ntt-igi-

1919 1186 2004 1233 tur
2026 1178 2194 1247 dicas,
2238 1181 2400 1238 Pauci
2441 1183 2658 1254 quidam
2705 1186 2872 1242 relicti
2909 1198 3050 1251 sunt,
3099 1192 3187 1260 qui
3236 1209 3338 1248 non
3378 1207 3504 1250 sunt

1916 1270 2182 1345 correcti;
2210 1272 2303 1327 sed
2335 1273 2466 1329 illud
2482 1276 2780 1341 considera,
2811 1281 2952 1349 quod
2977 1281 3059 1335 isti
3085 1284 3235 1352 pauci
3260 1301 3502 1341 nouveor-

1915 1364 2046 1418 recti
2085 1366 2280 1422 multos
2308 1380 2652 1440 corrumpant
2683 1373 2834 1430 alios.
2884 1374 3092 1430 Etenim
3136 1385 3192 1432 et
3229 1381 3366 1448 apttd
3409 1382 3500 1435 tio-

1916 1455 2143 1512 rinthios
2169 1473 2304 1515 unus
2328 1469 2444 1515 erat
2472 1460 2786 1531 fornicatus,
2826 1478 2878 1520 et
2918 1476 3094 1523 tamen
3148 1469 3220 1525 ita
3257 1473 3502 1540 gemebat

1917 1548 2128 1616 Paulus,
2162 1560 2429 1622 tamquam
2481 1563 2586 1610 tota
2632 1557 2839 1627 perdita
2880 1559 3096 1617 civitate
3135 1560 3356 1636 (LCor.
3396 1566 3495 1634 5):

1914 1651 1966 1698 et
2005 1644 2224 1710 merito;
2255 1646 2468 1701 ‘sciebat
2505 1649 2684 1715 enim,
2732 1650 2826 1705 illo
2865 1667 2970 1707 non
3018 1663 3280 1722 correcta,
3318 1658 3498 1710 vitium

1913 1749 2137 1805 serpens
2163 1746 2217 1792 et
2254 1739 2389 1794 alios
2417 1753 2606 1796 omnes
2650 1742 2957 1800 invasurum
2993 1763 3134 1804 esse.
3180 1748 3300 1804 Vidi
3333 1768 3500 1821 nuper

1915 1825 1967 1879 in
2009 1824 2212 1895 judicio
2254 1828 2458 1886 vinctos
2507 1840 2563 1888 et
2608 1848 2705 1903 per
2750 1837 2982 1892 taedium
3027 1837 3202 1895 forum
3245 1841 3500 1900 abductos

1913 1917 2034 1972 illos
2059 1918 2296 1976 illustres
2324 1922 2469 1978 viros
2499 1941 2513 1978 :
2537 1934 2593 1980 et
2619 1926 2933 1996 quibusdam
2960 1935 3298 1990 contumelia:
3325 1953 3502 1993 exces-

1913 2019 2032 2062 sum
2069 2009 2491 2080 admirantibus,
2530 2013 2664 2070 nihil
2702 2017 2956 2074 admirari
2984 2033 3215 2090 Oportet,
3253 2025 3500 2082 (lierbant

1912 2097 2001 2152 alii
2028 2116 2042 2154 :
2070 2101 2158 2155 ubi
2187 2102 2330 2158 enim
2361 2103 2652 2173 damnatio,
2679 2108 2909 2180 dignitas
2936 2115 3066 2170 nihil
3098 2118 3332 2185 prodest.
3357 2119 3500 2175 Nun-

1913 2205 1982 2246 ne
2008 2191 2166 2262 igitur
2193 2195 2363 2251 multo
2386 2198 2576 2271 magis,
2606 2201 2693 2257 ubi
2724 2202 2792 2256 sit
2822 2204 3087 2274 impietas,
3115 2208 3244 2264 nihil
3273 2211 3499 2281 dignitas

1911 2283 2127 2354 adjuvat
2146 2287 2174 2340 τ

1981 2376 2036 2434 5.
2069 2377 2194 2434 Haec
2218 2379 2378 2451 igitur
2397 2385 2712 2455 cogitantes,
2737 2404 2834 2445 nos
2861 2391 3005 2462 ipsos
3026 2394 3362 2454 excitemus:
3398 2399 3496 2452 nisi

1912 2469 2056 2526 enim
2087 2469 2318 2528 studium
2343 2474 2694 2535 adhibueritis
2718 2495 2813 2537 vos
2836 2523 2850 2546 ,
2883 2498 2912 2537 a
2940 2485 3093 2540 nobis
3119 2489 3295 2542 omnia
3327 2506 3495 2558 agun-

1913 2570 2000 2616 tur
2023 2563 2312 2633 superllua.
2345 2567 2481 2635 Quid
2526 2569 2597 2626 ita
2635 2572 2888 2629 tandem?
2925 2575 3188 2642 Quoniam
3231 2597 3333 2634 non
3363 2582 3498 2636 sit-ut

1911 2658 2132 2729 reliquae
2158 2667 2302 2714 artes
2324 2699 2338 2724 ,
2368 2659 2439 2715 ita
2462 2669 2544 2716 est
2570 2664 2953 2733 magisterium.
2987 2668 3329 2738 Argentarius
3354 2674 3496 2726 enim

1912 2747 2062 2806 faber
2095 2752 2484 2825 qualecumque
2518 2771 2612 2812 vas
2646 2759 2921 2818 excuderit
2959 2773 3014 2818 et
3044 2767 3359 2834 reposuerit,
3392 2765 3498 2820 tale

1911 2841 2169 2911 postridie
2206 2859 2455 2902 reversus
2504 2848 2695 2904 iterum
2741 2850 2974 2908 inveniet
3022 2872 3036 2908 :
3081 2863 3146 2910 et
3177 2859 3398 2911 :erarius
3445 2867 3494 2911 ct

1911 2937 2294 2992 marmorarius
2345 2945 2400 2992 et
2450 2941 2712 2996 artificum
2757 2943 2982 3015 quisque
3018 2947 3178 3015 quale
3227 2948 3495 3016 preprium

1911 3038 2045 3094 opus
2088 3026 2373 3096 dimiserit,
2407 3030 2510 3085 tale
2540 3048 2750 3087 rursum
2792 3037 3033 3105 recipiet.
3061 3035 3212 3094 Circa
3244 3056 3341 3094 nos
3370 3057 3498 3094 vero

1912 3131 2018 3170 non
2061 3117 2156 3183 ita,
2203 3117 2298 3173 sed
2334 3121 2658 3176 contrarium
2707 3126 2973 3181 omnino-z
3008 3144 3112 3180 non
3141 3131 3282 3185 enim
3324 3132 3482 3188 inani.

1911 3217 2053 3264 mata
2079 3223 2224 3275 vasa,
2251 3210 2345 3266 sed
2366 3211 2571 3266 animas
2601 3214 2841 3269 cudiums
2881 3219 3186 3275 rationales.
3229 3221 3352 3276 l‘deo
3391 3239 3496 3278 non

1910 3303 2047 3360 tales
2080 3318 2176 3360 vos
2216 3304 2540 3372 invenimus,
2577 3309 2764 3378 quales
2809 3311 3178 3382 relinquimus,
3213 3317 3306 3370 sed
3355 3328 3496 3386 post-

1910 3410 2072 3465 quam
2096 3405 2373 3466 susceptos
2403 3398 2571 3454 multo
2596 3399 2777 3456 labore
2802 3401 3269 3461 remrmarerimus
3297 3418 3351 3462 et
3371 3423 3492 3463 cor-

1910 3489 2226 3556 rexerimus,
2271 3500 2328 3547 et
2351 3493 2687 3550 eti‘ecerimus
2728 3496 3098 3568 ferrentiorcs,
3135 3517 3378 3572 egressos
3405 3520 3496 3559 uc-

1909 3580 2172 3649 gotiorum
2220 3582 2618 3640 circumstantia
2658 3602 2752 3642 vos
2796 3589 3026 3660 undique
3068 3591 3494 3650 circumcurrens

1910 3687 2122 3728 rursum
2151 3676 2426 3744 pervertit;
2467 3688 2521 3733 et
2556 3680 2811 3750 majorem
2850 3684 3002 3739 nobis
3047 3686 3246 3755 praebet
3269 3686 3498 3744 difﬁcul-

1911 3772 2096 3820 tatem.
2125 3765 2330 3825 ldcirco
2349 3771 2593 3840 supplico
2621 3783 2675 3828 et
2699 3790 2815 3841 oro,
2855 3793 3070 3832 manum
3110 3781 3414 3853 porrigatis,
3443 3794 3496 3839 ct

1908 3866 2166 3926 quantum
2193 3873 2292 3930 ego
2332 3860 2420 3916 bic
2461 3863 2528 3917 ad
2564 3867 2948 3924 correctionem
2991 3879 3223 3926 vestram
3259 3873 3506 3930 studium.

1909 3948 2063 4014 facio,
2097 3958 2298 4005 tantum
2328 3967 2424 4006 vos
2455 3952 2578 4009 hinc
2599 3955 2821 4026 digressi
2851 3959 2990 4013 circa
3018 3961 3244 4016 Salutem
3263 3973 3494 4020 vestram

1908 4055 2053 4096 curae
2083 4040 2483 4098 demonstretis.
2535 4044 2745 4101 Utinam
2795 4057 2975 4117 posset
3011 4050 3144 4115 fieri,
3178 4063 3235 4107 ut
3259 4069 3360 4125 ego
3399 4072 3496 4125 pro

1909 4132 2058 4187 vobis
2089 4132 2225 4189 bene
2265 4149 2518 4202 mererer,
2564 4147 2618 4192 et
2653 4140 2964 4195 meritorum
3010 4141 3188 4197 bravia
3215 4159 3309 4200 vos
3338 4161 3494 4216 cape-

1909 4224 2072 4288 retis;
2104 4239 2203 4280 nec
2228 4233 2432 4281 tantum
2474 4243 2568 4282 vos
2607 4245 2903 4285 vexassent.
2949 4231 3056 4288 Sed
3095 4235 3222 4304 quid
3267 4237 3494 4293 faciam?

1909 4315 2011 4372 hoc
2055 4316 2384 4389 impossibile
2413 4328 2538 4376 est:
2580 4322 2770 4390 cuique
2817 4325 2958 4377 enim
3006 4327 3295 4384 secundum
3330 4345 3492 4400 opera

1907 4426 2003 4466 sua
2033 4414 2311 4470 retribuet.
2343 4416 2493 4472 Sicut
2522 4417 2681 4489 igitur
2711 4431 2880 4474 mater
2909 4421 3072 4477 ﬁlium
3102 4423 3490 4483 febricitantem

1907 4520 2154 4572 cernens,
2187 4506 2386 4562 dolenti
2429 4518 2485 4565 et
2523 4511 2727 4566 ardenti
2775 4515 3046 4578 assistens,
3089 4515 3276 4587 lugens
3323 4535 3494 4588 aegro-

1909 4595 2041 4650 tanti
2081 4595 2212 4651 dicit
2250 4597 2402 4653 tilio:
2435 4598 2668 4668 Utinam,
2701 4601 2795 4667 (ili,
2844 4604 3043 4658 febrem
3083 4619 3182 4676 ego
3220 4610 3492 4680 suscipere

1907 4700 2140 4755 possem,
2167 4697 2223 4744 et
2251 4690 2304 4744 in
2327 4705 2414 4746 me
2438 4689 2705 4747 ﬂammam
2735 4693 3007 4752 attrahere
3031 4715 3044 4751 :
3069 4697 3146 4752 sie
3172 4700 3410 4768 profecto
3436 4714 3492 4757 et

1907 4794 2008 4850 ego
2032 4795 2175 4837 nunc
2205 4781 2325 4838 dico
2351 4801 2363 4838 :
2392 4783 2604 4840 Utinam
2634 4788 2886 4856 possibile
2915 4799 3058 4845 esset
3089 4807 3175 4848 me
3215 4809 3314 4864 pro
3340 4796 3490 4851 vobis

1907 4871 2235 4930 laborantem
2256 4876 2505 4932 omnibus
2537 4889 2682 4935 recte
2723 4896 2914 4950 agere;
2957 4884 3050 4939 sed
3081 4901 3186 4941 non
3215 4887 3340 4944 licet
3366 4889 3488 4957 hoc,

1906 4983 2014 5021 non
2041 4965 2187 5032 licet,
2219 4967 2312 5023 sed
2333 4983 2599 5040 quemque
2626 4985 2847 5028 necesse
2875 4983 2958 5029 est
2999 4990 3028 5028 a
3075 4991 3134 5032 se
3176 4981 3488 5035 conmiisSo-

1907 5072 2026 5112 rmn
2065 5058 2326 5115 rationem
2366 5061 2593 5117 reddere
2622 5079 2636 5116 :
2669 5079 2841 5134 neque
2871 5066 3050 5124 videre
3087 5079 3170 5126 est
3206 5072 3365 5127 alium
3395 5090 3490 5142 pro

1903 5149 2009 5205 alio
2033 5151 2227 5222 puniri.
2254 5152 2538 5223 Propterea
2572 5155 2728 5212 doleo
2753 5165 2809 5212 et
2860 5158 3036 5230 lugeo,
3069 5162 3189 5233 quia
3223 5164 3370 5218 vobis
3399 5166 3487 5219 die

1905 5241 1997 5296 illo
2019 5244 2281 5298 accusatis
2299 5245 2551 5301 assistere
2588 5262 2692 5302 non
2723 5257 2934 5318 potero,
2971 5253 3201 5308 maxime
3227 5270 3347 5308 cum
3394 5272 3488 5311 ne-

1903 5349 2008 5405 que
2037 5335 2165 5390 mihi
2194 5336 2385 5393 ﬁducia
2411 5339 2551 5407 apud
2593 5340 2762 5396 Deum
2808 5341 2878 5397 sit
2911 5350 3091 5408 tanta;
3121 5344 3164 5398 si
3189 5361 3312 5398 vero
3342 5358 3395 5401 et
3425 5348 3485 5402 tio

1902 5426 2110 5482 duciam
2132 5427 2412 5499 haberem,
2433 5446 2537 5485 non
2569 5447 2685 5486 sum
2711 5431 2854 5488 Mose
2887 5435 3135 5500 sanctior,
3176 5451 3348 5505 neque
3392 5437 3485 5493 Sa-

1901 5521 2074 5576 muele
2091 5521 2301 5592 justior,
2333 5537 2467 5593 quos
2498 5524 2747 5580 virtutem
2777 5535 2978 5582 tantam
3011 5538 3328 5598 assequutos
3351 5531 3483 5587 dixit

1901 5627 2006 5667 non
2033 5613 2047 5644 ¹
2073 5627 2230 5682 posse
2254 5614 2380 5686 quid
2397 5615 2610 5672 indutos
2635 5617 2906 5687 adjuvare,
2930 5618 3069 5689 quod
3091 5621 3257 5676 nimio
3283 5631 3483 5696 torpori

1964 5729 1978 5756 ι
2012 5723 2233 5802 έιῇίηηοη
2257 5727 2488 5792 pemtiat't,
2517 5745 2620 5795 pro,
2647 5730 2772 5783 dixit
2805 5747 2914 5787 non.
2957 5741 3007 5788 Et
3026 5738 3089 5790 ita
3117 5743 3262 5793 vertit
3285 5749 3481 5802 Bernar-

1900 5790 1990 5840 dus
2012 5790 2272 5843 Brixianus.
