3912 6230
472 269 573 323 Hii

1091 278 1149 336 S.
1189 282 1465 343 JOANNIS
1490 288 1963 350 CllRYSOSTOMl
2003 296 2317 358 ABCHIEP.
2358 304 2884 373 CONSTANTINOP.

466 388 672 452 seipsos
699 385 770 442 illi
795 386 1071 446 dedissent
1094 392 1302 466 (Jerem.
1328 398 1497 471 l5,l).
1517 401 1775 468 Quoniam
1800 406 1957 475 igitur
1979 425 2043 465 ex

467 477 700 545 propriis
724 481 974 549 operibus
1016 485 1261 554 punimur
1292 497 1344 542 ct
1379 488 1670 558 solvamur,
1717 495 2043 567 Studeamus,

466 580 670 634 qitmso,
697 584 819 625 cum
845 571 964 626 aliis
992 574 1238 630 omnibus
1258 585 1312 632 et
1354 577 1454 634 hoc
1479 582 1693 651 explere
1714 586 2042 657 mandatum,

465 665 519 710 ut
550 673 671 713 cum
697 660 829 716 bona
859 678 954 733 spe
991 664 1113 720 hinc
1139 666 1396 725 abeuntes
1423 674 1684 741 promissa
1727 677 1863 732 bona
1895 696 2040 737 asse-

3634 334 3729 392 il!

2151 430 2399 485 quatnur,
2441 424 2609 492 gratia
2661 437 2714 482 et
2760 429 3085 503 benignitate.
3131 436 3339 496 Domini
3387 444 3559 501 nostri
3603 447 3732 504 Jesu

2159 504 2378 575 Christi,
2403 527 2497 581 per
2520 529 2676 584 quem
2712 529 2766 574 et
2784 535 2903 576 cum
2926 541 3032 595 quo
3071 526 3213 584 Patri
3247 532 3434 602 gloria,
3469 552 3575 592 una
3607 555 3730 597 cum

2149 610 2335 656 saneto
2365 602 2586 675 Spiritu,
2612 626 2750 666 nunc
2779 624 2833 668 et
2867 631 3098 688 semper,
3126 632 3179 677 et
3205 624 3258 680 in
3282 629 3475 686 saecula
3513 637 3731 689 strequ-

2151 704 2286 745 rum.
2319 691 2513 750 Amen.

498 792 2261 831 Ἦ,

461 883 701 930 γονυιο
742 886 902 931 ΟΜΝῘ
947 891 1024 933 ΔΒ
1067 892 1375 960 ΔΝΘΟεΤῙᾼ
1419 896 1732 946 ιωειιΑτο
1775 901 1855 945 ΕΤ
1906 902 2023 948 CON

2138 910 2294 955 I'UTO
2339 914 2403 958 IN

536 986 863 1032 CONFICTIS
904 990 1264 1036 RUMORIBUS
1305 994 1666 1042 TDEMENDIS
1710 1001 2200 1062 TURBAVERUNT,

2700 834 2922 848 ——-—.

2933 836 3710 865 Ἣ

2446 918 2729 979 FIDUCIA,
2773 925 3021 978 QUIDAM
3063 933 3320 980 RURSUII
3377 939 3725 990 CIVITATEM

2248 1011 2330 1055 ΕΤ
2359 1014 2652 1064 αοκνιετι
2695 1021 2889 1080 SUNT;
2935 1028 3019 1071 DE
3063 1031 3185 1080 ειοα
3227 1032 3445 1086 ιαίτσιι
3478 1040 3721 1094 ΗΑΒΓΓΔ

538 1088 647 1131 EST
692 1089 979 1142 IIOMILIA,
1028 1093 1109 1135 ΕΤ
1151 1094 1234 1135 DE
1275 1094 1794 1145 JURAMENTORUM
1842 1101 2017 1144 ABSTI

2138 1106 2255 1153 lTIA
2297 1110 2654 1162 ADMONITIO
2694 1122 2969 1182 ADDITA;
3001 1120 3280 1184 IDEOQUB
3310 1134 3395 1178 Dl
3433 1138 3726 1189 JONATHA

533 1188 614 1230 ΕΤ
655 1188 853 1232 SAULE
898 1191 977 1232 ET
1016 1192 1306 1237 JEPHTHE
1350 1194 1644 1239 HISTORIA
1694 1197 2017 1246 PRODUCTA
2065 1204 2200 1260 EST,

534 1288 749 1334 att-2x170
790 1290 1160 1338 asscux'run
1208 1278 1574 1341 rentunu‘.

2247 1208 2328 1254 ΕΤ
2370 1212 2907 1270 οκυοπετιυτωι.
2953 1226 3124 1282 QUOD
3185 1232 3270 1278 ΕΙ
3334 1231 3461 1283 8N0
3521 1241 3728 1289 JURA"

1927 1407 2240 1456 θεοβοῖὼ

1087 1548 1280 1585 ΚΟΜΗΛΑ
1304 1546 1406 1585 XIV.

527 1635 576 1688 l.
621 1634 734 1689 Non
766 1650 953 1704 parum
980 1637 1251 1705 civitatem
1279 1637 1433 1694 nobis
1470 1637 1587 1695 heri
1626 1641 1872 1698 diabolus
1913 1659 2036 1714 per-

449 1726 703 1794 turbavit,
724 1727 819 1783 sed
856 1736 909 1782 et
935 1729 1078 1784 Deus
1120 1744 1219 1785 nos
1257 1731 1449 1784 iterum
1486 1747 1590 1787 non
1629 1748 1813 1802 parum
1837 1750 2028 1790 conso-

448 1817 582 1871 latus
612 1829 716 1883 est,
763 1819 833 1874 ita
876 1830 931 1875 ut
971 1821 1195 1891 quisque
1238 1831 1478 1881 nostrum
1518 1835 1819 1894 opportune
1855 1827 2033 1884 dicere

449 1909 617 1977 possit
662 1909 794 1965 illud
842 1911 1213 1981 propheticum
1261 1932 1274 1967 :
1325 1913 1616 1970 Secundum
1659 1919 2030 1976 multitudinem

445 1999 680 2054 dolorum
709 2017 932 2075 meorum
970 2003 1024 2057 in
1053 2004 1203 2058 corde
1232 2021 1342 2059 meo
1367 2006 1737 2063 consolationes
1778 2017 1878 2064 tute
1900 2011 2031 2065 (trti-

446 2090 723 2157 ﬁcarerunt
749 2093 972 2146 animum
1009 2109 1169 2146 meam
1200 2093 1380 2165 (Psal.
1402 2094 1488 2150 95.
1516 2096 1643 2167 19).
1675 2097 1784 2155 Nec
1825 2108 2028 2158 tantum

442 2181 789 2249 consolando,
813 2183 907 2238 sed
936 2192 990 2238 et
1016 2185 1313 2254 perturbari
1341 2186 1723 2257 permittendo,
1745 2191 2031 2258 providen-

442 2273 566 2325 tiam
596 2272 749 2328 nobis
772 2288 922 2328 suam
947 2274 1087 2330 Deus
1112 2274 1372 2332 exhibuit.
1398 2278 1550 2345 Quod
1573 2280 1714 2334 enim
1739 2296 2025 2354 numquam

439 2362 619 2419 dicere
647 2364 851 2433 destiti,
883 2366 983 2422 hoc
1008 2376 1065 2423 ct
1091 2368 1247 2424 hodie
1272 2369 1474 2439 dicam,
1503 2386 1607 2427 non
1644 2373 1805 2430 modo
1830 2391 2024 2434 atrum-

440 2470 624 2507 narum
655 2456 974 2512 solutionem
999 2498 1019 2523 ,
1059 2458 1155 2513 sed
1186 2467 1241 2514 et
1285 2459 1471 2515 harum
1513 2462 1919 2531 permissionem
1961 2483 2024 2521 ex

442 2543 537 2598 Dei
577 2544 943 2601 benevolentia
979 2563 1117 2603 esse.
1162 2547 1292 2604 Cum
1332 2551 1473 2606 enim
1513 2567 1612 2608 nos
1649 2551 1718 2608 ad
1758 2564 2025 2625 torporem

438 2636 771 2693 declinantes
798 2638 961 2705 videt,
985 2649 1035 2693 et
1075 2640 1143 2692 ab
1184 2641 1346 2709 ipsius
1382 2640 1739 2701 familiaritate
1779 2647 2028 2703 resiliat».

440 2736 544 2791 trs,
573 2742 634 2781 ac
674 2728 1027 2797 spiritualium
1069 2731 1267 2785 nullam
1308 2733 1567 2788 rationem
1594 2733 1872 2807 habentes,
1896 2751 2026 2807 pau-

439 2819 546 2872 lum
582 2834 677 2874 nos
717 2819 1042 2891 derelinquit
1063 2863 1079 2890 ,
1126 2831 1182 2877 ut
1212 2823 1281 2877 ita
1313 2824 1578 2896 castigati,
1607 2825 1677 2885 ad
1703 2825 1877 2896 ipsum
1905 2838 2022 2882 stu-

437 2912 636 2969 diosius
665 2913 973 2971 redeamus.
1027 2914 1091 2970 Et
1132 2914 1265 2986 quid
1288 2915 1607 2983 admiraris,
1653 2919 1697 2974 si
1744 2920 1884 2976 circa
1926 2936 2025 2977 nos

437 3012 711 3072 lttt'pt‘ttlcs
756 3004 858 3060 hoc
888 3005 1053 3072 facit,
1091 3006 1287 3077 quippe
1317 3022 1435 3063 cum
1468 3007 1662 3067 Paulus
1692 3018 1748 3066 et
1789 3009 1842 3067 in
1872 3025 1933 3068 se
1968 3020 2026 3067 et

437 3099 487 3154 in
546 3098 824 3168 discipulis
878 3100 990 3155 suis
1038 3100 1176 3156 hanc
1227 3101 1580 3157 tentationum
1635 3117 1851 3159 causam
1903 3120 2024 3161 esse

436 3190 682 3245 tlEXt‘t'il?
733 3191 944 3247 Etenim
990 3191 1059 3246 ad
1105 3192 1414 3248 Corinthios
1465 3194 1754 3250 secundam
1805 3196 2024 3252 mittens

434 3282 735 3351 epistolam,
767 3284 846 3338 sic
875 3283 1086 3339 dicebat
1120 3303 1134 3338 :
1162 3282 1300 3338 Nolo
1325 3301 1412 3340 uos
1440 3285 1703 3357 ignorare,
1725 3290 1931 3357 fratres,
1959 3288 2022 3342 de

435 3375 754 3430 tribulatione
797 3375 934 3447 facta
982 3375 1124 3431 nobis
1169 3377 1220 3432 iu
1248 3376 1406 3445 Asia,
1453 3379 1588 3449 quod
1632 3396 1788 3450 supra
1815 3380 2025 3436 modum

434 3470 629 3540 gravati
656 3486 831 3524 sumus
855 3486 1012 3541 supra
1042 3470 1273 3524 virtutem
1293 3512 1309 3536 ,
1336 3470 1410 3525 ita
1440 3480 1493 3524 ut
1521 3472 1724 3527 taederet
1752 3488 1844 3527 nos
1871 3473 2023 3528 etiam

436 3562 598 3615 virere
620 3579 638 3625 ;
668 3560 757 3614 sed
782 3560 881 3628 ipsi
908 3562 962 3615 in
989 3562 1130 3616 nobis
1155 3562 1281 3631 ipsis
1306 3579 1603 3633 responsum
1640 3564 1815 3621 mortis
1842 3564 2024 3618 Ιωὺαἱε

433 3670 546 3706 usus
592 3654 684 3724 (“2.
710 3652 828 3705 Cor.
857 3655 906 3708 l.
929 3653 977 3709 8.
1006 3652 1078 3725 9)
1109 3672 1124 3711 :
1163 3654 1313 3724 quasi
1360 3655 1562 3709 diceret
1590 3697 1604 3718 ,
1651 3655 1780 3710 Tam
1831 3672 2022 3728 magna

435 3747 610 3812 nobis,
642 3746 846 3817 inquit,
880 3746 1169 3803 incubuere
1196 3747 1429 3817 pericula
1456 3788 1472 3814 ,
1521 3756 1580 3802 ut
1606 3748 1784 3805 vivere
1809 3751 2017 3806 abomi-

435 3854 709 3906 naremur,
740 3853 839 3894 nec
868 3838 1096 3910 amplius
1124 3853 1461 3908 speraremus
1491 3838 1653 3895 ullam
1680 3839 1795 3896 fore
1824 3840 2021 3899 bonam

433 3931 783 3986 mutationem
804 3972 820 4000 ,
865 3946 965 3987 nec
993 3930 1093 3985 nisi
1124 3939 1353 3986 mortem
1383 3932 1800 4001 exspectandum
1828 3942 1972 3988 esset
2000 3950 2015 3987 :

436 4022 535 4078 hoc
561 4024 702 4080 enim
729 4022 860 4079 illud
887 4031 990 4088 est,
1023 4021 1135 4096 Ipsi
1160 4022 1214 4079 in
1243 4023 1386 4078 nobis
1412 4023 1537 4095 ipsis
1562 4041 1858 4095 responsum
1883 4042 2020 4080 mor-

435 4117 496 4170 tis
523 4115 830 4181 Imbuimus;
860 4115 956 4172 sed
986 4124 1159 4170 tamen
1197 4122 1317 4185 post
1362 4123 1560 4170 tantam
1590 4115 2019 4186 desperationem

435 4208 637 4276 depulit
666 4210 803 4263 Deus
834 4207 1122 4279 procellam
1143 4250 1160 4276 ,
1192 4217 1245 4263 et
1276 4206 1471 4262 nubem
1498 4207 1694 4278 abegit,
1725 4222 1928 4279 nosque
1953 4224 2018 4267 ex

437 4301 564 4368 ipsis
592 4302 779 4354 montis
808 4299 1045 4355 faucibus
1066 4298 1281 4369 eripuit.
1309 4297 1433 4353 Mox
1460 4297 1849 4361 demonstrans,
1874 4299 2017 4369 quod

432 4388 732 4447 Concedere
760 4399 816 4444 ut
836 4390 889 4444 itt
918 4398 1117 4445 tantum
1151 4388 1508 4444 ineitlercmus
1538 4389 1854 4458 periculum,
1884 4390 2021 4445 mul-

436 4491 504 4536 tte
547 4490 663 4537 erat
711 4480 1059 4552 providentia:
1087 4496 1242 4550 Opus,
1270 4496 1337 4536 ex
1389 4480 1768 4535 tentationibus
1813 4482 2017 4536 lucrum

432 4575 595 4627 etiam
656 4582 863 4644 partum
905 4581 1209 4634 memorat;
1258 4572 1357 4625 hoc
1403 4581 1581 4626 autem
1626 4579 1776 4635 erat,
1805 4570 2019 4628 assidue

432 4662 500 4717 ad
527 4663 701 4732 ipsum
730 4662 1021 4731 respicere,
1068 4660 1162 4716 sed
1207 4661 1278 4714 nil
1324 4676 1573 4731 magnum
1617 4674 1806 4731 sapere
1844 4676 2018 4731 neque

431 4755 640 4812 extolli.
687 4754 975 4827 Propterea
1005 4768 1126 4808 cum
1158 4753 1411 4818 dixisset,
1462 4752 1574 4825 Ipsi
1614 4754 1666 4808 in
1711 4754 1852 4809 nobis
1895 4755 2019 4825 ipsis

434 4863 728 4918 responsura
754 4848 930 4902 mortis
956 4845 1261 4912 habuimus,
1297 4856 1347 4901 et
1386 4861 1599 4901 causam
1644 4845 1840 4901 intulit.
1887 4845 2017 4915 Quae

434 4954 560 4993 vero
587 4936 704 4993 hare
729 4946 813 4994 est
840 4937 1044 4993 causa?
1076 4934 1143 4991 Ut
1185 4952 1285 4990 non
1325 4936 1481 4991 simus
1513 4936 1723 5004 ﬁdentes
1760 4937 1814 4991 iu
1851 4936 2013 5001 nobis,

434 5029 627 5100 inquit,
658 5028 749 5085 sed
772 5029 826 5084 in
845 5022 975 5095 Deo,
1008 5026 1096 5100 qui
1122 5027 1329 5082 suscitat
1358 5036 1583 5082 mortuos
1611 5025 1686 5100 (2.
1711 5023 1827 5083 Cor.
1859 5028 1910 5083 1.
1936 5026 2013 5099 9).

436 5121 796 5177 Dormitantes
820 5118 964 5175 enim
986 5135 1085 5174 nos
1109 5127 1164 5174 et
1184 5117 1433 5189 delapsos
1451 5117 1859 5189 expergefacere
1880 5118 2020 5175 solet

437 5223 492 5268 et
519 5211 755 5268 excitare
776 5251 793 5280 ,
824 5219 880 5267 et
925 5210 1284 5282 religiosiores
1315 5208 1489 5265 facere
1531 5211 1880 5265 tcntationum
1916 5225 2015 5265 na-

434 5314 571 5362 tura.
604 5300 737 5360 Cum
766 5301 927 5375 igitur
957 5302 1187 5369 videris,
1227 5298 1426 5358 dilecte
1449 5342 1465 5367 ,
1498 5302 1841 5356 tentationem
1877 5318 2018 5359 nunc

431 5396 648 5465 quidem
695 5394 1013 5452 exstinctam
1039 5434 1055 5461 ,
1097 5407 1310 5448 rursum
1355 5400 1532 5447 autent
1580 5405 1897 5458 accensam,
1953 5408 2019 5449 ne

432 5487 613 5543 animo
650 5486 902 5545 concidas
938 5501 1040 5542 neu
1082 5484 1348 5551 refugias;
1394 5482 1489 5539 sed
1528 5481 1724 5538 bonam
1751 5498 1900 5553 spem
1935 5495 2015 5539 te-

500 5606 517 5633 ι
552 5601 692 5651 savii.
710 5601 841 5662 hunc
859 5602 980 5652 item
996 5602 1046 5649 in
1061 5599 1281 5662 margine
1299 5595 1492 5662 titulum
1513 5594 1674 5646 adfert
1696 5608 1710 5646 :
1738 5577 2022 5662 Exhortatio

437 5663 499 5712 de
522 5662 805 5724 abstinentia
816 5660 1102 5724 juramcnti,
1143 5659 1189 5712 et
1213 5659 1340 5719 quod
1362 5659 1636 5722 frequenter
1645 5664 1896 5721 Jurantem
1916 5661 2017 5724 fre-

440 5729 642 5791 quenter
656 5723 802 5777 etiam
825 5726 1080 5791 perjurare
1103 5735 1294 5775 incesse
1316 5725 1402 5771 est.

2148 1561 2295 1609 neas.
2330 1549 2455 1607 illud
2485 1554 2622 1611 intra
2654 1559 2877 1628 teipsum
2899 1563 3241 1636 ratiocinans,
3270 1572 3412 1640 quod
3432 1588 3538 1629 non
3564 1589 3725 1645 pero-

2139 1650 2232 1692 sus
2260 1653 2359 1694 nec
2385 1654 2658 1699 aversatus
2688 1663 2788 1704 nos
2815 1650 2952 1706 Deus
2977 1652 3309 1714 inimicorum
3336 1663 3581 1719 manibus
3608 1673 3720 1721 tra-

2137 1726 2261 1794 dat,
2293 1730 2386 1785 sed
2413 1734 2759 1794 studiosiores
2783 1748 2838 1797 et
2864 1741 2966 1797 sibi
3009 1746 3175 1816 magis
3218 1746 3505 1808 familiares
3532 1753 3719 1812 facere

2138 1820 2339 1876 volens.
2374 1822 2448 1879 Ne
2478 1825 2635 1897 igitur
2660 1831 2896 1897 animum
2926 1833 3384 1906 despondeamus,
3413 1858 3515 1900 nec
3538 1857 3720 1902 muta.-

2139 1915 2337 1968 tionem
2368 1916 2418 1970 in
2453 1919 2638 1976 melius
2667 1922 3030 1993 desperemus,
3061 1929 3156 1985 sed
3180 1933 3509 1992 celerrimam
3534 1953 3722 2009 apere.

2136 2018 2255 2060 mus
2283 2005 2397 2062 fore
2424 2012 2879 2084 tranquillitatem,
2901 2026 2958 2073 et
2976 2021 3215 2076 omnium
3234 2024 3424 2094 quibus
3448 2005 3715 2099 agitamus-

2136 2099 2453 2157 tumultuum
2483 2101 2644 2160 finem
2674 2106 2727 2160 in
2758 2108 2920 2164 Deum
2953 2113 3312 2183 projieientes,
3343 2133 3553 2174 rursum
3580 2137 3719 2178 con-

2131 2199 2281 2245 sueta
2308 2193 2664 2265 attingamus,
2706 2198 3021 2271 solitamque
3064 2203 3116 2259 in
3157 2206 3390 2263 medium
3416 2209 3717 2269 doctrinam

2132 2283 2485 2352 producamus
2510 2288 2527 2320 ¹
2553 2305 2566 2342 :
2597 2305 2782 2347 rursus
2821 2293 2961 2347 enim
2993 2294 3142 2351 vobis
3169 2299 3236 2353 de
3265 2299 3451 2355 eadem
3491 2305 3716 2359 materia

2131 2373 2310 2430 dicere
2336 2376 2477 2445 volo,
2502 2388 2559 2433 ut
2581 2379 2650 2436 de
2678 2390 2859 2438 mente
2887 2393 3061 2440 vestra
3084 2386 3320 2458 improba
3345 2389 3554 2460 jurandi
3581 2409 3716 2451 eon-

2131 2467 2357 2524 suetudo
2385 2470 2637 2527 radicitus
2665 2474 2942 2532 avellatur.

2202 2579 2234 2635 1
2237 2590 2399 2636 terum
2421 2592 2601 2638 contra
2614 2586 2927 2655 iuramenta.
2948 2619 3016 2629 —
3041 2589 3241 2647 Idcirco
3260 2608 3479 2652 necesse
3498 2611 3716 2652 rursum

2130 2670 2196 2726 ad
2225 2672 2469 2729 eamdem
2501 2674 2787 2747 confugere
2824 2680 3283 2749 supplicationem.
3315 2685 3524 2742 Etenim
3551 2700 3717 2747 antea

2130 2778 2225 2819 vos
2252 2765 2468 2834 rogavi,
2500 2775 2560 2822 ut
2585 2766 2805 2825 Joannis
2834 2781 2993 2842 caput
3020 2773 3312 2830 abscissum
3339 2776 3513 2833 adhuc
3536 2780 3716 2836 calido

2128 2868 2320 2911 cruore
2342 2854 2615 2912 destillans
2641 2868 2945 2928 sumentes,
2962 2862 3040 2918 sic
3063 2861 3278 2920 domum
3307 2867 3531 2939 quisque
3557 2885 3718 2926 suam

2128 2943 2358 3000 redeatis
2380 2986 2397 3013 ,
2425 2955 2481 3002 et
2508 2949 2702 3018 putetis
2731 2959 2855 3006 ante
2884 2953 3069 3008 oculos
3095 2953 3292 3012 habere
3322 2957 3492 3028 ipsum
3522 2975 3714 3017 vocem

2128 3037 2459 3095 emittentem
2501 3048 2557 3095 et
2597 3040 2860 3101 dicentem
2905 3060 2918 3097 :
2959 3043 3095 3117 odio
3124 3045 3313 3106 habete
3354 3048 3718 3120 iugulator-em

2124 3142 2305 3185 meum
2339 3128 2723 3199 juramentum.
2768 3131 2918 3200 Quod
2948 3135 3239 3207 increpatio
3267 3153 3372 3193 non
3401 3139 3565 3208 fecit,
3608 3143 3716 3202 hoc

2127 3220 2253 3278 fecit
2295 3220 2657 3291 juramentum
2688 3242 2702 3280 :
2734 3225 2888 3306 quod
2918 3228 2995 3283 ira
3042 3244 3148 3284 non
3194 3230 3364 3300 potuit
3407 3233 3711 3303 tyrannica,

2128 3312 2230 3369 hoc
2263 3314 2485 3384 perjurii
2518 3317 2807 3377 necessitas
2832 3317 3025 3377 ell'ecit.
3056 3320 3197 3383 Sane
3222 3321 3435 3392 quando
3459 3326 3717 3382 omnibus

2126 3403 2337 3474 publice
2361 3405 3072 3479 audientibusarguebatur,
3099 3412 3513 3482 increpationem
3541 3430 3712 3486 gene-

2127 3508 2251 3552 rose
2295 3496 2416 3551 tulit
2460 3507 2753 3569 tyrannus;
2802 3515 2923 3558 cum
2954 3516 3080 3557 vero
3113 3518 3172 3559 se
3209 3505 3261 3557 in
3284 3503 3721 3574 juramentoruns

2127 3589 2498 3647 necessitatem
2525 3590 2721 3661 adegit,
2751 3601 2877 3651 tunc
2899 3592 3029 3647 illud
3051 3593 3261 3655 beatum
3281 3605 3440 3667 caput
3460 3596 3709 3654 absridit.

2127 3679 2241 3739 Hoc
2269 3680 2440 3751 ipsum
2471 3680 2629 3752 igitur
2654 3693 2710 3737 et
2738 3698 2878 3739 nunc
2921 3692 3040 3754 pcto
3061 3725 3076 3750 ,
3121 3694 3178 3741 et
3210 3695 3390 3755 petere
3432 3704 3538 3743 non
3564 3689 3714 3746 desi—

2126 3782 2265 3829 stam
2286 3816 2302 3841 ,
2336 3784 2393 3829 ut
2416 3790 2750 3849 quocumque
2776 3775 3097 3839 abierimns.
3133 3777 3231 3832 hoe
3257 3788 3527 3848 gestantes
3550 3792 3719 3852 caput

2128 3866 2417 3933 abeamus,
2442 3878 2497 3923 et
2524 3868 2775 3929 omnibus
2799 3869 3142 3930 ostendamus
3184 3871 3422 3929 clamans
3459 3884 3517 3929 et
3556 3875 3717 3944 jurs-_

2128 3966 2304 4013 menta
2353 3959 2680 4028 vituperans.
2742 3959 2995 4026 Quamvis
3048 3975 3281 4031 namque
3332 3962 3488 4018 valde
3538 3964 3719 4020 simus

2128 4048 2299 4118 ignavi
2347 4057 2402 4102 ct
2451 4050 2812 4120 negligentes,
2860 4050 3050 4120 capitis
3098 4051 3236 4107 illius
3277 4053 3462 4109 oculos
3508 4055 3713 4122 intuiti,

2129 4140 2437 4195 terribiliter
2475 4153 2575 4194 nos
2603 4130 2949 4210 respicientes
2970 4181 2986 4208 ,
3016 4149 3071 4196 et
3098 4142 3361 4201 minantes
3380 4143 3712 4213 iurantibus.

2129 4231 2280 4289 freno
2304 4233 2450 4288 omni
2477 4231 2845 4291 vehementius
2883 4246 2978 4304 per
3000 4234 3248 4290 timorem
3275 4236 3578 4307 bujusmodi
3618 4254 3711 4293 rc-

2130 4326 2296 4395 pressi
2322 4366 2336 4389 ,
2364 4325 2616 4381 cohibere
2636 4335 2690 4381 et
2712 4332 2954 4382 avertere
2981 4326 3134 4383 facile
3159 4328 3449 4398 poterimus
3473 4329 3711 4401 linguam

2126 4431 2156 4469 a
2182 4414 2393 4485 jnraudi
2422 4416 2732 4485 prtrcipitio.
2762 4416 2872 4472 Nec
2897 4418 3037 4472 enim
3066 4417 3168 4474 hoc
3194 4418 3364 4474 solum
3392 4419 3554 4476 habet
3580 4423 3710 4479 mali

2121 4506 2504 4578 juratnenttnn,
2549 4507 2688 4577 quod
2715 4517 2769 4563 et
2795 4518 3107 4564 temeratum
3136 4517 3192 4565 et
3213 4520 3479 4565 servatum
3502 4511 3713 4581 juratos

2130 4614 2302 4670 postue
2328 4597 2487 4654 faciat
2509 4599 2791 4667 obnoxios,
2820 4598 2963 4670 quod
2991 4600 3044 4655 in
3068 4600 3217 4656 nullo
3237 4612 3575 4671 peccatorum
3601 4603 3712 4658 alio

2126 4691 2369 4747 accidere
2391 4691 2650 4762 quispiam
2675 4690 2857 4758 videt;
2888 4691 2983 4747 sed
3006 4700 3064 4747 et
3089 4690 3230 4747 aliud
3260 4706 3365 4747 non
3402 4694 3577 4748 minus
3605 4694 3711 4749 isto

2127 4783 2348 4839 malum.
2375 4782 2510 4852 Quid
2534 4790 2712 4838 autem
2735 4782 2837 4838 hoc
2863 4784 2987 4840 est?
3013 4783 3165 4852 Quod
3187 4799 3362 4855 neque
3383 4785 3709 4854 volentibus,

2127 4890 2302 4947 neque
2329 4876 2663 4932 studentibus
2688 4876 2885 4946 saepius
2929 4876 3181 4948 possibile
3220 4878 3288 4932 sit
3328 4877 3465 4934 bene
3501 4878 3708 4948 iurare.

2126 4967 2307 5023 l‘rimo
2350 4969 2471 5038 quia
2510 4966 2815 5039 frequenter
2834 4968 3040 5038 juraus,
3069 4979 3122 5023 et
3160 4968 3343 5023 volens
3393 4980 3449 5024 et
3484 4969 3709 5037 invitus,

2126 5069 2182 5117 et
2209 5060 2449 5116 nesciens
2476 5068 2530 5116 et
2554 5061 2749 5127 sciens,
2778 5069 2833 5117 et
2861 5063 3000 5115 serio
3020 5070 3072 5116 et
3098 5061 3242 5130 joco,
3266 5070 3322 5115 et
3360 5060 3428 5116 ab
3450 5063 3526 5116 ira
3563 5076 3713 5134 smpe

2126 5152 2297 5208 elatus
2316 5160 2373 5207 et
2397 5166 2428 5206 a
2456 5152 2634 5207 multis
2658 5152 2798 5218 aliis,
2825 5152 3043 5207 omnino
3070 5153 3349 5224 pejerabit.
3385 5153 3451 5208 Et
3473 5153 3558 5210 his
3576 5170 3712 5209 con-

2128 5243 2351 5300 tradicat
2390 5258 2546 5299 nemo
2587 5260 2601 5299 :
2634 5259 2800 5313 usque
2844 5243 2980 5299 adeo
3029 5245 3240 5314 planum
3284 5253 3340 5299 et
3366 5244 3712 5303 manifestum

2125 5345 2239 5403 est,
2267 5335 2409 5406 quod
2436 5336 2660 5392 multum
2683 5335 2950 5406 jnrantem
2970 5377 2985 5400 ,
3018 5335 3287 5406 perjurum
3316 5352 3438 5392 esse
3461 5352 3714 5393 accessa.

2190 5516 2203 5544 '
2241 5519 2496 5576 sav._post,
2508 5510 2834 5576 proﬁcientes,
2856 5509 2928 5561 sic
2948 5508 3130 5576 habet;
3149 5517 3423 5576 stagnantia
3444 5521 3536 5573 pro
3556 5511 3715 5559 omni-

2126 5576 2210 5643 bus
2219 5570 2443 5643 gratiam
2463 5570 2656 5637 agentes
2667 5585 2687 5634 ,'
2708 5577 2756 5622 et
2883 5571 3079 5643 quidem
3099 5570 3197 5643 ipsi
3217 5570 3715 5643 facientes'nunqmmt

2124 5628 2357 5703 desinatis
2374 5649 2394 5703 ί
2413 5628 2634 5703 εροῖυενο
2654 5628 2880 5703 ὁυηεμεια
2897 5628 3133 5698 attingam
3153 5628 3330 5689 iterum
3352 5628 3638 5703 solitumque
3663 5632 3713 5687 in

2125 5699 2339 5752 medium
2361 5695 2630 5749 doctrinam
2649 5695 2932 5761 producam
