3920 6224
230 374 344 431 145

223 490 375 544 rium
402 489 494 547 sit.
536 490 782 549 Secundo
802 535 817 561 ,
849 497 947 551 etsi
976 512 1079 553 non
1116 513 1303 570 raptus
1323 544 1339 569 ,
1379 516 1473 560 aut
1515 507 1714 562 invitus
1739 518 1832 564 aut

222 578 488 648 ignorans
522 580 625 636 hoc
652 582 899 652 patiatur,
928 586 994 640 ab
1023 587 1134 656 ipsa
1164 591 1238 643 rei
1269 601 1477 655 natura,
1509 603 1563 648 et
1585 596 1830 651 volunta-

220 668 350 723 rius
376 678 432 725 et
456 672 633 727 sciens
659 675 882 729 omnino
913 676 1152 745 peierare
1189 690 1424 750 cogetur.
1455 682 1661 754 Stepius
1682 688 1824 742 enim

223 759 382 814 domi
427 762 580 817 nobis
622 764 1037 832 prandentibus,
1071 776 1125 823 et
1167 786 1440 827 servorum
1479 776 1655 847 aliquo
1697 792 1824 847 pec-

222 859 425 917 cante,
458 865 517 907 se
557 851 705 907 illum
745 854 1127 925 ﬂagellatnram
1159 877 1297 916 uxor
1320 862 1552 931 iuravit,
1592 882 1717 921 mox
1741 868 1823 923 vir

226 945 563 997 contrarium
590 944 827 1013 iuravit,
878 960 932 1003 et
973 952 1194 1017 restitit,
1228 969 1327 1009 nec
1375 958 1613 1023 permisit
1638 960 1676 1012 '.
1724 960 1822 1017 Hic

223 1033 493 1103 quidquid
525 1035 764 1101 fecerint,
791 1053 1008 1095 necesse
1032 1052 1112 1095 est
1138 1044 1357 1100 omnino
1386 1049 1671 1116 periurium
1692 1067 1820 1105 con-

224 1124 383 1179 stitui
413 1142 428 1178 :
457 1140 559 1180 nec
596 1128 738 1181 enim
766 1128 1062 1186 volentibus
1108 1133 1236 1201 ip-‘is
1270 1144 1323 1189 et
1348 1136 1683 1195 studentibus
1706 1140 1817 1211 iam

222 1226 315 1271 est
362 1219 615 1287 possibile
661 1222 928 1276 custodire
976 1223 1373 1293 iuramentum;
1426 1230 1521 1285 sed
1565 1232 1818 1303 quidquid

223 1309 473 1375 accidat,
516 1311 748 1380 ipsorum
795 1313 931 1368 alter
971 1315 1183 1385 periurii
1230 1334 1351 1373 rens
1379 1320 1501 1386 ﬁet,
1530 1323 1613 1378 vel
1642 1325 1818 1394 potius

222 1400 412 1466 ambo,
441 1399 543 1455 hoc
569 1403 771 1457 scilicet
797 1405 977 1471 modo,
1006 1422 1163 1475 quem
1193 1407 1366 1463 dicam
1391 1428 1405 1465 :
1439 1411 1540 1468 hoc
1568 1414 1709 1469 enim
1734 1424 1818 1471 est

222 1488 565 1547 admirabile.
596 1492 810 1548 Juratus
853 1510 911 1550 se
936 1495 1324 1567 ﬂagellaturum
1366 1515 1578 1557 servum
1604 1504 1687 1559 vel
1715 1520 1815 1560 an-

210 1577 464 1639 cillulam
489 1623 505 1647 ,
546 1593 731 1654 postea
761 1586 1057 1655 prohibitus
1076 1629 1091 1654 ,
1122 1597 1176 1644 et
1219 1591 1333 1659 ipse
1360 1592 1640 1662 peieravit,
1684 1612 1817 1666 quo-

222 1672 375 1726 niam
405 1689 510 1728 non
540 1674 665 1729 fecit
688 1678 828 1746 quod
852 1677 1052 1748 iuravit
1076 1698 1090 1735 :
1115 1690 1170 1735 et
1194 1683 1560 1751 prohibentem
1586 1702 1648 1742 ac
1670 1688 1817 1758 inra-

220 1764 396 1817 menti
427 1766 701 1821 veritatem
732 1767 1108 1838 impedientem
1137 1773 1353 1843 periurii
1378 1776 1602 1834 crimine
1627 1780 1815 1852 alliga-

222 1855 325 1908 vit.
363 1854 479 1910 Non
509 1857 651 1912 enim
698 1859 998 1930 peierantes
1039 1871 1281 1931 tantum,
1324 1867 1419 1922 sed
1446 1869 1566 1925 aliis
1605 1886 1815 1943 quoque

220 1949 600 2017 necessitatem
630 1950 767 2005 hanc
789 1952 1097 2024 afferentes,
1125 1958 1435 2014 eorumdem
1458 1963 1533 2017 rei
1559 1971 1683 2017 sunt
1709 1966 1816 2020 cri-

220 2039 431 2093 minum
464 2057 478 2094 :
506 2057 609 2096 nec
654 2042 797 2097 domi
851 2053 1051 2101 tantum
1076 2087 1092 2113 ,
1124 2048 1220 2103 sed
1259 2058 1315 2105 et
1356 2051 1410 2105 in
1456 2052 1667 2121 publico
1712 2054 1815 2111 hoc

221 2131 494 2201 quispiam
523 2134 637 2189 ﬁeri
669 2136 883 2206 videat,
915 2146 969 2192 et
1010 2140 1061 2194 in
1094 2143 1282 2212 pugnis
1310 2146 1575 2211 maxime,
1600 2148 1815 2216 quando

223 2220 371 2275 inter
396 2236 454 2277 se
484 2234 778 2293 pugnantes
807 2229 1073 2284 contraria
1092 2230 1275 2298 iurant
1304 2250 1318 2286 :
1350 2232 1437 2289 hic
1461 2234 1673 2304 quidem
1698 2253 1817 2293 ver-

226 2312 566 2384 beratnrnm,
596 2318 684 2372 ille
705 2335 832 2374 vero
858 2337 963 2375 non
993 2324 1324 2379 verberatum
1349 2326 1413 2381 iri
1444 2344 1457 2379 :
1488 2326 1574 2383 hic
1598 2330 1814 2399 pallium

224 2420 288 2462 se
317 2408 617 2464 ablaturum
638 2454 653 2477 ,
701 2412 792 2467 ille
821 2429 924 2469 non
966 2417 1349 2486 permissurum
1377 2436 1392 2473 :
1425 2419 1511 2475 hic
1535 2433 1813 2491 argentum

223 2514 286 2553 se
314 2501 685 2570 repetiturum,
721 2504 809 2559 ille
833 2522 958 2560 vero
983 2523 1043 2562 se
1072 2525 1179 2562 non
1208 2508 1540 2566 redditurum
1565 2528 1579 2566 :
1604 2520 1661 2568 et
1680 2514 1814 2568 mul-

223 2598 278 2643 ta
321 2590 427 2645 alia
465 2593 849 2673 contendentes
891 2596 1071 2665 iurant
1109 2598 1436 2669 huiusmodi.
1468 2602 1583 2659 Hoc
1605 2620 1734 2662 vero
1760 2615 1815 2662 et

223 2679 282 2733 in
310 2680 537 2737 ofﬁcinis
562 2693 617 2737 et
643 2685 842 2739 scholis
861 2688 1123 2756 quispiam
1143 2691 1359 2747 evenire
1383 2692 1581 2748 videat.
1608 2693 1814 2766 Saepius

222 2771 425 2842 quippe
471 2774 659 2829 artifex
707 2774 1023 2846 discipulum
1062 2780 1341 2838 comedere
1381 2792 1436 2839 et
1481 2784 1664 2843 bibere
1704 2802 1812 2844 non

224 2862 375 2930 prius
399 2877 458 2919 se
485 2865 866 2934 penitissurum
894 2883 1013 2923 esse
1036 2870 1268 2940 iuravit,
1298 2889 1454 2945 quam
1479 2883 1647 2931 totum
1678 2892 1814 2949 opus

225 2953 526 3023 iniunctum
551 2959 865 3027 expedierit.
899 2962 1009 3018 Hoc
1032 2975 1211 3020 autem
1240 2975 1294 3022 et
1332 2968 1650 3041 pmdagogus
1669 2985 1814 3041 saepe

226 3043 281 3097 in
312 3061 532 3113 puerum
560 3059 613 3103 et
638 3050 691 3103 in
715 3052 961 3108 ancillam
985 3053 1200 3110 domina
1229 3057 1351 3112 fecit
1376 3075 1391 3111 :
1412 3067 1468 3114 et
1486 3075 1705 3117 necesse
1730 3070 1814 3117 est

224 3139 636 3204 superveniente
667 3157 926 3212 vespere,
973 3154 1028 3200 et
1071 3161 1233 3216 opere
1274 3164 1381 3203 non
1430 3149 1684 3221 impleto,
1727 3153 1813 3209 vel

226 3225 371 3283 fame
415 3245 521 3285 non
567 3234 913 3302 expedientes
941 3238 1187 3307 absumi,
1230 3242 1315 3295 vel
1356 3242 1561 3312 iuratos
1594 3246 1813 3303 omnino

225 3322 491 3392 peierare.
542 3326 803 3398 Malignus
844 3332 986 3386 enim
1016 3332 1224 3390 daemon
1267 3336 1359 3392 ille
1402 3336 1558 3395 bonis
1600 3355 1814 3413 semper

226 3417 427 3471 nostris
452 3418 707 3475 insidians
733 3423 934 3487 adstat,
967 3436 1022 3479 et
1049 3425 1476 3495 iuramentorum
1518 3434 1813 3490 necessita-

227 3515 338 3562 tem
358 3508 600 3576 audiens,
625 3512 675 3565 in
701 3520 965 3582 torporem
986 3516 1249 3573 obnoxios
1276 3519 1519 3590 impellit,
1544 3522 1629 3578 vel
1648 3523 1811 3580 aliam

226 3599 446 3655 molitur
470 3600 835 3659 difﬁcultatem
861 3646 874 3668 ,
909 3616 967 3661 ut
995 3622 1100 3661 non
1131 3608 1348 3678 impleto
1376 3626 1540 3682 opere
1564 3621 1619 3668 et
1647 3615 1813 3686 plagze

226 3699 286 3745 et
310 3694 645 3749 contumelia:
674 3704 727 3749 et
766 3697 994 3766 periuria
1034 3708 1088 3753 et
1127 3698 1329 3756 inﬁnita
1370 3702 1471 3759 alia
1499 3703 1637 3759 mala
1662 3704 1810 3761 ﬁant.

229 3783 379 3840 Sicut
415 3786 558 3840 enim
590 3789 736 3857 pueri
771 3789 1057 3845 funiculum
1089 3791 1305 3863 longum
1334 3804 1388 3849 ct
1412 3805 1720 3866 corruptum
1744 3812 1813 3852 ex

230 3877 501 3932 contrario
522 3878 663 3933 inter
686 3894 747 3934 se
775 3879 1042 3937 trahentes
1066 3897 1186 3937 cum
1214 3885 1383 3940 multo
1410 3889 1610 3957 impetu
1635 3887 1814 3958 supini

232 3979 420 4023 omnes
448 3968 645 4024 cadunt
689 3969 927 4027 funiculo
967 3988 1062 4043 per
1091 3974 1324 4029 medium
1353 3976 1632 4048 disrupto,
1674 3988 1731 4035 et
1756 3978 1814 4035 hi

232 4059 445 4128 quidem
474 4061 667 4132 Capite,
692 4062 765 4118 illi
792 4080 922 4120 vero
950 4067 1051 4121 alia
1074 4069 1315 4137 corporis
1341 4077 1491 4139 parte
1516 4069 1777 4128 feriuntur
1795 4089 1833 4139 ε,

233 4152 311 4207 sic
334 4162 390 4208 et
417 4154 557 4210 inter
585 4170 645 4211 se
672 4158 938 4212 contraria
960 4158 1234 4229 iurantes,
1257 4161 1565 4232 iuramento
1600 4179 1699 4236 pro
1723 4179 1811 4221 re-

236 4258 352 4299 rum
381 4248 702 4304 necessitate
726 4249 989 4320 disrupta,
1019 4252 1072 4307 in
1102 4254 1323 4324 periurii
1350 4256 1660 4313 baratth
1685 4259 1834 4314 utri-’

236 4354 337 4410 que
362 4341 591 4408 cadunt,
624 4341 679 4397 hi
720 4344 933 4414 quidem
978 4347 1289 4417 pejerando,
1324 4348 1397 4404 illi
1426 4365 1556 4406 vero
1598 4350 1816 4421 periurii

236 4446 450 4490 causam
493 4436 614 4491 aliis
642 4438 946 4507 praebendo.
1822 4446 1831 4523 ξ

306 4526 361 4581 2.
390 4526 476 4581 Ea:
496 4526 670 4583 Saiilis
695 4529 906 4585 historia
923 4531 1334 4601 juramentornm
1357 4535 1627 4604 perniciem
1652 4546 1819 4593 osten-

237 4617 331 4670 dit.
358 4647 429 4657 —
456 4617 525 4673 Et
550 4628 607 4673 ut
634 4618 737 4675 hoc
772 4636 877 4675 non
917 4632 1118 4677 tantum
1153 4638 1220 4679 ex
1250 4625 1314 4680 iis
1337 4641 1458 4694 quas
1482 4627 1719 4697 quotidie
1762 4629 1814 4684 in

238 4705 485 4762 domibus
508 4716 563 4763 et
587 4708 776 4777 plateis
804 4710 955 4778 fiunt,
978 4712 1073 4767 sed
1101 4714 1262 4769 etiam
1284 4728 1352 4769 ex
1380 4714 1509 4786 ipsis
1531 4714 1819 4787 Scripturis

239 4797 309 4853 sit
347 4800 681 4855 manifestum
707 4842 723 4870 ,
768 4803 1037 4874 antiquam
1074 4805 1226 4862 vobis
1268 4808 1551 4879 quamdam
1589 4810 1819 4866 narrabo

244 4890 515 4946 historiam
540 4893 699 4949 dictis
726 4897 1149 4953 convenientem.
1180 4899 1371 4956 Hostes
1413 4902 1699 4973 aliquando
1720 4903 1818 4961 Ju-

240 4983 387 5040 dzeos
402 5000 520 5040 cum
546 4986 882 5052 invasissent,
897 5003 1090 5060 eosque
1109 4990 1364 5048 Jonathas
1383 5007 1662 5065 aggressus
1676 5004 1820 5052 esset

241 5078 350 5151 (hic
372 5088 549 5135 autem
574 5089 690 5135 erat
709 5081 883 5137 Sutilis
911 5083 1092 5154 ﬁlius),
1112 5096 1166 5139 et
1193 5085 1291 5140 hos
1315 5087 1527 5156 quidem
1556 5088 1818 5143 trucidas-

241 5180 341 5235 set,
386 5170 505 5227 illos
557 5187 687 5228 vero
731 5173 784 5227 in
830 5173 1004 5244 fugam
1047 5177 1396 5232 convertisset
1423 5195 1437 5232 :
1464 5180 1648 5235 volens
1689 5180 1817 5236 Saﬁl

245 5262 399 5332 huius
446 5273 597 5333 pater
631 5265 859 5334 amplius
888 5276 1071 5321 contra
1098 5267 1329 5338 reliquos
1352 5272 1641 5325 exercitum
1670 5273 1821 5327 exci-

245 5366 375 5419 tare,
405 5366 459 5411 et
484 5356 659 5413 facere
686 5375 751 5412 ne
786 5359 932 5427 prius
955 5361 1273 5428 absisteret,
1303 5378 1462 5433 quam
1504 5381 1692 5422 omnes
1720 5383 1821 5438 op-

246 5446 558 5515 pressisset,
604 5449 927 5504 contrarium
970 5466 1129 5520 quam
1170 5451 1368 5521 voluit,
1401 5454 1569 5511 fecit:
1611 5456 1822 5527 iuratus

246 5537 511 5592 neminem
560 5553 728 5609 usque
776 5540 843 5595 ad
893 5557 1169 5611 vesperam
1227 5559 1416 5613 panem
1462 5559 1821 5606 comesturum

248 5645 411 5700 usque
437 5628 504 5685 ad
533 5630 763 5685 hostium
788 5630 1044 5688 ultionem
1070 5648 1307 5691 suorum.
1336 5635 1471 5705 Quid
1508 5653 1698 5710 nempe
1724 5640 1822 5698 hac

308 5785 499 5858 {savii}
518 5796 581 5858 et.
594 5785 784 5848 plurimi
809 5788 1127 5858 Mannscripti,
1147 5797 1455 5845 contrarium
1471 5796 1659 5857 iuravit
1677 5804 1723 5849 et
1746 5810 1823 5850 re-

249 5848 360 5899 stitit
380 5850 667 5902 contendens
688 5857 733 5903 ct
755 5865 847 5904 non
870 5848 1163 5918 permittet».

1121 378 1213 443 AD
1249 391 1572 458 POPULUM
1607 398 2097 467 ANTIOCHENUM
2158 410 2384 468 HOMIL.
2429 412 2561 473 XIV.

3411 438 3434 493 f
3444 438 3517 497 ω

1936 530 1995 569 re
2038 520 2251 579 stultius
2294 526 2408 581 ﬁeri
2456 531 2677 599 posset?
2723 532 2990 607 Fatigatos
3026 542 3199 610 enim,
3240 552 3296 601 et
3329 547 3510 607 labere

1932 611 2100 667 multo
2142 630 2352 684 pressos
2395 622 2587 677 milites
2628 641 2748 679 cum
2788 629 3084 689 refocillare
3112 635 3416 707 debuisset,
3458 654 3511 697 et

1930 701 2177 761 fortiores
2222 708 2461 767 hostibus
2493 715 2778 775 immittere
2799 762 2813 784 ,
2855 720 3099 781 hostibus
3128 728 3257 798 ipsis
3296 701 3510 803 gravius

1929 810 2023 850 eos
2054 797 2268 866 habuit,
2297 817 2393 871 per
2413 805 2698 873 inramenti
2726 814 3094 871 necessitatem
3136 797 3263 875 fami
3300 797 3505 894 gravis»

1926 886 2077 983 simae
2116 889 2260 983 ipsos
2291 893 2505 983 tradens
2540 897 2617 967 (ι.
2645 899 2769 971 Reg.
2798 903 2882 957 tt.
2906 903 2996 959 at.
3020 909 3224 981 etsqq.)
3251 926 3265 964 ς
3294 886 3505 983 pericu-

1928 975 2099 1072 losum
2143 979 2337 1050 quippe
2375 982 2443 1038 de
2484 987 2660 1056 seipso
2701 992 3003 1061 quempiam
3042 975 3261 1065 iura—re;
3294 975 3507 1072 saepius

1924 1070 2067 1126 enim
2093 1086 2125 1127 a
2152 1089 2330 1129 rerum
2352 1076 2746 1136 circumstantia
2778 1086 3054 1155 cogimur;
3080 1090 3304 1147 aliorum
3330 1070 3505 1150 autem

1923 1164 2241 1219 sententiam
2278 1166 2702 1235 iuramentorum
2750 1188 2970 1231 suorum
3011 1180 3327 1239 necessitate
3355 1200 3505 1240 com-

1924 1252 2274 1322 prehendere,
2303 1259 2470 1314 mnlto
2497 1262 2847 1329 periculosius
2865 1307 2880 1331 ,
2913 1276 2967 1321 et
2991 1269 3220 1325 maxime
3245 1287 3365 1326 cum
3398 1290 3502 1331 non

1921 1341 1990 1397 de
2020 1359 2128 1399 uno
2150 1388 2165 1412 ,
2199 1355 2292 1403 aut
2319 1348 2523 1405 duobus
2551 1352 2635 1407 vel
2682 1354 2848 1409 tribus
2870 1395 2887 1421 ,
2934 1356 3029 1411 sed
3072 1358 3139 1413 de
3169 1361 3505 1419 multitudine

1922 1434 2042 1504 quis
2067 1436 2269 1492 inﬁnita
2288 1438 2432 1508 iuret
2458 1459 2472 1495 :
2500 1442 2637 1497 sicut
2657 1452 2779 1499 tunc
2800 1444 2923 1501 Saﬁl
2946 1448 3335 1507 inconsiderate
3361 1454 3502 1521 fecit,

1922 1539 2096 1596 neque
2122 1527 2371 1597 cogitavit
2411 1531 2773 1590 verisimiliter
2804 1552 2869 1591 ex
2913 1545 3060 1593 tanto
3091 1554 3311 1596 numero
3339 1559 3501 1598 unum

1920 1615 2111 1671 saltem
2136 1617 2495 1687 iuramentum
2523 1632 2976 1695 transgressurum
3007 1644 3145 1697 esse,
3176 1648 3349 1703 neque
3377 1650 3506 1690 con-
3603 1678 3609 1683 η

1920 1706 2174 1763 sideravit
2202 1711 2398 1767 milites
2439 1722 2494 1769 et
2529 1715 2730 1772 milites
2769 1730 3097 1789 pugnantes,
3144 1732 3198 1778 et
3225 1726 3447 1780 multum
3474 1742 3504 1780 a

1920 1797 2255 1870 philosophia
2300 1802 2513 1860 alienos
2545 1816 2784 1862 ventrem
2816 1810 3031 1865 vincere
3072 1826 3177 1867 non
3227 1829 3416 1884 posse,
3449 1822 3506 1870 et

1921 1891 2152 1946 maxime
2178 1907 2299 1948 cum
2343 1894 2492 1950 labor
2518 1898 2588 1951 sit
2628 1897 2909 1967 plurimus.
2939 1901 3046 1956 Sed
3073 1902 3188 1959 hmc
3212 1905 3387 1959 omnia
3419 1905 3511 1961 ille

1919 1981 2220 2052 despiciens
2245 2025 2261 2051 ,
2295 1994 2562 2056 tamquam
2592 1988 2661 2043 de
2705 2006 2810 2044 uno
2858 2000 3061 2045 tantum
3103 2007 3258 2049 servo
3294 1994 3502 2063 iurans,

1919 2090 2078 2144 quem
2109 2075 2262 2132 facile
2289 2079 2538 2134 cohibere
2567 2091 2766 2150 posset,
2798 2083 2875 2137 sic
2900 2083 2966 2138 de
2988 2084 3131 2138 omni
3159 2085 3503 2142 ratiocinatus

1920 2176 2001 2221 est
2029 2168 2285 2222 exercitu.
2314 2169 2383 2224 Et
2406 2170 2527 2225 ideo
2550 2180 2752 2227 tantum
2774 2174 2989 2230 diabolo
3027 2176 3229 2231 aditum
3269 2180 3500 2247 aperuit,

1921 2266 1977 2311 nt
2018 2272 2125 2313 non
2157 2259 2315 2315 modo
2343 2260 2448 2315 duo
2485 2272 2540 2317 et
2584 2263 2684 2317 tria
2726 2273 2778 2320 et
2808 2276 3035 2335 quatuor
3057 2308 3072 2333 ,
3119 2267 3214 2322 sed
3256 2276 3310 2323 et
3337 2269 3502 2323 multo

1920 2349 2072 2419 plura
2101 2349 2204 2406 hoc
2233 2367 2297 2408 ex
2321 2352 2623 2423 iuramento
2654 2356 2799 2411 brevi
2831 2367 3069 2427 tempore
3101 2359 3327 2428 periuria
3356 2368 3502 2414 texe-

1919 2447 2020 2497 ret.
2064 2440 2215 2497 Sicut
2240 2444 2384 2499 enim
2412 2459 2533 2500 cum
2578 2446 2708 2501 nihil
2750 2448 2968 2502 omnino
3004 2448 3280 2518 iuramus,
3313 2463 3501 2504 omnes

1918 2529 2018 2600 ipsi
2048 2531 2222 2588 aditus
2247 2532 2574 2590 obstruimus
2603 2554 2619 2595 :
2650 2536 2720 2591 ita
2750 2536 2796 2591 si
2834 2554 2996 2593 unum
3039 2539 3313 2594 dumtaxat
3350 2540 3498 2609 iura-

1919 2632 2157 2680 mentum
2186 2626 2524 2682 emiserimus
2548 2670 2563 2693 ,
2614 2628 2715 2699 ipsi
2757 2644 3001 2700 magnam
3050 2630 3250 2684 infinita
3280 2646 3499 2701 compo-

1917 2716 2081 2772 nendi
2108 2717 2340 2790 periuria
2378 2728 2695 2788 potestatem
2737 2721 3056 2791 praebemus.
3086 2720 3154 2775 Et
3178 2722 3318 2776 sicut
3346 2722 3381 2775 ii
3410 2722 3501 2791 qui

1917 2817 2135 2865 catenas
2159 2811 2511 2881 complicant,
2543 2812 2589 2868 si
2623 2828 2746 2868 eum
2775 2814 2862 2884 qni
2891 2823 3048 2884 caput
3079 2823 3223 2869 tenet
3249 2813 3498 2878 habeant,

1917 2897 2071 2956 facile
2095 2909 2152 2957 et
2173 2900 2458 2973 diligenter
2483 2910 2646 2958 totam
2673 2904 2959 2972 expediunt
2983 2904 3241 2958 nodorum
3272 2904 3495 2959 seriem:

1917 2990 1963 3045 si
1982 3005 2111 3047 vero
2135 2991 2223 3062 qui
2250 2990 2413 3048 faciat
2442 2993 2543 3049 hoc
2564 2993 2702 3049 adsit
2728 3010 2906 3061 nemo,
2930 3009 3029 3050 nec
3055 2994 3259 3050 initium
3286 2995 3499 3065 aggredi

1916 3090 2180 3152 possunt:
2207 3083 2397 3140 eodem
2437 3085 2596 3139 modo
2623 3085 2865 3141 diabolus
2907 3102 3119 3157 quoque
3161 3097 3498 3157 peccatorum

1916 3182 2222 3229 nostrorum
2252 3184 2467 3231 catenas
2494 3185 2735 3242 nectens,
2766 3176 2865 3231 nisi
2890 3192 2920 3230 a
2946 3176 3121 3248 lingua
3146 3188 3326 3232 nostra
3353 3178 3501 3248 prin-

1906 3263 2114 3339 cipium
2159 3263 2353 3333 ducat,
2401 3279 2500 3321 nec
2542 3265 2755 3336 aggredi
2798 3266 3008 3337 quidem
3039 3269 3245 3337 possit;
3287 3268 3332 3323 si
3371 3284 3501 3323 vero

1916 3368 2018 3409 nos
2063 3354 2382 3425 principium
2417 3355 2693 3411 dumtaxat
2736 3355 3057 3422 fecerimus,
3115 3358 3290 3427 lingua
3345 3360 3497 3427 quasi

1917 3461 2100 3513 manu,
2142 3445 2506 3517 inramentum
2547 3446 2702 3503 nobis
2745 3447 3116 3514 retinentibus,
3165 3461 3286 3502 cum
3334 3448 3497 3502 multa

1912 3538 2023 3610 iam
2050 3538 2263 3595 licentia
2302 3537 2587 3609 malignam
2624 3547 2794 3594 artem
2831 3554 2979 3594 suam
3022 3547 3256 3604 exercet,
3299 3554 3367 3593 ex
3392 3555 3500 3592 uno

1912 3627 2217 3701 iuramento
2246 3628 2524 3685 innumera
2551 3644 2877 3700 componens
2903 3639 2958 3686 et
2999 3639 3186 3686 texens
3226 3630 3456 3701 periuria
3481 3649 3497 3685 :

1916 3720 2060 3791 quod
2102 3722 2338 3791 profecto
2375 3729 2430 3777 et
2467 3736 2610 3776 nunc
2650 3722 2704 3776 in
2744 3721 2907 3778 Saﬁle
2949 3722 3036 3779 hic
3073 3722 3266 3778 eﬁ'ecit.
3306 3723 3500 3793 Aspice

1916 3826 2112 3883 nempe
2137 3812 2308 3883 qualis
2336 3813 2439 3868 hoc
2475 3813 2781 3883 iuramento
2810 3814 3031 3884 laqueus
3070 3815 3327 3869 exoritur.
3375 3814 3496 3884 Syl-

1916 3918 2036 3960 vam
2062 3906 2365 3976 prreteribat
2383 3908 2652 3961 exercitus
2676 3906 2932 3975 apiarium
2960 3905 3266 3970 habentem,
3289 3913 3345 3960 et
3370 3904 3500 3959 illud

1916 4006 2043 4052 ante
2070 3995 2260 4052 faciem
2287 3996 2398 4067 agri
2427 3996 2467 4062 ί,
2495 4004 2550 4051 et
2576 3997 2849 4065 ingressus
2876 4004 2960 4050 est
2989 3997 3214 4064 populus
3249 3996 3316 4050 ad
3354 3996 3500 4064 apia-

1917 4088 2095 4155 rium,
2127 4095 2183 4144 et
2224 4086 2485 4141 transibat
2531 4085 2775 4157 loquens.
2818 4085 3007 4139 Vidisti
3052 4094 3305 4154 quantum
3345 4085 3497 4139 hara-

1919 4177 2136 4234 thrum?
2159 4176 2337 4234 Mensa
2358 4185 2852 4247 extemporanea,ut
2869 4183 2924 4230 et
2942 4174 3231 4231 accedendi
3255 4174 3498 4242 facilitas,

1918 4278 1975 4327 et
1998 4270 2310 4327 nntrimenti
2337 4271 2601 4335 suavitas,
2631 4276 2686 4324 et
2716 4267 2913 4323 latendi
2936 4282 3061 4337 spes
3089 4267 3142 4321 in
3164 4265 3495 4337 iuramento-

1920 4379 2040 4421 rnm
2084 4363 2563 4435 transgressionem
2608 4362 2752 4432 ipsos
2787 4360 3045 4417 alliceret.
3076 4359 3209 4415 Nam
3251 4358 3418 4414 fames
3449 4367 3503 4412 ct

1919 4457 2072 4515 labor
2098 4465 2153 4514 et
2179 4466 2390 4528 tempus
2410 4455 2615 4529 (Omnis
2632 4454 2799 4522 enim,
2827 4453 3015 4525 inquit,
3039 4461 3174 4508 terra
3197 4449 3500 4521 prandebat)

1922 4550 1942 4618 (
1952 4552 2002 4605 Ι.
2017 4549 2146 4620 Reg.
2166 4549 2254 4605 14.
2269 4546 2365 4619 25)
2387 4556 2514 4602 tunc
2531 4546 2597 4602 ad
2620 4543 3110 4617 pmvaricationem
3131 4541 3494 4610 impellebant.

1921 4639 2184 4696 Favorum
2229 4646 2476 4709 aspectus
2514 4651 2727 4708 quoque
2770 4634 2933 4690 animi
2980 4633 3214 4703 vigorem
3263 4631 3497 4693 solvens,

1922 4731 2253 4788 extrinsecus
2291 4729 2438 4799 ipsos
2463 4728 2736 4784 invitabat.
2773 4726 2970 4782 Mensa:
2998 4724 3141 4780 enim
3169 4734 3279 4778 tum
3305 4722 3497 4792 ittcnnv

1921 4822 2093 4888 ditas,
2122 4830 2232 4877 tum
2261 4820 2432 4877 facilis
2466 4827 2786 4891 apparatus,
2831 4826 2886 4873 et
2910 4813 3341 4886 deprehendendi
3374 4812 3495 4866 furti

1923 4912 2206 4969 difﬁcultas
2242 4926 2455 4968 omnem
2498 4909 2887 4981 philosophiam
2934 4906 3117 4961 fallere
3148 4914 3408 4977 poterant.
3442 4906 3497 4957 Si

1925 5023 2117 5079 nempe
2135 5021 2324 5067 carnes
2352 5005 2594 5071 fuissent,
2620 5017 2753 5075 quas
2782 5002 2983 5057 elixare
3002 5001 3085 5055 vel
3114 5009 3319 5055 torrere
3345 5013 3500 5067 opor-
3578 5049 3588 5058 _

1928 5111 2090 5166 teret,
2122 5115 2228 5155 non
2266 5106 2469 5157 tantum
2514 5097 2750 5168 ipsorum
2778 5094 2986 5149 animos
3010 5092 3350 5157 allexissent,
3380 5105 3500 5144 cum

1928 5197 1978 5251 in
2010 5195 2138 5266 ipsis
2166 5191 2457 5264 coquendis
2486 5198 2540 5246 et
2565 5188 2632 5245 ad
2660 5203 2837 5244 escam
2874 5184 3238 5258 prmparandis
3266 5181 3501 5237 cunctari

1926 5297 1978 5343 et
2007 5285 2217 5341 tardare
2234 5289 2526 5354 oporteret,
2560 5281 2615 5336 in
2641 5295 2698 5336 re
2740 5278 3067 5349 deprehendi
3092 5282 3460 5345 exSpectantes
3489 5289 3501 5322 :

1928 5391 2067 5432 nunc
2094 5392 2223 5433 vero
2252 5376 2321 5430 nil
2352 5383 2466 5431 erat
2494 5373 2599 5427 tale
2620 5413 2638 5439 ,
2682 5370 2775 5427 sed
2806 5370 2910 5424 mel
2940 5368 3109 5423 solum
3131 5407 3145 5429 ,
3192 5364 3278 5417 ubi
3322 5362 3506 5416 labere

1928 5470 2073 5524 nullo
2098 5483 2230 5539 opus
2256 5476 2410 5532 erat;
2450 5462 2749 5519 sufﬁciebat
2784 5470 2959 5514 autem
2990 5469 3253 5511 summum
3279 5451 3502 5521 digitum

1927 5562 2271 5631 intingentem
2301 5574 2368 5614 ex
2398 5571 2581 5613 mensa
2610 5568 2821 5622 capere.
2854 5551 3225 5605 Verumtamen
3252 5544 3327 5600 illi
3355 5545 3502 5613 cupi.

1927 5656 2145 5712 ditatem
2187 5632 2583 5717 continuerunt,
2627 5661 2724 5702 nec
2768 5645 2905 5700 intra
2950 5656 3009 5698 se
3052 5640 3338 5707 dixerunt,
3367 5636 3503 5704 Quid

1998 5861 2015 5892 ί
2051 5866 2124 5909 διο
2147 5855 2337 5922 plurimi
2364 5864 2467 5908 Mss.
2488 5851 2701 5913 nomen,
2729 5849 2908 5915 populi,
2935 5865 3038 5916 pro,
3056 5847 3187 5913 agri.
