3912 6230
439 332 547 406 μή

443 461 599 519 nobis
639 477 787 520 cum
829 465 960 521 est?
1006 469 1256 538 numquid
1310 478 1550 526 nostrum
1598 474 1875 546 quisquam
1927 475 2026 532 hoc

435 554 688 624 juravit?
731 556 821 612 ille
871 558 1247 614 inconsiderati
1294 576 1479 631 pinnas
1525 563 1672 620 dabit
1713 565 2021 637 juramenti.

436 646 617 713 Quare
644 648 1146 718 namquejurabat?
1174 651 1240 706 At
1268 654 1397 708 nihil
1420 655 1680 725 ejusmodi
1705 659 2023 729 cogitarunt,

441 736 536 791 sed
583 753 702 792 cum
751 741 915 794 multa
964 743 1258 799 transibant
1301 749 1598 804 reverentia
1640 767 1654 803 :
1695 759 1750 806 et
1787 767 1907 806 cum
1949 762 2026 808 tot

441 836 655 892 essent,
687 845 806 898 qua:
834 829 978 900 ipsos
1004 833 1316 903 allicerent,
1349 837 1684 908 disciplinam
1715 844 2019 909 servabant,

439 917 506 970 Et
537 919 777 973 transibat
824 921 1045 991 populus
1091 925 1296 994 loquens
1334 928 1353 997 (
1372 930 1423 985 Ι.
1446 929 1576 1002 Reg.
1603 934 1688 989 H.
1708 933 1838 1007 26).
1881 938 2018 1004 Quid

431 1015 519 1061 cst
538 1048 552 1072 ,
581 1007 858 1078 Loquens?
899 1013 1146 1071 Dolorem
1175 1019 1348 1075 verbis
1373 1024 1710 1082 consolantes
1734 1027 1874 1085 inter
1899 1046 2020 1087 sese

434 1095 802 1165 loquebantur.

495 1188 548 1242 5.
580 1189 713 1256 Quid
744 1191 921 1262 igitur,
953 1207 1229 1267 postquam
1247 1205 1420 1260 omnis
1435 1208 1661 1278 p0pulus
1685 1211 2012 1284 disciplinam

432 1280 688 1345 servavit,
721 1297 849 1338 num
878 1285 1006 1341 nihil
1036 1291 1261 1359 amplius
1289 1304 1462 1350 actum
1490 1307 1591 1364 est,
1624 1302 1717 1356 sed
1744 1315 2011 1362 servatum

430 1375 514 1421 est
557 1368 957 1438 juramentum?
1013 1378 1123 1435 Nec
1175 1382 1246 1437 ita
1296 1386 1508 1455 quidem
1568 1401 1835 1448 servatum
1891 1407 2008 1466 cst,

429 1457 522 1513 sed
582 1469 916 1522 temeratum.
993 1469 1232 1536 Qualiter
1297 1487 1516 1546 autem,
1587 1491 1644 1537 et
1699 1490 2006 1558 quomodo,

427 1549 604 1604 statim
661 1554 931 1626 audietis,
973 1569 1031 1615 ut
1094 1572 1147 1616 et
1187 1581 1397 1623 omnem
1448 1570 1643 1628 diaboli
1697 1549 1862 1633 artem
1911 1581 2012 1636 ad-

424 1639 662 1698 discatis.
729 1646 978 1706 Jonathas
1022 1655 1197 1721 enim,
1255 1659 1341 1727 qui
1397 1677 1497 1715 non
1536 1665 1767 1720 audierat
1817 1680 2010 1738 mtrem

425 1747 572 1785 suum
612 1736 871 1804 jurantem
894 1782 909 1806 ,
957 1747 1172 1800 extendit
1217 1753 1550 1808 summitatem
1601 1761 1824 1828 sceptri,
1874 1765 2010 1832 quod

426 1823 634 1879 habebat
686 1831 737 1882 in
780 1848 931 1888 manu
973 1853 1100 1905 sna,
1133 1850 1177 1892 et
1227 1842 1428 1898 intinxit
1478 1847 1531 1900 in
1585 1851 1752 1918 favum
1801 1855 1962 1908 mellis
1987 1895 2005 1920 ,

423 1923 472 1966 et
495 1920 732 1973 convertit
763 1940 965 1978 manuni
988 1945 1132 1982 suam
1175 1933 1224 1986 in
1263 1952 1317 1988 os
1359 1954 1542 2005 suum,
1591 1952 1637 1993 ct
1684 1957 2007 2013 respexerunt

419 2007 555 2059 oculi
583 2010 694 2077 ejus
725 2012 742 2082 (
774 2014 819 2066 l.
852 2015 977 2085 Reg.
1006 2020 1091 2074 14.
1117 2021 1187 2073 27
1207 2023 1250 2093 ).
1283 2023 1410 2082 Vide
1439 2045 1594 2098 quem
1619 2033 1683 2086 ad
1715 2007 2002 2102 pet-juriutn

424 2095 651 2166 impulit,
677 2117 780 2157 non
811 2121 971 2160 unum
995 2110 1217 2168 militum
1239 2155 1255 2180 ,
1288 2116 1381 2171 scd
1415 2095 1762 2190 ipsumjurati
1788 2125 1949 2180 lilium
1986 2147 2000 2184 :

424 2203 524 2244 nec
560 2193 700 2246 enim
732 2196 1021 2266 perjurium
1051 2213 1262 2271 patrare
1294 2215 1494 2263 tantum
1536 2213 1750 2269 volebat
1777 2257 1790 2279 ,
1819 2234 2000 2273 verum

416 2287 475 2331 ct
502 2278 588 2332 ﬁlii
620 2283 817 2340 cmdem
846 2293 1234 2360 componebat,
1263 2307 1316 2351 et
1346 2297 1447 2352 hoc
1477 2311 1631 2356 antea
1663 2306 1998 2376 moliebatur,

414 2379 472 2423 et
497 2381 738 2430 naturam
764 2377 928 2447 ipsam
961 2392 1145 2439 contra
1164 2387 1393 2456 seipsam
1417 2390 1655 2450 dividere
1683 2396 1998 2456 festinabat:

417 2473 471 2516 et
497 2467 637 2533 quod
666 2469 790 2523 olim
824 2472 874 2526 in
903 2473 1148 2543 Jepbtha:
1177 2478 1376 2539 fecerat
1406 2484 1598 2554 (ludio.
1634 2491 1714 2544 Η.
1743 2493 1864 2564 59),
1900 2495 2001 2554 hoc

415 2561 472 2607 .ct
489 2566 672 2624 postea
698 2573 756 2614 se
783 2561 1041 2620 facturum
1064 2571 1330 2638 sperabat.
1359 2575 1567 2631 Etenim
1591 2580 1680 2636 ille
1711 2561 1820 2640 Deo
1847 2589 1999 2654 polli-

414 2646 551 2701 citus
580 2663 638 2703 se
662 2651 889 2719 primum
921 2657 1020 2711 sibi
1049 2673 1393 2719 occursurum
1425 2679 1544 2736 post
1570 2670 1690 2726 belli
1726 2676 1997 2738 victoriam

411 2736 772 2808 jugulaturum
807 2783 822 2808 ,
857 2744 912 2798 in
951 2747 1074 2802 ﬁliae
1103 2766 1286 2807 necem
1331 2758 1522 2813 cecidit
1551 2776 1566 2825 ;
1601 2761 1814 2820 ﬁliolam
1851 2769 1996 2826 enim

414 2827 640 2895 primam
690 2834 790 2888 sibi
835 2852 1202 2898 occurrentem
1253 2845 1586 2918 immolavit,
1627 2863 1683 2911 ct
1722 2856 1861 2915 Deus
1891 2875 1996 2919 non

412 2921 703 2988 prohibuit.

482 3014 723 3083 Jeplttlta:
764 3022 988 3089 exemplo
1024 3025 1303 3094 juramenti
1329 3030 1568 3086 damnum
1597 3039 1896 3095 ostenditur.
1925 3071 1996 3091 -φ

413 3104 480 3158 Et
499 3107 620 3160 novi
648 3110 859 3178 quidem
893 3113 1182 3172 inﬁdelium
1217 3123 1410 3179 nmltos
1436 3127 1804 3190 crudelitatem
1831 3142 1887 3187 et
1917 3134 1996 3189 in.

412 3197 794 3258 lnnnanitatem
823 3208 973 3261 nobis
1005 3209 1367 3283 improperare
1395 3228 1610 3290 propter
1650 3221 1752 3278 hoc
1791 3227 1994 3282 sacriﬁ-

408 3290 583 3358 cium;
635 3309 735 3365 ego
785 3314 910 3354 vero
950 3305 1130 3378 multa:
1189 3310 1537 3376 providentiae
1587 3324 1644 3370 et
1695 3317 1994 3377 clementia:

408 3379 918 3446 demonstrationem
967 3397 1372 3464 permissionem
1413 3403 1466 3457 in
1497 3405 1599 3460 hoc
1624 3410 1885 3466 sacriﬁcio
1909 3411 1992 3468 ﬁt.

406 3481 548 3527 ctam
589 3491 708 3533 esse
753 3480 1008 3552 dicerem,
1060 3497 1110 3540 et
1161 3491 1298 3558 quod
1343 3497 1557 3562 generis
1590 3500 1766 3554 nostri
1811 3515 1990 3560 curant

407 3579 632 3634 gerens,
663 3571 862 3626 cmdcm
895 3574 1038 3630 illam
1069 3594 1174 3633 non
1207 3582 1555 3649 prohibuerit.
1603 3589 1657 3646 Si
1701 3593 1844 3646 enim
1873 3603 1994 3664 post

407 3667 588 3714 votum
621 3671 673 3715 et
702 3667 1106 3732 promissionem
1154 3674 1296 3730 illam
1337 3681 1652 3737 sacriﬁcium
1685 3687 1992 3753 prohibuis-

407 3757 510 3816 set,
541 3753 690 3807 multi
733 3755 894 3811 etiam
939 3771 1056 3828 post
1097 3763 1338 3834 .lephtba:
1369 3769 1532 3825 Deum
1579 3789 1857 3843 sperantes
1883 3799 1989 3842 non

405 3851 798 3912 suscepturum,
825 3850 985 3905 multa
1001 3853 1266 3912 vovissent
1297 3858 1594 3929 hujusmodi
1615 3879 1757 3936 vota,
1786 3881 1840 3926 et
1862 3887 1987 3928 scn-

403 3931 504 3985 sim
561 3938 959 4004 progredientes
1006 3943 1056 3996 in
1104 3944 1330 4004 filiorum
1385 3954 1587 4010 cmdem
1642 3931 1984 4020 incidissent:

404 4037 546 4080 nunc
578 4040 707 4081 vero
744 4028 872 4084 illud
912 4046 1077 4102 opere
1122 4040 1438 4106 permittens
1466 4043 1670 4115 impleri
1700 4089 1716 4117 ,
1746 4062 1989 4120 posteros

403 4126 590 4169 onmes
615 4118 906 4186 prohibuit.
961 4124 1026 4178 Et
1050 4127 1189 4196 quod
1219 4129 1322 4186 hoc
1353 4133 1425 4187 sit
1455 4151 1637 4192 verum
1657 4182 1671 4205 ,
1697 4118 1984 4215 postquam

403 4203 647 4274 Jephtha:
675 4211 835 4268 ﬁliola
867 4214 962 4272 fuit
983 4217 1222 4290 iugulata
1255 4265 1270 4289 ,
1313 4233 1372 4282 ut
1394 4203 1739 4299 sempiterme
1779 4203 1986 4295 memo-

402 4296 496 4360 rite
523 4300 802 4360 calamitas
827 4319 990 4376 esset,
1021 4327 1124 4367 neu
1152 4317 1351 4372 malure
1377 4320 1633 4377 oblivioni
1667 4325 1981 4396 traderetur,

400 4389 538 4457 apud
563 4389 778 4450 δυόωσι
803 4395 887 4460 lex
915 4408 1000 4455 est
1035 4401 1135 4459 lata
1160 4446 1174 4467 ,
1211 4407 1442 4479 virgines
1469 4412 1831 4486 illotempore
1856 4433 1983 4476 con-

399 4482 676 4539 venientes
727 4488 1073 4560 quadraginta
1134 4496 1321 4554 diebus
1376 4482 1714 4562 commissam
1773 4510 1980 4566 caadem

400 4570 713 4644 deplorare,
745 4588 802 4634 ut
843 4581 988 4640 luctu
1043 4587 1204 4644 caedis
1259 4594 1571 4654 memoriam
1613 4611 1934 4656 renovantcs
1961 4643 1978 4669 ,

405 4673 652 4730 posteros
677 4684 864 4725 omnes
888 4674 1262 4742 prudentiores
1297 4681 1493 4740 faciant
1523 4728 1539 4753 ,
1566 4689 1864 4746 et-discant
1906 4693 1979 4752 illi

398 4753 452 4809 in
481 4765 658 4812 mente
690 4760 779 4814 Dei
802 4778 906 4819 non
935 4764 1098 4822 fuisse
1119 4810 1133 4833 ,
1164 4779 1220 4825 ut
1263 4771 1365 4833 hoc
1413 4777 1564 4834 ﬁeret
1584 4798 1596 4834 :
1619 4796 1794 4852 neque
1835 4785 1978 4845 enim

398 4842 580 4913 lugere
617 4857 672 4902 et
699 4851 908 4919 plorare
935 4857 1166 4929 virgines
1197 4865 1544 4932 permisisset.
1585 4871 1654 4928 Et
1701 4842 1843 4944 quod
1872 4892 1975 4932 non

304 5006 310 5012 _
397 4936 705 5005 conjectura
745 4944 810 4998 sit
835 4949 974 5016 quod
1005 4951 1198 5008 dicitur
1223 4994 1240 5022 ,
1276 4955 1399 5020 ﬁnis
1423 4936 1826 5020 demonstravit.
1853 4967 1979 5025 Post

398 5027 526 5101 illud
557 5032 696 5086 enim
724 5038 1043 5096 sacriﬁcium
1083 5060 1240 5100 nemo
1267 5048 1371 5104 tale
1411 5050 1519 5108 Deo
1565 5065 1745 5110 votum
1791 5061 1974 5127 vovit;

397 5131 676 5193 propterea
726 5127 826 5186 hoc
873 5148 978 5188 non
1035 5138 1331 5205 prohibuit:
1363 5145 1504 5213 quod
1545 5157 1726 5209 autem
1773 5151 1884 5222 ipse
1909 5155 1978 5210 de

395 5213 541 5280 Isaac
570 5221 931 5294 mandaverat,
961 5229 1074 5298 ipse
1101 5235 1282 5304 vetuit,
1310 5253 1404 5305 per
1423 5241 1580 5298 ambo
1605 5243 1976 5304 demonstrans

395 5321 452 5362 se
484 5325 587 5366 non
617 5315 848 5384 gaudere
873 5317 1175 5390 hujusmodi
1211 5328 1502 5385 sacriﬁciis.
1561 5333 1665 5388 Sed
1719 5338 1977 5408 ntalignus

394 5398 604 5458 da'mon
633 5415 686 5459 et
715 5423 856 5465 nunc
879 5411 1038 5467 talem
1071 5417 1380 5486 tragoediam
1424 5434 1633 5490 patrare
1677 5430 1974 5486 contende-

397 5488 484 5556 bat
507 5532 521 5554 ,
547 5493 770 5567 ideoque
794 5499 1060 5560 Jonathan
1102 5507 1166 5561 ad
1200 5513 1693 5578 prmvaricationem
1743 5519 1970 5589 impulit.

393 5579 449 5654 Si
491 5585 607 5654 quis
630 5591 771 5645 enim
823 5595 1046 5652 militum
1098 5603 1476 5670 praevaricatus
1517 5607 1686 5679 legem
1737 5612 1969 5682 fuisset,

395 5689 498 5740 non
543 5693 788 5749 magnum
840 5686 889 5741 id
941 5691 1135 5747 malum
1164 5694 1259 5763 ipsi
1295 5697 1600 5767 videbatur;
1633 5716 1970 5774 nuncautem

396 5772 545 5842 malis
602 5772 956 5843 insaturabilis
1007 5785 1292 5864 humanis,
1327 5807 1424 5853 nec
1478 5811 1727 5870 umquam
1773 5803 1970 5858 nostris

1171 352 1229 410 S.
1268 353 1545 414 JOANNIS
1582 355 2057 416 CIIRYSOSTOMI
2094 360 2407 422 ARCHIEP.
2435 369 2968 439 CONSTANTINOP.

3621 404 3719 461 ΗΒ

2137 479 2378 547 expletus
2405 485 2634 543 miseriis
2653 532 2669 558 ,
2700 494 2828 548 nihil
2853 506 3127 556 strenuum
3155 519 3214 558 se
3249 505 3422 565 facere
3450 523 3670 581 putabat
3698 559 3715 585 ,

2131 566 2174 621 si
2209 571 2411 627 credent
2454 579 2734 637 moliretur
2760 586 3086 656 simplicem:
3115 595 3208 649 sed
3251 599 3350 654 nisi
3399 602 3491 656 filii
3541 619 3714 666 morte

2129 662 2270 732 regis
2311 665 2587 725 dexteram
2627 675 2906 743 pollueret,
2954 680 3142 739 fecisse
3185 687 3316 744 nihil
3351 705 3411 747 se
3455 710 3710 767 magnum

2125 753 2500 814 arbitrabatur.
2533 763 2600 818 Et
2626 767 2752 835 quid
2799 769 2920 825 dico
2969 773 3062 829 ﬁlii
3103 779 3345 835 credent?
3388 753 3712 857 excogitavit

2123 847 2268 901 enim
2298 851 2590 911 scelera-tus
2641 859 2727 915 ille
2756 871 2810 916 et
2839 863 2937 920 hac
2979 882 3191 925 rursum
3235 879 3711 938 exsecrabiliorem

2123 937 2296 992 moliri
2320 942 2520 998 etedem
2545 949 2569 1000 ?
2594 947 2649 1002 Si
2668 951 2809 1005 enim
2831 956 3004 1011 sciens
3035 972 3324 1032 peccasset,
3356 976 3409 1021 et
3433 969 3712 1040 jugulatus

2124 1028 2334 1099 fuisset,
2369 1033 2460 1090 ﬁlii
2485 1039 2660 1094 ca‘des
2687 1050 2888 1100 tantum
2941 1048 2995 1103 id
3038 1063 3152 1107 erat
3185 1072 3199 1109 :
3253 1028 3393 1113 nunc
3431 1028 3609 1118 aulem
3640 1082 3705 1119 ex

2118 1122 2415 1191 ignorantia
2435 1134 2806 1198 prmaricatus
2829 1138 2951 1210 (nec
2965 1144 3107 1199 enim
3130 1147 3329 1204 audivit
3343 1151 3701 1230 iuramenta},

2115 1211 2308 1270 deinde
2333 1215 2661 1288 interfectus,
2684 1226 2947 1297 duplicem
2978 1237 3116 1302 patri
3139 1211 3379 1296 dolorem
3409 1211 3702 1303 eﬁ‘ecisselt;

2115 1302 2280 1358 tilium
2302 1307 2464 1374 enim,
2489 1319 2544 1366 et
2573 1313 2735 1370 tilium
2763 1320 2852 1388 qui
2880 1322 3008 1378 nihil
3043 1341 3354 1394 peccaverat
3383 1375 3397 1398 ,
3446 1337 3696 1393 immola-

2117 1400 2266 1448 turus
2293 1406 2427 1452 erat.
2452 1399 2556 1455 Sed
2597 1403 2707 1472 jam
2738 1407 2802 1462 ad
2831 1409 3064 1469 historiae
3097 1417 3300 1488 reliqua
3327 1425 3562 1481 eundum
3589 1439 3696 1484 est.

2115 1483 2398 1555 Postquam
2428 1492 2568 1546 enim
2623 1499 2855 1554 comedit
2877 1483 3267 1576 ,‘Rcspexerunt
3307 1516 3441 1570 oculi
3485 1517 3648 1590 ipsius
3683 1564 3696 1588 ,

2135 1574 2328 1644 inquit.
2347 1575 2569 1634 Multam
2589 1589 2643 1636 ct
2662 1583 2789 1640 hinc
2805 1589 2948 1659 regis
2960 1574 3181 1650 accusat
3201 1574 3712 1671 stultitiam,'declu'-

2134 1684 2260 1726 rans
2283 1672 2482 1729 milites
2497 1688 2726 1735 cunctos
2739 1679 2851 1738 fere
2863 1681 3063 1741 famem
3079 1689 3464 1763 obcaecasse,et
3478 1701 3708 1757 multum

2129 1762 2371 1831 ipsorum
2403 1767 2580 1823 oculis
2615 1769 2884 1831 infudisse
2909 1778 3223 1849 caliginem.
3248 1783 3448 1845 Postea
3478 1797 3707 1866 conSpi-

2126 1861 2277 1906 catus
2298 1855 2518 1922 quidam
2550 1858 2806 1926 militum,
2831 1863 2944 1919 ait:
2966 1866 3238 1937 Adjurans
3270 1875 3540 1946 adiurauit
3553 1855 3708 1952 pater

2125 1953 2245 1998 tuus
2274 1947 2546 2016 populum,
2575 1952 2755 2008 dicens
2781 1971 2800 2009 :
2832 1955 3155 2018 Haledictus
3186 1967 3266 2021 vir
3290 1970 3383 2040 qui
3415 1947 3706 2031 comederit

2119 2053 2306 2104 panem
2326 2040 2481 2096 hodie
2511 2059 2530 2097 :
2549 2053 2597 2097 et
2619 2045 2808 2115 defecit
2841 2053 3088 2120 populus.
3120 2055 3191 2110 Et
3215 2059 3354 2115 dixit
3380 2061 3645 2122 Jonathas
3675 2077 3697 2126 :

2121 2129 2371 2185 Dissolvit
2392 2145 2544 2202 pater
2562 2155 2707 2193 meus
2733 2151 2929 2198 terram
2947 2146 2992 2218 (Ι
3009 2187 3022 2202 .
3053 2149 3179 2222 Reg.
3205 2153 3291 2210 14.
3307 2153 3399 2211 28.
3421 2159 3536 2231 29).
3551 2161 3697 2228 Quid

2109 2229 2214 2284 est,
2255 2220 2829 2299 Dissolvit?Perdidit,
2862 2239 3108 2308 corrupit
3134 2220 3360 2300 omnes.
3403 2220 3699 2306 Temeran

2107 2308 2656 2384 igiturjurejurando
2674 2335 2868 2380 omnes
2893 2329 3162 2396 tacebant,
3193 2343 3248 2388 et
3269 2350 3423 2392 reum
3457 2355 3618 2395 nemo
3641 2343 3698 2397 in

2105 2491 2248 2547 aliud
2265 2497 2476 2551 crimen
2501 2499 2702 2556 factum
2723 2514 2836 2571 est;
2858 2522 2965 2562 non
2992 2512 3134 2566 enim
3160 2517 3335 2570 solum
3360 2521 3696 2588 pcjerantcs,

2103 2583 2265 2636 sedet
2283 2591 2487 2642 conscii
2508 2601 2562 2644 et
2580 2595 2891 2666 nbtegentes
2913 2602 3236 2661 criminibus
3259 2612 3694 2670 communicant.

2171 2667 2226 2724 ιι.
2256 2668 2452 2726 Verum
2481 2674 2700 2744 reliquia
2731 2679 3018 2738 videamus.
3053 2687 3118 2740 Et
3161 2690 3321 2759 inquit
3362 2693 3494 2750 Sail!
3513 2712 3533 2750 :
3577 2667 3653 2754 De

2101 2761 2402 2817 scandamus
2436 2776 2548 2835 post
2568 2769 2893 2840 alienigenas,
2923 2784 2968 2827 et
2993 2776 3294 2848 diripiantus
3331 2801 3412 2838 cos
3429 2801 3450 2839 :
3477 2798 3526 2840 et
3547 2789 3686 2843 dixit

2098 2855 2353 2923 sacerdos,
2387 2857 2695 2915 Accedamus
2719 2863 2818 2917 huc
2839 2865 2907 2918 ad
2933 2865 3097 2922 Deum
3125 2869 3284 2940 (Ibid.
3301 2894 3354 2928 v.
3385 2876 3496 2947 '56).
3520 2881 3684 2934 Anti-

2098 2946 2276 3015 qui-tus
2296 2949 2444 3004 alim
2475 2951 2612 3006 Deus
2638 2953 2744 3008 dux
2773 2967 2890 3011 erat
2918 2958 3199 3027 bellorum,
3229 2974 3282 3018 et
3307 2946 3506 3037 absque
3535 2969 3684 3025 illius

2097 3041 2358 3094 sententia
2389 3058 2675 3112 numquam
2700 3049 2958 3118 attingere
2997 3068 3224 3123 pugnam
3252 3059 3362 3112 ausi
3403 3059 3629 3116 fuissent
3661 3107 3676 3119 .

2097 3141 2150 3183 et
2169 3131 2371 3187 bellum
2413 3135 2548 3204 ipsis
2594 3139 2802 3208 pietatis
2844 3146 3063 3199 materia
3097 3148 3272 3203 fiebat.
3303 3151 3409 3206 Nec
3438 3155 3579 3209 enim
3611 3174 3678 3212 ex

2097 3229 2337 3296 corporis
2359 3228 2686 3299 inﬁrmitate,
2717 3235 2808 3289 sed
2840 3249 3054 3306 propter
3075 3253 3288 3310 peccata
3309 3245 3674 3308 vinocbzintnr.

2095 3317 2140 3370 si
2159 3319 2381 3386 quando
2407 3321 2531 3375 victi
2555 3332 2714 3378 sunt:
2749 3340 2847 3381 nec
2868 3331 3098 3396 potentia
3130 3343 3183 3386 et
3208 3333 3513 3390 fortitudine
3540 3379 3553 3402 ,
3578 3341 3678 3393 sed

2097 3423 2324 3479 superna
2353 3412 2717 3473 benevolentia
2753 3420 3053 3488 vincebant,
3086 3425 3527 3498 quandocumque
3552 3431 3638 3484 vin
3657 3464 3672 3472 -

2095 3502 2326 3561 cols-int:
2359 3513 2414 3560 et
2449 3507 2670 3563 victoria
2707 3520 2762 3567 et
2787 3511 2965 3567 clades
3002 3516 3314 3571 exercitatio
3343 3520 3469 3587 ipsis
3493 3531 3548 3576 et
3570 3525 3676 3576 vir-

2094 3598 2226 3652 tutis
2245 3597 2530 3654 instructio
2559 3611 2672 3657 erat
2699 3621 2712 3657 :
2745 3619 2843 3660 nec
2874 3607 3002 3674 ipsis
3029 3617 3251 3679 tantum,
3281 3613 3374 3667 sed
3402 3616 3563 3669 etiam
3589 3617 3674 3686 ip-

2094 3702 2184 3743 806
2209 3693 2654 3760 oppugnantibus.
2682 3695 2887 3750 Etenim
2915 3698 3017 3754 hoc
3037 3701 3164 3770 ipsis
3187 3703 3520 3760 manifestum
3535 3720 3674 3772 erat,

2093 3780 2232 3850 quod
2265 3797 2368 3836 non
2409 3798 2676 3838 annorum
2710 3797 2893 3842 natura
2923 3829 2938 3856 ,
2989 3791 3083 3846 sed
3128 3793 3435 3849 bellantium
3467 3797 3575 3851 vita
3620 3809 3676 3853 et

2093 3871 2295 3925 meri-tis
2324 3888 2443 3926 cum
2467 3873 2664 3929 luds-is
2687 3877 2884 3932 bellum
2911 3879 3316 3938 decernebatur.
3346 3885 3458 3941 Hoc
3490 3887 3672 3958 itaque

2091 3961 2324 4016 scientes
2375 3964 2680 4034 Madiantei,
2730 3977 2785 4022 et
2829 3983 3213 4039 cognoscentes
3264 3987 3477 4044 gentem
3529 3979 3674 4035 illam

2091 4054 2551 4126 inexpugnabilem
2580 4074 2699 4116 esse
2731 4101 2745 4128 ,
2789 4073 2842 4117 et
2884 4065 3144 4121 machinis
3183 4069 3395 4139 quidem
3427 4081 3481 4126 et
3507 4077 3672 4131 armis

2089 4149 2376 4216 expugnari
2407 4164 2513 4203 non
2537 4165 2695 4218 posse
2714 4194 2729 4219 ,
2762 4165 2981 4222 peccato
3008 4171 3138 4212 vero
3166 4168 3366 4214 tantum
3399 4162 3543 4232 ipsos
3583 4179 3670 4220 ca-

2082 4252 2216 4308 pere
2241 4238 2398 4293 faciie
2421 4254 2542 4295 esse
2575 4281 2590 4307 ,
2631 4244 2866 4313 virgines
2892 4249 3160 4316 speciosas
3186 4265 3441 4307 ornantes
3469 4263 3524 4308 et
3547 4267 3667 4312 ante

2086 4341 2258 4386 castra
2285 4342 2583 4390 statuentes
2601 4377 2616 4400 ,
2647 4337 2712 4390 ad
2741 4338 3012 4393 lasciviam
3040 4342 3237 4397 milites
3261 4347 3626 4413 provocabunt
3655 4392 3670 4414 ,

2089 4438 2182 4490 per
2210 4422 2610 4482 fornicationem
2642 4428 2733 4482 Dei
2784 4431 3041 4484 allellllttl
3090 4433 3303 4490 auferre
3349 4437 3670 4497 Studentes:

2081 4515 2229 4584 quod
2260 4515 2474 4585 quidem
2503 4528 2569 4574 et
2601 4521 2798 4576 evenit.
2828 4523 3110 4593 Postquam
3140 4528 3280 4581 enim
3310 4529 3359 4581 in
3391 4539 3670 4599 peccaturo

2089 4609 2422 4676 inciderunt,
2449 4614 2698 4669 omnibus
2725 4615 2843 4668 lacti
2872 4625 2998 4670 sunt
3018 4620 3428 4689 cxpugnabilcs:
3460 4635 3513 4677 ct
3536 4641 3674 4694 quos

2087 4715 2235 4754 arma
2265 4713 2319 4756 et
2364 4705 2568 4774 equirct
2595 4707 2788 4760 milites
2819 4717 2872 4760 et
2911 4718 2984 4761 tot
3014 4713 3435 4771 machinamenta
3475 4733 3673 4785 capere

2087 4811 2192 4850 non
2227 4806 2516 4864 potuerunt
2539 4840 2554 4863 ,
2589 4799 2686 4854 hos
2727 4804 2927 4870 peccati
2961 4813 3146 4860 natura
3197 4806 3399 4862 vinctos
3427 4807 3672 4866 hostibus

2077 4888 2531 4961 tradiditzclypei
2584 4892 2798 4962 quidem
2848 4905 2899 4949 et
2947 4895 3115 4950 hasta:
3145 4906 3198 4952 et
3239 4899 3447 4967 sagittze
3477 4917 3670 4957 omnes

2075 4980 2279 5036 frustra
2323 4993 2511 5050 erant;
2541 4985 2717 5040 vultus
2742 4997 2920 5041 autem
2954 4987 3122 5042 forma
3169 5000 3220 5043 et
3251 4991 3411 5048 animi
3445 4992 3667 5048 lascivia

2085 5073 2182 5126 hos
2201 5075 2555 5143 expugnavit,
2580 5077 2773 5147 alioqui
2797 5087 3063 5134 strenuos.
3099 5080 3384 5149 Propterea
3414 5083 3672 5142 admonet

2076 5165 2297 5234 quidam
2333 5166 2574 5222 dicens‘:
2609 5167 2692 5221 Ne
2737 5169 2902 5223 discas
2945 5171 3367 5240 pulchritudinem
3401 5175 3625 5229 alienam
3657 5221 3671 5242 ,

2081 5268 2128 5312 et
2157 5275 2219 5312 ne
2243 5275 2478 5314 occur-ms
2510 5261 2707 5314 mulieri
2731 5262 3000 5331 fornicanti
3033 5266 3049 5335 (
3079 5263 3235 5318 Ecrli.
3272 5267 3325 5321 9.
3351 5269 3403 5322 8.
3435 5269 3469 5322 3
3494 5270 3533 5337 ).
3562 5269 3675 5323 Mel

2082 5354 2215 5406 enim
2242 5352 2454 5409 distillut
2480 5371 2510 5406 a
2531 5355 2674 5409 labiis
2698 5355 2923 5407 mulieris
2951 5358 3265 5424 fornicantis,
3295 5359 3429 5428 quod
3455 5359 3523 5412 ad
3539 5370 3671 5413 terit-

2081 5463 2176 5516 ρης
2192 5446 2470 5518 impingunt
2499 5457 2671 5517 guttur
2690 5457 2828 5499 tuum
2858 5489 2872 5510 ,
2904 5452 3219 5517 postmodum
3245 5461 3412 5503 autem
3439 5455 3670 5509 aviarius

2084 5538 2198 5593 felle
2222 5539 2385 5610 ipsum
2409 5540 2624 5594 invenies
2646 5579 2660 5605 ,
2685 5547 2728 5592 ct
2751 5541 2945 5593 acutius
2976 5541 3145 5608 gladio
3171 5542 3378 5610 ancipiti
3399 5541 3582 5610 (Prov.
3609 5546 3666 5598 5.

2081 5631 2133 5683 δ.
2165 5633 2241 5700 4).

2141 5746 2157 5777 ι
2195 5745 2298 5803 Alii,
2323 5743 2512 5810 sapiens
2536 5744 2735 5806 quidam
2754 5743 2936 5797 (licens.
2955 5742 3075 5798 Infra
3099 5745 3178 5799 alii
3208 5759 3217 5768 ·
3245 5754 3360 5806 (mw
3376 5745 3441 5797 ad
3459 5753 3668 5810 tempus,

2077 5821 2180 5873 pro,
2206 5805 2334 5870 quod
2357 5805 2422 5861 ad
2447 5805 2648 5868 tempus.
