3920 6224
170 295 278 387 an

170 432 285 469 των
308 413 618 487 ἐνενόησαν,
641 418 776 477 ἀλλά
805 418 942 490 μετά
965 414 1163 491 πολλῆς
1187 421 1289 489 τῆς
1316 423 1601 488 εὐλαϐείας
1624 425 1831 497 παρῄε-

176 515 294 566 σαν,
321 502 698 562 καὶτοσούτων
728 505 898 561 ὄντων
920 506 1037 568 ,τῶν
1072 505 1434 572 δελεαζόντων
1464 512 1681 578 αὐτοὺς,
1713 514 1831 584 ἐφι-

173 592 451 664 λοσόφουν,
487 597 599 653 Καὶ
653 592 1025 666 διεπορεύπο
1074 596 1107 647 ὁ
1146 593 1294 662 λαός
1336 596 1562 652 λαλῶν.
1594 599 1660 651 Τί
1688 601 1827 665 ἐστι,

171 673 427 743 Δαλὼν;
466 680 579 749 Τὴν
606 677 797 751 ὀδύνην
824 673 914 732 διὰ
946 680 1057 736 τῶν
1092 681 1351 752 ῥημάτων
1399 686 1831 758 παραμυθούμε-

168 778 254 817 νοι
284 765 583 833 διελέγοντο
609 764 748 836 πρὸς
780 766 1062 838 ἀλλήλους.

241 858 312 920 7'.
335 852 401 905 Τί
414 847 528 917 οὖν,
560 852 745 922 ἐπειδὴ
776 854 805 906 6
832 852 962 916 λαὸς
976 852 1364 924 ἐφιλοσόφησεν
1382 856 1545 920 ἄπας,
1561 855 1671 929 ἆρα
1684 859 1834 914 οὐδὲν

168 940 387 1008 ἐγενετο
414 940 595 1006 πλέον,
627 940 763 996 ἀλλὰ
788 939 1064 1010 ἐφυλάχθη
1096 942 1125 994 6
1155 941 1353 1012 ὂρκος;
1386 944 1522 1001 Οὐδὲ
1552 946 1695 1001 οὕτω
1734 947 1834 1020 μὲν

164 1020 262 1082 οὖν
302 1028 601 1101 ἐφυλάχθη,
647 1028 786 1083 ἀλλά
820 1026 1128 1099 παρεϐάθη.
1174 1028 1297 1093 Πῶς
1340 1030 1433 1083 καὶ
1472 1031 1578 1088 τίνι
1613 1036 1830 1107 τρόπῳ;

164 1116 378 1176 Αὐτίκα
407 1115 728 1177 ἀκούσεσθε,
756 1113 844 1171 ἵνα
869 1115 964 1171 καὶ
988 1114 1088 1186 τὴν
1110 1115 1204 1170 τοῦ
1235 1116 1481 1174 διαϐόλου
1511 1118 1706 1192 τέχνην
1735 1140 1835 1176 κα-

165 1203 458 1275 ταμάθητε
503 1206 701 1263 πᾶσαν.
753 1203 807 1257 Ὁ
851 1204 960 1275 γάρ
1000 1204 1273 1260 ἰωνάσαν
1311 1207 1423 1260 οὐκ
1462 1206 1733 1277 ἀκούσας
1763 1210 1835 1265 ἐν

163 1289 246 1356 τῷ
266 1290 522 1360 ὁρκίζειν
542 1291 648 1345 τὸν
674 1290 899 1359 πατέρα
918 1290 1127 1357 αὐτοῦ,
1148 1289 1405 1357 ἐξέτεινε
1427 1293 1492 1348 τὸ
1516 1293 1705 1362 ἀκρον
1725 1295 1832 1352 τοῦ

164 1377 480 1446 σκήπτρου
511 1378 697 1434 αὐτοῦ
724 1378 830 1433 τοῦ
854 1378 925 1431 ἐν
958 1377 1031 1447 τῇ
1057 1379 1206 1448 χειρί
1236 1381 1443 1445 αὑτοῦ,
1470 1380 1571 1435 καὶ
1600 1381 1833 1436 ἐϐάπτι-

163 1482 278 1520 σεν
303 1468 394 1532 εις
426 1465 491 1519 τὸ
520 1466 733 1533 κηρίον
767 1464 874 1519 τοῦ
915 1467 1178 1535 μέλιτος,
1214 1466 1313 1520 καὶ
1355 1465 1691 1538 ἐπέστρεψε
1717 1467 1834 1537 τὴν

162 1554 335 1624 χεῖρα
361 1552 547 1607 αὐτοῦ
572 1552 642 1606 ἐν
663 1550 743 1618 τῷ
767 1551 1018 1622 στόματι
1048 1552 1258 1616 αὑτοῦ,
1289 1553 1385 1608 καί
1415 1554 1760 1625 ἀνέϐλεψαν
1775 1558 1833 1612 οι

162 1638 459 1710 ὀφθαλμοὶ
483 1638 687 1693 αὑτοῦ.
715 1638 856 1710 Ὅρα
874 1638 996 1692 τίνα
1020 1638 1155 1709 πρὸς
1169 1639 1267 1709 τὴν
1289 1639 1575 1712 ἐπιορκίαν
1595 1641 1828 1715 ὥθησεν,

154 1733 260 1803 οὐχ
283 1732 383 1785 ἕνα
418 1730 529 1785 τῶν
569 1728 933 1802 στρατιωτῶν,
967 1727 1078 1782 ἀλλ’
1104 1728 1267 1782 αὐτὸν
1293 1729 1385 1783 τὸν
1412 1731 1526 1784 υίὺν
1559 1732 1652 1788 τοῦ
1685 1736 1832 1807 ὀμω-

160 1821 416 1892 μοκότοςο
445 1817 507 1873 οὐ
532 1819 642 1892 γάρ
669 1817 956 1893 ἐπιορκίαν
984 1816 1328 1888 ἐργάσασθαι
1360 1816 1610 1873 ἐϐούλετο
1645 1821 1828 1892 μόνον,

159 1908 301 1963 ἀλλά
328 1908 424 1960 καὶ
445 1904 820 1960 παιδοκτονίαν
840 1903 1133 1970 συνετίθει,
1155 1905 1252 1960 καὶ
1278 1903 1437 1959 τοῦτο
1462 1909 1831 1975 κατεσκεύαζε

159 1996 471 2068 πόρρωθεν,
499 1995 596 2049 καὶ
616 1995 712 2066 τὴν
733 1992 894 2064 φύσιν
913 1994 1083 2065 αὐτὴν
1100 1993 1223 2048 καθ’
1245 1994 1444 2065 ἐαυτῆς
1472 1996 1653 2068 σχίσαι
1682 1998 1834 2068 ἠπεί-

138 2094 311 2158 γεω,
337 2087 433 2138 καὶ
455 2086 591 2157 ὅπερ
618 2083 710 2137 ἐπὶ
735 2081 831 2136 τοῦ
866 2080 1078 2151 Ἰεφθάε
1112 2081 1241 2135 ποτέ
1270 2082 1514 2151 ἐποίησε,
1549 2082 1708 2137 τοῦτο
1737 2084 1832 2138 καὶ

165 2174 307 2247 μετά
341 2173 516 2229 ταῦτα
545 2173 789 2245 ποιήσειν
820 2172 1039 2245 ἤλπισε.
1088 2171 1197 2227 Kal
1229 2173 1339 2243 γάρ
1370 2174 1575 2237 ἐκεῖνος
1604 2173 1832 2245 ὑποσχό-

164 2278 328 2333 μενος
350 2260 430 2333 τῷ
461 2260 579 2333 Θεῷ
606 2261 697 2313 τὸν
724 2259 941 2332 πρῶτον
971 2260 1353 2331 ἀπαντήσαντα
1383 2259 1532 2332 αὐτῷ
1570 2261 1708 2333 μετά
1733 2260 1832 2334 τὴν

160 2350 274 2411 ἀπὸ
300 2349 399 2403 τοῦ
429 2348 666 2420 πολέμου
699 2347 860 2420 νίκην
901 2346 1290 2416 κατασφάξειν,
1335 2349 1415 2411 είς
1454 2347 1830 2402 παιδοκτονίαν

158 2436 411 2490 ἐνέπεσε⁸
435 2436 498 2490 τὺ
520 2434 809 2508 θυγάτριον
827 2434 939 2505 γάρ
960 2433 1177 2506 πρῶτον
1199 2433 1519 2507 ἀπαντῆσαν
1538 2434 1684 2507 αὐτῷ
1702 2451 1832 2489 κατ-

162 2521 346 2586 ἐθυσε,
377 2522 473 2575 καὶ¹
499 2525 529 2576 6
551 2521 685 2584 Θεὸς
714 2521 815 2575 οὐκ
842 2518 1104 2574 ἐκώλυσε.

230 2609 347 2662 Kal
370 2603 488 2662 οἶδα
521 2608 619 2679 μὲν
643 2607 726 2661 ὅτι
756 2605 941 2660 πολλοὶ
966 2605 1077 2659 τῶν
1102 2605 1347 2660 ἀπίστων
1374 2605 1633 2678 ὠμότητα
1662 2607 1831 2677 ἐγκα-

157 2694 350 2750 λοῦσιν
377 2697 509 2767 ἡμῖν
535 2694 631 2749 καὶ
654 2691 1050 2767 ἀπανθρωπίαν
1073 2690 1163 2747 διά
1183 2693 1282 2765 τὴν
1302 2691 1452 2766 [145]
1486 2693 1674 2748 θυσίαν
1697 2693 1832 2748 ταύ-

154 2800 283 2856 την·
310 2783 424 2853 ἐγὼ
441 2782 498 2838 δέ
518 2781 718 2852 πολλῆς
737 2781 1063 2854 κηδεμονίας
1090 2779 1183 2835 καὶ
1207 2780 1616 2852 φιλανθρωπίας
1633 2772 1832 2852 δεῖγμα

155 2870 261 2942 τὴν
292 2868 642 2941 συγχώρησιν
673 2866 771 2938 τὴν
805 2867 899 2921 ἐπὶ
923 2870 993 2939 τῇ
1018 2866 1180 2937 θυσία
1202 2865 1376 2941 ταύτῃ
1406 2867 1777 2937 γεγενημένην
1799 2874 1828 2909 ι

158 2959 376 3028 εἴποιμι
413 2956 481 3010 ἀν
512 2952 674 3021 εἶναι,
709 2954 805 3009 καὶ⁵
847 2955 931 3009 ὅτι
962 2952 1055 3007 τοῦ
1098 2952 1289 3023 γένους
1334 2952 1489 3024 ἡμῶν
1534 2953 1830 3024 κηδόμενος

157 3046 264 3098 οὐκ
296 3042 570 3097 ἐκώλυσεν
588 3042 803 3114 ἐκείνην
823 3041 924 3113 τὴν
947 3040 1183 3115 σφαγήν.
1210 3041 1275 3095 El
1300 3040 1412 3112 γὰρ
1446 3039 1583 3111 μετὰ
1613 3039 1710 3111 τὴν
1738 3042 1830 3094 εὐ-

158 3132 262 3203 χὴν
290 3128 510 3201 ἐκείνην
530 3130 626 3184 καὶ
649 3129 749 3200 τὴν
769 3126 1062 3199 ὑπόσχεσιν
1085 3126 1184 3199 τὴν
1205 3127 1395 3183 θυσίαν
1417 3127 1679 3193 ἐκώλυσε,
1704 3128 1832 3181 πολ-

159 3218 244 3272 λοὶ
268 3219 368 3272 καὶ
392 3215 532 3288 μετά
558 3216 651 3269 τὸν
685 3215 895 3286 Ἰεφθάε
925 3213 1331 3286 προσδοκῶντες
1356 3214 1430 3288 μὴ
1460 3212 1712 3279 δέξασθαι
1740 3215 1830 3269 τὸν

158 3306 319 3370 Θεὸν,
354 3302 558 3369 πολλὰς
585 3301 652 3360 ἂν
682 3302 937 3367 τοιαύτας
966 3301 1200 3376 ηὐξαντο
1236 3301 1419 3372 εὐχὰς,
1451 3302 1545 3356 καὶ
1573 3299 1675 3373 όδῷ
1700 3314 1833 3375 προ-

159 3394 444 3457 ϐαίνοντες
478 3394 560 3457 εἰς
596 3390 972 3447 παιδοκτονίαν
1012 3389 1274 3463 ἐξέϐησαν
1306 3389 1390 3443 ἀν’
1427 3388 1543 3445 νυνὶ
1578 3390 1636 3445 δέ
1672 3392 1832 3462 ἀφεὶς

158 3480 337 3553 αὐτὴν
366 3478 719 3552 πληρωθῆναι
748 3478 914 3550 ἔργῳ,
942 3477 1069 3541 τούς
1094 3477 1232 3548 μετά
1258 3477 1431 3531 ταῦτα
1457 3478 1665 3543 πάντας
1695 3478 1833 3536 ἐκώ-

158 3569 293 3623 λυσε
350 3567 460 3623 Kal
488 3569 571 3623 ὅτι
589 3566 746 3621 τοῦτό
780 3567 927 3620 ἐστιν
958 3564 1173 3637 ἀληθὲς,
1209 3563 1347 3637 μετά
1374 3566 1433 3619 τὸ
1468 3566 1741 3638 σφαγῆναι
1773 3564 1833 3622 τὸ

160 3657 461 3729 θυγάτριον
484 3656 580 3709 τοῦ
620 3653 850 3725 Ἰεφθάε,
881 3653 1023 3708 ὥστε
1054 3654 1377 3725 ἀείμνηστον
1402 3646 1540 3709 εἶναι
1566 3652 1666 3726 τὴν
1690 3669 1831 3726 συμ-

161 3744 360 3814 φορὰν,
391 3741 486 3796 καὶ
517 3741 591 3814 μὴ
621 3742 762 3815 λήθῃ
785 3739 1158 3813 παραδοθῆναι
1179 3739 1240 3798 τὸ
1274 3740 1463 3804 πάθος,
1495 3740 1712 3810 ἐγένετο
1740 3743 1830 3796 νό-

165 3847 266 3900 μος
297 3829 450 3901 παρά
486 3831 599 3892 τοῖς
648 3826 937 3893 Ἰουδαίοις,
971 3826 1370 3905 συνερχομένας
1400 3828 1501 3891 τὰς
1529 3828 1832 3901 παρθένους

162 3916 311 3971 κατά
337 3918 430 3969 τὸν
454 3916 646 3986 καιρὸν
684 3916 892 3969 ἐκεῖνον
928 3915 1142 3992 ὴμέρας
1172 3912 1576 3988 τεσσαράκοντα
1617 3916 1833 3972 πενθεῖν

160 4005 261 4075 τὴν
285 4003 664 4075 γεγενημένην
686 4002 923 4075 σφαγὴν,
956 4003 1042 4057 ἵνα
1068 4003 1145 4075 τῷ
1178 4002 1363 4075 θρήνῳ
1392 4004 1491 4076 τῆς
1525 4001 1714 4069 θυσίας
1735 4006 1835 4080 τὴν

164 4094 391 4167 μνήμην
412 4090 817 4162 ἀνανεούμενοι,
850 4091 978 4155 τοὺς
1009 4093 1146 4162 μετά
1167 4089 1339 4144 ταῦτα
1360 4093 1834 4168 σωφφνεττὲρους

165 4179 396 4232 ποιῶσιν
419 4178 685 4243 ἅπαντας,
711 4178 806 4232 καὶ
829 4176 1072 4249 μάθωσιν
1099 4177 1174 4241 ώς
1199 4178 1260 4237 οὐ
1287 4180 1430 4233 κατά
1452 4178 1678 4250 γνώμην
1697 4180 1832 4243 Θεοῦ

162 4266 384 4335 ἐγένετο
404 4265 563 4320 τοῦτο
584 4265 634 4306 δ’
669 4265 790 4321 οὐδὲ
817 4264 927 4337 γὰρ
952 4265 1019 4319 ἂν
1050 4264 1269 4337 θρηνεῖν
1297 4266 1392 4319 καὶ
1424 4265 1712 4338 ὀδύρεσθαι
1736 4267 1835 4334 τάς

163 4353 472 4426 παρθένους
502 4354 703 4426 ἀφῆκε.
744 4353 852 4406 Kal
878 4352 961 4406 ὅτι
992 4352 1054 4406 οὐ
1087 4353 1387 4423 στοχασμὸς
1416 4353 1481 4405 τὸ
1522 4352 1831 4425 λεγόμενον,

160 4442 223 4494 τὸ
261 4440 416 4505 τέλος
460 4440 650 4505 ἔδειξε.
692 4441 849 4495 Μετά
889 4440 998 4513 γὰρ
1038 4440 1137 4512 τὴν
1187 4439 1378 4495 θυσίαν
1415 4439 1631 4512 ἐκείνην
1660 4443 1835 4509 οὐδεὶς

159 4528 423 4600 τοιαύτην
460 4529 623 4600 εὐχὴν
652 4528 853 4601 ηὔξατο
891 4512 977 4600 τῷ
999 4526 1138 4599 Θειῖν
1176 4527 1265 4581 διὰ
1300 4525 1460 4581 τοῦτο
1496 4526 1699 4598 ταύτην
1737 4512 1835 4600 μὲν

161 4618 264 4671 οὐκ
305 4617 599 4682 ἐκώλυσεν,
630 4617 697 4692 ῆν
727 4617 782 4679 δέ
812 4616 974 4681 αὐτὸς
1008 4615 1236 4681 ἐπέταξε
1256 4612 1576 4679 διεκώλυσε,
1613 4617 1711 4687 τὴν
1743 4618 1835 4679 ἐπὶ

161 4704 258 4759 τοῦ
309 4705 513 4771 Ἰσαὰκ,
556 4705 623 4759 δι’
669 4705 993 4778 ἀμφοτέρων
1030 4703 1241 4767 δεικνὺς
1289 4700 1364 4765 ώς
1403 4701 1465 4754 οὐ
1494 4700 1676 4774 χαίρει
1716 4710 1836 4770 ταῖς

159 4792 447 4862 τοιαύταις
473 4792 704 4860 θυσίαις,
755 4792 892 4847 Ἀλλ’
927 4793 956 4845 6
994 4789 1230 4864 πονηρὸς
1270 4789 1477 4861 δαίμων
1516 4791 1836 4861 ἐφιλονείκει

160 4882 261 4935 καὶ
292 4879 390 4935 νῦν
423 4881 678 4953 τοιαύτην
713 4879 1019 4953 τραγῳδίαν
1056 4877 1409 4950 ἐργάσασθαι·
1447 4877 1535 4932 διά
1559 4878 1719 4933 τοῦτο
1744 4880 1835 4935 τὸν

174 4968 436 5023 Ἰωνάθαν
465 4970 557 5023 ἐπὶ
579 4968 677 5051 τῆν
697 4968 1007 5048 παράϐασιν
1023 4965 1251 5037 ῶθησεν.
1283 4966 1345 5019 Εἰ
1374 4966 1474 5037 μὲν
1496 4967 1604 5038 γάρ
1627 4982 1712 5031 τις
1725 4967 1835 5022 τῶν

162 5055 518 5128 στρατιωτῶν
542 5054 758 5128 παρέϐη
788 5054 879 5109 τὸν
905 5053 1091 5123 νόμον,
1127 5051 1279 5107 οὐδὲν
1311 5051 1459 5132 αὐτῷ
1493 5053 1635 5124 μέγα
1661 5053 1835 5109 ἐδόκει

162 5138 306 5197 εἶναι
345 5142 514 5197 κακὸν
539 5143 600 5197 τὸ
624 5133 932 5218 γινόμενον,
964 5142 1080 5195 νυνὶ
1106 5140 1162 5194 δὲ
1191 5141 1485 5212 ἀκόρεστος
1513 5139 1589 5194 ὣν
1606 5138 1715 5196 τῶν
1738 5141 1835 5197 ἀν-

161 5230 455 5298 θρωπίνων
480 5229 685 5294 κακῶν,
722 5230 817 5286 καὶ
847 5227 1099 5282 οὐδέποτε
1133 5230 1198 5283 ἐκ
1232 5227 1342 5287 τῶν
1364 5226 1650 5301 ἡμετέρων
1676 5229 1838 5300 ὲμπι..

162 5319 444 5391 πλάμενος
486 5316 800 5390 συμφορῶν,
849 5317 998 5383 οὐδὲν
1037 5316 1281 5370 νεανικὸν
1325 5314 1508 5387 ἠγεῖτο
1549 5320 1744 5384 ποιεῖν,
1787 5320 1836 5373 εί

163 5407 326 5474 φόνον
358 5405 654 5477 ἐργάσαιτο
676 5405 851 5476 ψιλόνι
888 5404 1002 5459 ἀλλ’
1036 5406 1085 5458 εί
1124 5404 1199 5476 μὴ
1229 5405 1324 5457 καὶ
1360 5403 1710 5477 παιδοκτονία.
1737 5405 1836 5478 τὴν

164 5492 352 5558 δεξιὰν
382 5492 479 5546 τοῦ
507 5492 770 5563 βασιλέως
801 5493 1099 5565 μολύνειεν,
1121 5492 1271 5545 οὐδὲν
1303 5491 1451 5562 μέγα
1480 5492 1835 5564 πεποιηκέναι

164 5578 407 5652 ἐνόμιζε.
448 5580 563 5643 Kal
600 5581 655 5643 τί
690 5580 834 5653 λέγω
874 5579 1288 5648 παιδοκτονίαν,
1331 5579 1594 5652 ἐπενόησε
1615 5592 1638 5621 ο
1673 5580 1785 5654 γάρ
1810 5583 1841 5636 ό

224 5720 250 5783 '_
270 5720 385 5770 Sav.
422 5725 477 5769 et
494 5718 689 5783 quidam
711 5718 790 5770 alii
808 5721 1136 5783 γεγενημένην,
1161 5718 1281 5770 Mor.
1304 5736 1460 5783 γινομ.

222 5781 267 5856 ,11
286 5784 403 5832 Sav.
425 5787 479 5831 el
490 5781 792 5844 quatuoralii
813 5781 881 5841 ὣς
899 5783 954 5833 οὐ
976 5781 1100 5833 κατά
1116 5783 1304 5847 γνώμην
1318 5781 1397 5848 ’τῷ
1414 5781 1528 5849 Θεῷ
1549 5781 1608 5846 ἦν
1630 5784 1840 5850 γενέσθαι

165 5862 329 5896 τουτο.

220 5907 247 5942 ο
275 5904 378 5957 Αιιὶ
404 5905 637 5964 Eva-161103.

1157 305 1248 361 AD
1285 306 1614 366 POPULUM
1655 312 2156 373 ANTIOCHENUM
2204 311 2433 371 HOMIL.
2481 310 2620 368 XIV.

3495 312 3597 370 “8

1939 429 2135 500 μιαρὸς
2159 428 2364 490 ἐκεῖνος
2397 426 2489 480 καὶ
2519 424 2710 478 τούτου
2745 422 2907 478 πάλιν
2938 422 3293 494 ἐναγέστερον
3322 424 3478 493 φόνον
3508 426 3601 477 εὐ-

1941 514 2074 587 ρείν.
2099 512 2161 568 El
2184 512 2284 586 μὲν
2310 512 2419 583 γάρ
2446 511 2604 576 εἰδὼς
2629 511 2842 582 ἥμαρτε
2869 510 2966 564 καὶ
2993 510 3230 581 ἐσφάγη,
3256 510 3599 565 παιδοκτονία

1940 603 2100 673 μόνον
2128 601 2189 655 τὸ
2216 600 2499 672 γινόμενον
2518 595 2605 671 ἦν’
2628 598 2745 653 νυνὶ
2764 597 2822 651 δέ
2844 598 2903 665 ἐξ
2923 597 3144 666 ἀγνοίας
3170 597 3429 669 ἁμαρτὼν
3457 598 3597 667 (οὐδὲ

1932 689 2040 762 γάρ
2079 690 2278 760 ῆκουσε
2319 686 2428 740 τῶν
2473 685 2695 758 ὅρκων),
2743 679 2863 737 εἶτα
2906 684 3229 754 ἀναιρεθεὶς,
3274 683 3495 737 διπλοῦν
3534 684 3597 738 ἓν

1931 776 2154 845 ἐποίησε
2182 770 2262 845 τῷ
2306 773 2475 845 πατρῖ⁵
2514 771 2576 826 τδ
2608 771 2789 840 ἄλγος·
2824 771 2919 825 καὶ
2953 770 3063 841 γάρ
3096 771 3280 834 παῖδα,
3312 771 3405 825 καὶ
3433 771 3600 824 παῖδα

1931 862 2084 916 οὐδὲν
2107 860 2442 933 ἁμαρτόντα,
2479 858 2769 915 καταθύειν
2790 858 3036 929 ἔμελλεν.
3084 858 3223 911 Ἀλλ’
3254 858 3347 911 ἐπὶ
3374 857 3443 911 τά
3474 858 3597 929 ἐχό-

1936 967 2073 1021 μενα
2093 948 2192 1019 τῆς
2208 947 2449 1020 ἱστορίας
2472 946 2760 1019 πορευτέον
2779 945 2984 1000 λοιπόν.
3015 944 3231 1016 Ἐπειδὴ
3249 945 3355 1017 γάρ
3371 944 3595 1014 ἔφαγεν,

1943 1032 2307 1105 Ἀνέθλεψαν
2326 1037 2382 1088 οι
2414 1032 2707 1103 ὀφθαλμοὶ
2733 1031 2941 1095 αὐτοῦ,
2975 1031 3125 1102 φησί.
3152 1031 3356 1102 Πολλὴν
3385 1032 3478 1084 καλ⁵
3514 1032 3599 1085 ἐν-

1931 1121 2108 1176 ταῦθα
2144 1122 2237 1176 τοῦ
2267 1119 2531 1192 βασιλέως
2569 1120 2866 1191 κατηγορεῖ
2895 1118 2992 1191 τὴν
3029 1118 3232 1183 ἄνοιαν,
3269 1118 3483 1181 δεικνὺς
3515 1118 3598 1171 ὄτι

1934 1207 2120 1280 σχεδον
2150 1211 2179 1263 ό
2207 1207 2362 1279 λιμὸς
2392 1207 2647 1279 ἐπήρωσε
2681 1207 2809 1268 τοὺς
2847 1204 3183 1274 στρατιώτας
3212 1204 3475 1269 ἅπαντας,
3503 1204 3599 1260 καὶ

1932 1293 2130 1369 πολλὴν
2158 1293 2266 1349 τῶν
2291 1290 2585 1364 ὀφθαλμῶν
2630 1291 2812 1345 αὐτῶν
2851 1290 3078 1362 κατέχεε
3115 1293 3214 1366 τὴν
3245 1291 3432 1362 ἀχλύν.
3462 1287 3595 1353 Εἶτα

1935 1381 2057 1437 ίδών
2083 1400 2188 1448 τις,
2218 1382 2371 1454 φησὶ,
2402 1379 2509 1435 τῶν
2545 1376 2890 1452 στρατιωτῶν
2921 1376 3089 1447 λέγει·
3132 1379 3400 1455 Ὀρκίσιις
3430 1379 3599 1453 «ﬁmus-

1911 1487 2027 1524 σει⁴
2069 1473 2100 1523 ό
2134 1468 2328 1534 πατὴρ
2371 1482 2487 1520 σου
2534 1465 2643 1519 τὸν
2669 1462 2826 1518 λαὸν
2863 1462 3087 1534 λέγων’
3136 1467 3600 1539 Ἐπικατάρατος

1912 1560 1947 1614 d
1984 1556 2292 1626 ἅνθρωπος
2315 1554 2381 1621 ὃς
2402 1554 2646 1626 φάγεται
2680 1553 2866 1625 ἄρτον
2886 1551 3154 1623 σήμερον
3175 1571 3187 1584 ·
3221 1556 3315 1609 καὶ
3340 1557 3596 1628 ἐξελύθη

1912 1649 1946 1703 ό
1975 1648 2145 1709 λαός.
2183 1643 2292 1700 Καὶ
2321 1639 2490 1699 εἶπεν
2540 1641 2862 1698 Ἰωι-ἀθανο
2909 1642 3295 1713 Ἀπήλλαχεν
3327 1647 3361 1699 ὁ
3399 1646 3597 1716 πατήρ

1905 1753 2026 1813 μου
2062 1732 2175 1800 τὴν
2224 1730 2360 1801 γῆν.
2401 1727 2467 1783 Τί
2493 1730 2662 1791 ἐστιν,
2714 1728 3136 1796 Ἀπήλλαχεν;
3179 1729 3474 1796 Ἀπώλεσε,
3519 1733 3598 1786 δι.

1912 1821 2165 1894 ἐφθειρεν
2196 1817 2463 1882 ἅπαντας.
2495 1816 2914 1890 Παραόαθέντος
2943 1816 3123 1873 τοίνυν
3150 1818 3245 1872 τοῦ
3274 1820 3439 1890 ὅρκου
3464 1821 3599 1874 πάν-

1910 1928 2002 1975 τες
2044 1907 2261 1978 ἐσίγων,
2290 1906 2383 1960 καὶ
2404 1904 2580 1969 οὐδεὶς
2611 1904 2702 1959 τὶν
2727 1903 3022 1958 ὑπεύθυνον
3052 1907 3136 1969 είς
3166 1906 3329 1977 μέσον
3363 1908 3596 1974 ἀγαγεῖν

1912 1996 2116 2066 ἐτόλμα
2132 2013 2149 2029 ⁸
2180 1995 2238 2049 οὐ
2271 1994 2465 2065 μικρὸν
2493 1993 2551 2046 δὲ
2574 1993 2670 2047 καὶ
2688 1991 2846 2046 τοῦτο
2868 1991 3118 2064 ἔγκλημα
3140 1991 3323 2047 λοιπὸν
3351 1992 3558 2062 ἐγίνετο
3576 2008 3593 2026 ’

1912 2083 1975 2137 οὐ
2007 2083 2117 2154 γάρ
2148 2083 2197 2135 οἱ
2244 2080 2629 2152 ἐπιορκοῦντες
2676 2080 2856 2150 μόνον,
2907 2079 3046 2133 ἀλλὰ
3082 2080 3179 2134 xal
3207 2081 3254 2134 οἱ
3299 2079 3597 2143 συνειδότες

1918 2172 2040 2247 μὲν,
2071 2170 2511 2246 περιστέλλοντες
2536 2169 2615 2235 δὲ,
2647 2169 2961 2223 κοινωνοῦσι
2993 2169 3101 2224 τῶν
3130 2168 3513 2240 ἐγκλημάτων.

2001 2292 2154 2366 [146]
2179 2293 2241 2349 6’.
2262 2294 2406 2366 Πλὴν
2437 2293 2554 2348 ἀλλ’
2570 2291 2768 2363 ἴδωμεν
2789 2291 2860 2344 ea
2874 2291 3022 2362 ἑξῆς.
3064 2289 3168 2345 Kal
3199 2285 3329 2343 εἷπε
3366 2288 3594 2342 Σαούλο

1928 2392 2284 2461 Καταϐῶμεν
2308 2392 2499 2445 ὀπίσω
2531 2389 2649 2444 τῶν
2673 2389 3042 2459 ἀλλοφύλων
3061 2388 3159 2440 καὶ
3177 2384 3598 2455 διαρπάσωμεν

1926 2490 2167 2554 αὐτούς.
2207 2489 2316 2543 Kal
2359 2483 2529 2541 εἶπεν
2564 2489 2598 2541 ὁ
2638 2486 2847 2556 ἱερεύς·
2883 2482 3312 2552 Προσέλθωμεν
3340 2480 3598 2535 ἐνταῦθα

1928 2576 2094 2653 Ξῖρος
2118 2586 2229 2638 τὸν
2274 2584 2440 2637 Θεόν.
2478 2581 2554 2634 T6
2597 2581 2706 2653 γὰρ
2749 2579 2977 2634 παλαιὸν
3017 2580 3047 2631 ὁ
3087 2578 3219 2641 Θεὸς
3270 2577 3599 2648 ἐστρατήγει

1927 2677 2037 2732 τῶν
2066 2678 2338 2749 πολέμων,
2363 2678 2457 2733 καὶ
2488 2678 2658 2749 χωρὶς
2699 2675 2799 2747 τῆς
2830 2675 3042 2728 ἐκείνου
3080 2671 3305 2745 γνώμης
3342 2674 3598 2726 οὐδέποτε

1928 2774 2169 2846 ἐτόλμων
2220 2772 2485 2830 ἅπτεσθαι
2517 2773 2715 2845 μάχης,
2749 2772 2844 2826 καλ¹
2869 2774 2898 2826 ό
2948 2770 3184 2842 πόλεμος
3232 2770 3411 2832 αὐτοῖς
3440 2768 3601 2821 εὐσε-

1929 2872 2079 2936 ϐείας
2108 2869 2373 2934 ’ὑπόθεσις
2405 2869 2634 2939 ἐγίνετο.
2675 2866 2816 2924 Οὔτε
2849 2866 2960 2938 γάρ
3001 2866 3060 2932 ἐξ
3091 2866 3375 2928 ἀσθενείας
3411 2862 3600 2946 σῶμα·

1928 2987 2040 3034 τος,
2067 2968 2182 3023 ἀλλ’
2211 2968 2322 3023 ἀπὸ
2352 2966 2636 3038 ἁμαρτιῶν
2658 2964 2686 3006 ιι
2714 2964 2977 3036 ἡττῶντο,
3012 2964 3066 3017 εῐ
3088 2980 3221 3018 ποτε
3248 2964 3341 3018 καὶ
3358 2960 3599 3034 ἡττήθη-

1930 3083 2056 3132 σαν,
2077 3064 2200 3121 οὐτε
2229 3064 2338 3120 ἀπὸ
2361 3064 2643 3135 δυνάμεως
2672 3062 2767 3119 καὶ
2795 3062 3067 3135 ἀνδρείας,
3098 3061 3216 3116 ἀλλ’
3246 3061 3354 3115 ἀπὸ
3386 3058 3601 3125 εὐνοίας

1928 3164 2029 3236 τῆς
2062 3160 2273 3218 ἄνωθεν
2301 3160 2590 3234 ἐκράτουν,
2638 3160 2799 3214 ὁπότε
2828 3160 2922 3213 καὶ
2949 3160 3236 3231 ἐκράτουν.
3268 3158 3379 3212 Kal
3407 3160 3442 3229 ἡ
3472 3156 3600 3228 νίκη

1929 3261 2025 3315 καί
2061 3262 2095 3332 ἡ
2123 3255 2263 3335 ἧττα
2307 3250 2608 3329 γυμνάσιον
2656 3257 2838 3321 αὐτοῖς
2882 3256 2978 3311 καὶ
3022 3256 3366 3311 διδασκάλων
3395 3254 3603 3327 ἀρετῆς

1928 3352 2019 3430 ἦν,
2049 3357 2149 3410 οὐκ
2187 3356 2367 3419 αὐτοῖς
2396 3353 2453 3407 δὲ
2485 3354 2663 3425 μόνον,
2690 3353 2826 3407 ἀλλά
2859 3355 2955 3407 καὶ
2988 3355 3102 3416 τοῖς
3134 3351 3465 3421 πολεμοῦσιν
3497 3351 3603 3403 αὐ-

1930 3457 2076 3519 τοῖς’
2112 3454 2207 3508 καὶ
2237 3452 2347 3525 γὰρ
2380 3453 2474 3506 καὶ
2510 3450 2738 3515 ἐκείνοις
2770 3448 2927 3504 τοῦτο
2957 3449 3258 3521 κατάδηλον
3303 3443 3392 3520 ἦν,
3425 3448 3505 3500 ὅτι
3539 3446 3602 3500 οὐ

1929 3553 1997 3624 τῇ
2025 3551 2182 3621 φύσει
2204 3551 2310 3604 τῶν
2334 3549 2513 3604 ὅπλων
2532 3550 2559 3602 ὁ
2580 3548 2717 3621 πρὸς
2753 3546 3042 3612 Ἰουδαίους
3070 3547 3317 3619 ἐκρίνετο
3345 3545 3602 3615 πόλεμος,

1931 3647 2068 3704 ἀλλὰ
2109 3644 2188 3720 τῷ
2218 3647 2317 3720 βίῳ
2348 3646 2457 3701 τῶν
2486 3643 2863 3717 πολεμούντων
2903 3643 2998 3698 καὶ
3036 3646 3150 3708 τοῖς
3190 3641 3601 3715 κατορθώμασι.

1932 3743 2103 3802 Τοῦτο
2147 3742 2277 3816 γοῦν
2319 3761 2451 3801 ποτε
2479 3741 2780 3807 συνιδόντες
2809 3743 2857 3796 oi
2887 3741 3230 3813 Μαδιηναίοι,
3261 3739 3355 3794 καὶ
3386 3740 3603 3809 γνόντες

1932 3842 2009 3907 ὡς
2030 3841 2453 3914 ἀκαταμάχητόν
2476 3843 2593 3896 ἐστι
2620 3840 2682 3896 τὸ
2710 3840 2860 3903 ἔθνος
2888 3839 3094 3903 ἐκεῖνο,
3126 3839 3221 3892 καὶ
3248 3836 3604 3908 μηχανήμασι

1936 3938 2035 4009 μὲν
2067 3938 2159 3993 καὶ
2194 3937 2377 4002 ὅπλοις
2408 3938 2687 4008 ἀμήχανον
2721 3936 2852 3993 αὐτὸ
2884 3933 3378 4004 καταγωνίσασθαι,
3418 3933 3604 4004 ἁμαρ-

1933 4036 2025 4107 τία
2048 4035 2107 4089 δέ
2142 4034 2301 4107 μόνον
2324 4033 2546 4088 δυνατὸν
2576 4034 2775 4097 αὐτοὺς
2799 4032 2960 4098 ἐλεῖν,
2996 4029 3300 4103 παρθένους
3328 4028 3606 4083 καλλωπίς

1936 4147 2127 4195 σαντες
2157 4131 2462 4203 εὐμόρφους
2492 4132 2588 4186 καὶ
2621 4130 2918 4203 στήσαντες
2945 4127 3040 4181 ἐπὶ
3082 4127 3182 4198 τῆς
3222 4123 3599 4197 παρατάξεως,

1933 4229 2015 4292 είς
2062 4228 2352 4298 ἀσέλγειαν
2402 4227 2754 4296 ἐξεκαλοῦντο
2793 4226 2921 4289 τούς
2967 4223 3326 4294 στρατιώτας,
3365 4222 3457 4276 διά
3501 4222 3603 4293 τῆς

1935 4326 2189 4397 πορνείας
2217 4326 2524 4397 ἀποστῆσαι
2559 4324 2656 4379 τοῦ
2687 4323 2824 4378 Θεοῦ
2857 4323 2958 4394 τὴν
3007 4320 3326 4394 συμμαχίαν
3371 4320 3605 4374 σπουδά-

1936 4423 2149 4490 ζοντες*
2183 4423 2321 4493 ὅπερ
2360 4420 2424 4494 δὴ
2466 4422 2560 4475 καὶ
2593 4419 2815 4491 συνέϐη.
2857 4418 3075 4490 Ἐπειδὴ
3129 4417 3237 4488 γὰρ
3283 4417 3540 4470 ἐνέπεσον
3576 4428 3602 4457 ο

1936 4523 2017 4586 είς
2046 4523 2144 4592 τὴν
2173 4518 2470 4591 ἁμαρτίαν,
2498 4516 2814 4589 εὐχείρωτοι
2855 4517 3022 4570 πᾶσιν
3063 4514 3330 4582 ἐγένοντο,
3376 4513 3469 4567 καὶ
3510 4511 3605 4577 οὓς

1935 4614 2073 4671 ὅπλα
2104 4616 2200 4669 καὶ
2245 4616 2401 4671 ἵπποι
2433 4614 2529 4669 καὶ
2578 4611 2908 4690 στρατιῶται
2951 4612 3048 4666 καὶ
3078 4610 3317 4664 τοσαῦτα
3352 4609 3604 4682 μηχανή-

1937 4730 2084 4787 ματα
2126 4712 2265 4768 ἐλεῖν
2295 4711 2396 4766 οὐκ
2426 4711 2673 4783 ἴσχυσαν,
2704 4712 2927 4773 τούτους
2959 4707 3234 4781 ἁμαρτίας
3273 4706 3434 4777 φύσις
3460 4707 3605 4761 δεδε-

1938 4810 2133 4883 μένους
2156 4811 2270 4873 τοῖς
2297 4808 2577 4880 πολεμίοις
2604 4807 2923 4879 παρέδωκε*
2971 4806 3067 4860 καὶ
3099 4804 3318 4870 ἀσπίδες
3369 4806 3467 4877 μὲν
3507 4806 3603 4862 καὶ

1934 4908 2132 4979 δόρατα
2176 4905 2272 4962 καὶ
2311 4900 2438 4979 βέλη
2489 4905 2668 4965 πάντα
2707 4904 2994 4977 ἠλέγχετο,
3025 4902 3203 4975 ὅψεως
3228 4903 3286 4956 δὲ
3326 4901 3604 4975 εὐμορφία

1935 5005 2031 5061 καὶ
2053 5004 2231 5076 ψυχῆς
2253 5003 2519 5058 ἀκολασία
2541 5003 2667 5067 τούς
2690 5003 2970 5072 γενναίους
3000 5001 3331 5074 ἐχειρώσατο
3356 5003 3600 5065 τούτους,

1935 5098 2036 5161 Διὰ
2076 5100 2235 5155 τοῦτο
2276 5102 2535 5173 παραινεῖ
2580 5117 2665 5164 τις
2720 5099 2895 5170 λέγων
2934 5098 2954 5139 ί
2976 5117 2993 5134 ο
3039 5100 3136 5169 Μὴ
3188 5099 3607 5169 καταμάνθανε

1935 5196 2165 5263 κάλλος
2189 5198 2531 5266 ἀλλότριον,
2565 5194 2663 5252 καί
2689 5195 2776 5267 μὴ
2822 5196 3062 5257 ὑπάντα
3110 5196 3346 5269 γυναικί
3389 5196 3604 5264 ἑταιρι-

1937 5294 2168 5365 ζομένῃ.
2202 5294 2356 5349 Μέλι
2385 5294 2495 5365 γΰιρ
2525 5291 2841 5361 ἀποστάζει
2876 5293 2997 5349 ἀπὸ
3028 5292 3277 5362 χειλέων
3316 5292 3602 5362 γυναικὸς

1936 5394 2184 5463 πόρνης,
2204 5391 2238 5448 ὃ
2267 5393 2418 5463 πρὸς
2444 5392 2652 5469 καιρόν
2669 5394 2932 5447 λιπαίνει
2958 5391 3076 5446 σὸν
3097 5389 3391 5462 φάρυγγα,
3420 5390 3598 5445 ὕστε-

1929 5506 2046 5558 ρον
2081 5489 2149 5542 δὲ
2175 5489 2529 5557 πικρότερον
2546 5486 2738 5563 χολῆς
2762 5489 3061 5558 εὑρήσεις,
3094 5485 3193 5541 καί
3222 5485 3605 5557 ἠκονημένον,

1932 5582 2174 5654 μᾶλλον
2196 5583 2494 5653 μαχαίρας
2524 5582 2829 5652 διστόμου.

2002 5721 2027 5786 (ἶ
2051 5722 2151 5786 Alii
2170 5722 2275 5772 ἀλλ’
2288 5722 2387 5786 ἀπὸ
2407 5720 2654 5786 ἁμαρτίας.

2013 5785 2033 5806 ⁸
2057 5784 2155 5833 Alii
2181 5784 2459 5832 κατέπεσον.

2009 5845 2026 5912 ί
2058 5846 2264 5912 Quidam
2284 5844 2517 5912 τιςσοφὸς
2536 5843 2704 5912 λέγων,
2728 5843 2839 5897 Sav.
2863 5850 2917 5893 ει
2938 5840 3057 5893 Mor.
3076 5859 3145 5901 τις
3170 5843 3335 5906 λέγων.
3372 5840 3493 5892 infra
3517 5845 3608 5903 gli—

1944 5910 2025 5971 qui
2053 5908 2083 5956 ἢ
2105 5907 2221 5964 πρὸς
2239 5905 2417 5969 καιρόν.
