3920 6224
335 356 434 407 139

409 468 585 537 ιιόρνη
633 470 739 538 γὰρ
774 465 944 536 φιλεῖν
989 466 1090 519 οὐκ
1138 466 1456 530 ἐπίσταται,
1501 462 1616 517 ἀλλ’
1659 461 2002 514 ἐπιϐουλεύει

336 555 497 624 μόνον
517 571 530 584 θ
583 555 659 606 ἰὸν
690 554 802 623 ἔχει
828 556 997 626 αὐτῆς
1025 554 1086 607 τὸ
1114 553 1343 623 φίλημα,
1376 551 1471 604 καὶ
1505 551 1796 620 φάρμακον
1837 548 2003 618 δηληο

338 645 522 712 τήριον
557 641 619 694 τὸ
653 642 845 712 στόμα.
897 641 957 694 Εί
985 641 1040 694 δὲ
1080 640 1140 691 06
1183 639 1433 708 φαίνεται
1467 635 1688 698 εὐθέως,
1722 634 1810 687 διά
1846 635 2004 687 τοῦτο

343 729 541 797 μᾶλλον
579 728 909 796 ἀποφεύγειν
951 725 1117 797 αὐτὴν
1159 725 1257 788 δεῖ,
1283 726 1364 779 ὅτι
1395 721 1729 795 περιέστειλε
1764 721 1855 774 τὸν
1887 721 2007 773 δλε-

340 816 488 886 θρον,
538 816 628 869 καὶ
672 815 762 867 τὸν
810 814 1036 867 θάνατον
1082 811 1531 884 ἐγκεκρυμμένον
1579 809 1715 880 ἔχει,
1764 807 1858 862 καὶ
1888 807 2009 861 οὐδὲ

340 903 564 973 ἀφίησιν
597 905 659 954 ἐκ
689 901 987 970 προοιμίων
1015 899 1266 968 γενέσθαι
1299 896 1623 967 κατάδηλον.
1652 895 1815 948 Ὥστε
1849 894 1902 946 εῖ
1927 911 2009 957 τις

341 989 532 1060 ἡδονὴν
578 987 782 1051 διώκει,
831 988 924 1042 καὶ
976 985 1244 1058 εὐθυμίας
1289 985 1528 1055 γέμοντα
1580 981 1715 1052 βίον,
1767 982 1868 1045 τὰς
1898 980 2008 1034 τῶν

342 1075 750 1146 πορνευομένων
779 1075 1052 1143 γυναικῶν
1089 1073 1340 1145 φευγέτω
1387 1070 1704 1134 συνουσίας⁶
1757 1068 2008 1138 πολέμων

341 1165 450 1234 γάρ
499 1162 705 1234 μυρίων
748 1163 839 1215 καὶ
876 1161 1120 1234 θορύϐων
1163 1161 1262 1224 τὰς
1299 1160 1408 1213 τῶν
1444 1157 1689 1229 ἐραστῶν
1739 1154 2007 1227 πληροῦσι

337 1250 534 1321 ψυχὰς,
569 1251 747 1320 μάχας
772 1251 953 1312 αὐτοῖς
982 1249 1076 1302 καὶ
1108 1247 1435 1317 φιλονεικίας
1463 1245 1710 1299 κινοῦσαι
1739 1243 2006 1314 διηνεκεῖς

335 1338 426 1392 διὰ
471 1339 753 1408 ῥημάτων,
783 1337 870 1391 διά
913 1337 1252 1406 πραγμάτων
1291 1333 1567 1388 ἁπάντων.
1616 1333 1727 1385 Καὶ
1755 1330 2008 1401 καθάπερ

339 1427 390 1478 οί
423 1425 530 1479 τῶν
563 1424 770 1496 ἐχθρῶν
801 1423 1214 1494 πολεμιώτατοι,
1249 1421 1394 1475 οὕτω
1419 1420 1483 1493 δὴ
1518 1420 1611 1474 καὶ⁵
1637 1413 1800 1474 αῦται
1830 1417 2009 1477 πάντα

339 1511 552 1564 ποιοῦσι
574 1511 666 1565 καὶ
696 1509 1193 1582 πραγματεύονται,
1223 1507 1361 1562 ὥστε
1397 1509 1492 1562 καὶ
1521 1505 1753 1578 αἰσχύνῃ
1791 1507 1885 1559 καὶ
1907 1522 2006 1557 πε-

337 1599 430 1671 νίᾳ
459 1599 552 1651 καὶ
578 1601 690 1661 τοῖς
719 1599 966 1668 ἐσχάτοις
994 1598 1186 1660 αὐτοὺς
1215 1595 1531 1667 περιϐαλεῖν
1565 1594 1773 1654 κακοῖς.
1809 1591 1920 1645 Καὶ
1949 1591 2010 1646 ὃν

340 1687 539 1758 τρόπον
572 1689 619 1740 οί
653 1686 886 1757 θηραταί
917 1686 984 1740 τά
1013 1685 1204 1739 δίκτυα
1246 1683 1702 1746 ἀναπετάσαντες,
1733 1681 1802 1734 τὰ
1841 1679 2010 1751 ἀγρια

340 1775 448 1831 τῶν
497 1773 649 1838 ζώων
692 1773 980 1844 ἐμϐάλλειν
1029 1770 1416 1842 ἐπιχειροῦσιν,
1466 1769 1608 1822 ὥστε
1656 1767 1798 1822 αὐτὰ
1843 1785 2010 1821 κατα-

339 1861 541 1926 σφάξαι
561 1876 574 1890 '
609 1861 747 1914 οὕτω
775 1861 838 1932 δὴ
861 1862 954 1914 καὶ
981 1854 1160 1922 αὗται,
1187 1857 1406 1912 ἐπειδάν
1427 1856 1494 1910 τά
1523 1855 1703 1928 πτερά
1721 1856 1820 1926 τῆς
1851 1855 2010 1908 ἀσελ-

335 1949 492 2016 γείας
523 1948 788 2002 πάντοθεν
818 1948 1198 2002 ἀναπετάσωσι
1230 1947 1296 2000 δι’
1329 1943 1622 2016 ὀφθαλμῶν
1671 1943 1764 1997 καὶ
1799 1942 2012 2013 σχημά-

337 2052 446 2090 των
474 2039 568 2090 καὶ
597 2037 876 2108 ῥημάτων,
909 2037 1028 2088 εἶτα
1060 2037 1182 2098 τοὺς
1217 2033 1426 2088 ἑαυτῶν
1465 2031 1700 2104 ἐραστάς
1729 2031 2010 2103 ἐμϐάλωσι

335 2125 432 2177 καὶ
472 2124 871 2193 καταδήσωσιν,
913 2122 974 2174 06
1013 2121 1276 2192 πρότερον
1305 2121 1650 2189 ἀφίστανται,
1682 2119 1786 2183 ἕως
1816 2118 1883 2174 ἂν
1909 2119 2009 2172 a6-

337 2212 445 2265 τῶν
489 2213 582 2264 καὶ
631 2211 764 2264 αὐτὸ
797 2210 856 2262 τὸ
899 2205 1036 2280 αἷμα
1084 2209 1368 2272 ἐκπίωσιν,
1410 2207 1838 2279 ἐπεμϐαίνουσαι
1873 2206 2012 2278 μετά

333 2299 508 2353 ταῦτα
532 2299 627 2352 καὶ
656 2297 1013 2369 κωμῳδοῦσαι
1035 2295 1212 2350 αὐτῶν
1233 2295 1331 2366 τὴν
1356 2296 1564 2358 ἄνοιαν,
1599 2295 1695 2348 καὶ
1719 2294 1888 2349 πολὺν
1911 2295 2011 2348 a6-

333 2387 442 2441 τῶν
471 2387 828 2458 καταχέουσαι
853 2386 946 2438 τὸν
977 2385 1208 2454 γέλωτα.
1235 2383 1370 2438 Οὐδὲ
1396 2382 1504 2456 γὰρ
1533 2383 1798 2436 ἐλεεῖσθαι
1825 2382 2011 2438 λοιπὸν

331 2473 487 2547 ιιι-η
515 2477 544 2529 6
572 2475 812 2538 τοιοῦτος
844 2473 1014 2540 ἄξιος,
1047 2472 1184 2524 ἀλλά
1216 2471 1476 2540 γελᾶσθαι
1511 2472 1606 2525 καὶ
1640 2469 2010 2536 σκώπτεσθαι,

334 2565 464 2616 ὅταν
485 2564 761 2631 γυναικὸς,
781 2562 876 2615 καὶ
891 2561 1149 2630 γυναικὸς
1167 2560 1371 2629 πόρνης
1384 2557 1719 2630 ἀλογώτερος
1731 2559 2009 2630 φαίνηται.

335 2652 434 2704 Διά
457 2650 611 2703 τοῦτο
639 2651 892 2720 παραινεῖ
913 2647 1074 2701 πάλιν
1112 2649 1140 2700 6
1179 2647 1336 2716 σοφὸς
1367 2647 1572 2709 ἐκεῖνος
1603 2645 1779 2714 λέγων
1801 2664 1817 2679 ο
1869 2646 2015 2701 Πῖνε

334 2738 524 2792 ὕδατα
555 2737 676 2792 ἀπὸ
701 2736 830 2791 σῶν
858 2736 1110 2806 ἀγγείων
1142 2735 1241 2788 καὶ
1280 2733 1400 2788 ἀπὸ
1445 2732 1576 2788 σῶν
1607 2733 1879 2804 φρεάτων
1905 2746 2017 2802 πη-

334 2828 479 2898 γῆς·
515 2829 609 2882 καὶ
656 2826 847 2880 πάλιν·
906 2827 1175 2893 Ἔλαφος
1229 2826 1436 2892 φίλἀς
1489 2821 1587 2876 καὶ
1642 2820 1847 2887 πῶλος
1887 2820 2018 2876 σῶν

336 2913 591 2982 χαρίτων
611 2911 885 2980 ὀμιλείτω
915 2923 1014 2962 σοι
1033 2925 1047 2938 ·
1091 2908 1219 2980 περὶ
1239 2906 1498 2975 γυναικὸς
1522 2905 1620 2977 τῆς
1661 2904 1810 2976 νόμῳ
1834 2903 2014 2975 γάμου

336 3002 690 3073 συνοικούσης
721 2995 944 3054 τοιαῦτα
971 2997 1145 3067 λέγων
1165 3015 1178 3029 ·
1200 2997 1265 3049 Τί
1297 2996 1730 3066 καταλιμπάνεις
1760 2993 1858 3064 τὴν
1890 2993 2018 3064 βοη-

335 3087 448 3153 θόν,
485 3093 580 3144 καὶ
607 3090 742 3161 πρὸς
783 3087 883 3160 τὴν
927 3084 1210 3140 ἐπίϐουλον
1241 3084 1490 3158 τρέχεις;
1532 3083 1586 3137 τί
1616 3082 1714 3154 τὴν
1761 3081 2017 3137 κοινωνὸν

333 3177 657 3250 ἀποστρέφῃ
705 3176 799 3230 τοῦ
845 3175 982 3247 βίου,
1027 3175 1119 3227 καὶ
1168 3174 1267 3244 τὴν
1312 3169 1725 3242 ἀνατρέπουσάν
1774 3187 1868 3224 σου
1918 3171 2019 3242 τὴν

336 3267 480 3337 ζωὴν
507 3264 865 3337 θεραπεύεις;
892 3262 1040 3333 Αὕτη
1071 3260 1163 3315 σοῦ
1192 3260 1350 3332 μέλος
1372 3259 1490 3312 ἐστὶ
1510 3259 1607 3312 καὶ
1636 3258 1814 3330 σῶμα,
1833 3258 2016 3331 ἐκείνη

333 3355 392 3407 δὲ
429 3354 582 3421 ξίφος
615 3353 763 3405 ἐστὶν
797 3349 1157 3421 ἠκονημένον.
1190 3347 1301 3410 Διὸ,
1333 3345 1628 3416 ἀγαπητοὶ,
1658 3343 1887 3414 φεύγετε
1919 3344 2020 3416 τὴν

335 3441 613 3513 πορνείαν,
645 3440 739 3494 καὶ
764 3439 854 3492 διά
894 3438 962 3492 τὰ
996 3436 1240 3507 παρόντα
1288 3433 1457 3497 κακά,
1503 3433 1598 3488 καὶ
1641 3431 1730 3486 διὰ
1758 3431 1856 3503 τὴν
1892 3433 2018 3504 μέλ-

335 3530 532 3583 λουσαν
552 3528 794 3582 κόλασιν.
821 3526 974 3596 Τάχα
997 3523 1260 3594 δοκοῦμεν
1282 3523 1381 3593 τῆς
1405 3520 1716 3584 ὑποθέσεως
1741 3521 2022 3576 ἐκπεπτω-

336 3614 514 3672 κέναι,
560 3612 675 3664 ἀλλ’
726 3610 829 3662 οὐκ
877 3608 992 3663 ἐστι
1026 3607 1185 3660 τοῦτο
1231 3608 1518 3659 ἐκπεσεῖν·
1575 3606 1636 3657 06
1686 3604 1797 3677 γάρ
1831 3606 2019 3670 ἁπλῶς

335 3699 468 3769 ὑμῖν
510 3697 752 3768 ἱστορίας
785 3695 1094 3764 ἀναγνῶναι
1127 3692 1447 3763 βουλόμεθα,
1482 3692 1598 3746 ἀλλ’
1621 3691 1761 3746 ὥστε
1785 3693 2021 3748 ἕκαστον

336 3784 446 3838 τῶν
469 3783 830 3853 ἐνοχλούντων
857 3784 986 3852 ὑμῖν
1013 3779 1412 3853 διορθώσασθαι
1443 3793 1470 3820 ει
1500 3779 1692 3832 παθῶν
1710 3797 1724 3811 ο
1749 3779 1838 3833 διὰ
1862 3780 2021 3836 τοῦτο

337 3872 433 3926 καὶ
466 3874 708 3943 συνεχεῖς
751 3869 1050 3942 ποιούμεθα
1084 3869 1182 3933 τὰς
1217 3867 1505 3939 ἐντροπάς.
1549 3867 1888 3921 παντοδαπὸν
1923 3887 2021 3922 κα-

336 3961 767 4025 τασκευάζοντες
812 3961 942 4029 ὑμῖν
975 3957 1066 4012 τὸν
1099 3957 1277 4025 λόγον,
1324 3956 1510 4026 ἐπειδὴ
1557 3958 1652 4010 καὶ
1703 3957 2022 4010 παντοδαπὰ

337 4052 622 4120 νοσήματα
657 4052 715 4102 ἐν
747 4049 902 4118 δήμῳ
926 4046 1167 4116 τοσούτῳ
1208 4042 1345 4098 εἶναι
1373 4045 1540 4109 εἰκὸς,
1573 4045 1670 4098 καὶ
1698 4046 1796 4116 οὐχ
1841 4045 1900 4099 ἓν
1929 4046 2019 4099 ἐλ-

337 4153 436 4199 κος
461 4135 786 4208 θεραπεύειν
827 4135 1114 4206 πρόκειται
1166 4133 1350 4205 μόνον,
1377 4132 1517 4186 ἀλλά
1545 4132 1716 4187 πολλά
1761 4135 1854 4187 καὶ
1895 4134 2016 4190 διά-

339 4243 502 4296 φορα,
533 4225 622 4278 διὰ
647 4223 806 4277 τοῦτο
838 4225 931 4277 καὶ
963 4224 1206 4277 ποικίλον
1243 4220 1384 4276 εἶναι
1417 4222 1523 4296 χρὴ
1552 4224 1652 4292 τῆς
1673 4221 2020 4287 διδασκαλίας

338 4313 400 4366 τὸ
428 4312 734 4382 φάρμακον.
785 4310 1125 4380 Ἐπανίωμεν
1146 4309 1325 4364 τοίνυν
1367 4309 1491 4362 ὅθεν
1531 4309 1797 4380 ἐξέϐημεν
1848 4309 2022 4364 ταῦτα

339 4402 536 4454 εἰπεῖν.
589 4398 701 4454 Kal
754 4394 924 4453 εἶπεν
976 4401 1009 4453 ό
1064 4399 1288 4466 ἱερεύς·
1369 4397 1806 4467 Προσέλθωμεν
1865 4397 2015 4466 πρὸς

337 4488 448 4543 τὸν
486 4489 652 4543 Θεόν.
687 4486 797 4542 Kal
838 4484 1190 4556 ἐπηρώτησε
1223 4484 1426 4540 Σαοὺλ
1457 4487 1565 4539 τὸν
1599 4487 1782 4539 Θεόν·
1817 4488 1886 4539 El
1917 4504 2022 4540 κα-

337 4577 492 4633 ταϐῶ
540 4577 734 4631 όπίσω
787 4574 904 4629 τῶν
958 4573 1347 4642 ἀλλοφύλων,
1399 4572 1500 4626 καὶ
1542 4574 1598 4626 ει
1644 4573 2022 4642 παραδώσεις

337 4664 560 4731 αὐτοὺς
585 4666 672 4730 είς
701 4662 808 4728 τὰς
835 4659 1038 4731 χεῖράς
1057 4676 1209 4730 μου;
1237 4659 1348 4714 Kal
1385 4662 1497 4714 οὐκ
1520 4661 1829 4733 ,ἀπεκρίθη
1859 4660 2021 4727 αὐτῷ

337 4752 409 4806 ἐν
452 4750 525 4820 τῇ
563 4750 754 4820 ἡμέρᾳ
785 4749 986 4817 ἐκείνῃ
1033 4750 1065 4802 ό
1119 4747 1354 4817 Κύριος.
1408 4748 1552 4820 Ὅρα
1607 4748 1887 4820 πραότητα
1928 4749 2021 4802 καὶ

339 4837 646 4892 ἐπιείκειαν
695 4835 790 4889 τοῦ
847 4833 1232 4907 φιλανθρώπου
1287 4835 1448 4889 Θεοῦ·
1504 4835 1566 4888 06
1619 4835 1728 4906 γάρ
1778 4836 2022 4908 σκηπτὸν

339 4926 570 4998 ἀφῆκεν,
601 4924 722 4978 οὐδὲ
749 4924 848 4996 τὴν
876 4924 981 4994 γῆν
1012 4923 1241 4987 ἔσεισεν,
1278 4922 1393 4976 ἀλλ’
1425 4923 1454 4977 6
1490 4922 1631 4993 φίλοι
1666 4923 1803 4995 πρὸς
1833 4924 2022 4993 φίλους

339 5017 608 5082 ποιοῦσιν,
644 5016 864 5070 ἐπειδάν
910 5015 1230 5087 ὑϐρισθῶσι,
1261 5015 1420 5070 τοῦτο
1467 5015 1602 5086 πρὸς
1646 5013 1738 5068 τὸν
1764 5013 1948 5068 δοῦλον
1993 5018 2022 5069 6

340 5107 619 5178 Δεσπότης
651 5106 911 5176 ἐποίησε·
947 5105 1342 5178 παρεσιώπησε
1378 5106 1560 5177 μόνον,
1601 5105 1691 5160 διά
1717 5107 1816 5178 τῆς
1864 5108 2021 5178 σιγῆς

341 5195 715 5266 φθεγγόμενος
751 5196 846 5248 καὶ
872 5195 1052 5249 πᾶσαν
1081 5193 1489 5266 ἐνδεικνύμενος
1515 5194 1663 5264 αύτῷ
1700 5193 1798 5264 τὴν
1825 5195 2018 5266 όργήν.

340 5284 553 5338 Συνεῖδε
593 5282 751 5336 τοῦτο
782 5284 811 5336 6
844 5281 1185 5345 ΣαοῦλμΚαὶ
1205 5278 1355 5348 εἷπε,
1399 5281 1567 5353 φησί·
1604 5281 2022 5352 Προσαγάγετε

341 5372 448 5437 τὰς
476 5373 674 5440 φυλὰς
701 5370 808 5426 τοῦ
829 5370 1004 5435 λαοῦ,
1033 5371 1131 5425 καὶ
1163 5369 1350 5440 γνῶτε
1382 5370 1480 5423 καὶ
1514 5368 1670 5422 ιδετε
1694 5369 1764 5423 ἐν
1790 5371 1907 5423 τίνι
1937 5371 2026 5441 γέ-

343 5477 521 5529 πυνεν
560 5461 597 5528 ἡ
647 5459 905 5529 ἁμαρτία
955 5458 1108 5528 αὕτη
1162 5458 1451 5528 σήμερον,
1493 5457 1583 5510 ὅτι
1636 5455 1703 5527 ζῆ
1739 5459 1956 5528 Κύριος
1989 5462 2023 5514 ό

340 5546 551 5612 σώσας
580 5546 686 5600 τὸν
729 5546 990 5614 Ἰσραὴλ,
1023 5544 1114 5599 ὅτι
1144 5546 1254 5600 ἐὰν
1295 5543 1592 5614 ἀποκριθῇ
1621 5546 1773 5599 κατὰ
1825 5546 2022 5601 Ἰωνά-

341 5637 458 5688 θαν
494 5635 600 5688 τοῦ
635 5635 769 5688 υιοῦ
810 5653 950 5703 μου,
985 5633 1219 5698 θανάτῳ
1250 5633 1652 5688 ἀποθανεῖται.
1700 5628 1852 5699 Εἶδες
1887 5651 2020 5706 προ-

347 5721 601 5786 πέτειαν;
662 5721 786 5774 ἰδὼν
818 5721 908 5774 τὸν
944 5722 1207 5792 πρότερον
1253 5723 1414 5794 ὅρκον
1448 5721 1857 5793 παραϐαθέντα,
1903 5722 2023 5775 οὐδὲ

411 5895 427 5916 ³
453 5895 570 5943 Mor.
601 5895 703 5959 ἀλλ’
745 5895 868 5959 ὥστε
908 5895 1110 5959 ἕκαστον
1134 5897 1492 5959 διορθώσασθαι.
1537 5900 1647 5949 Sav.
1676 5901 1777 5952 ἀλλ’
1822 5901 2023 5954 ἕκαστον

349 5957 619 6007 διορθῶσαι.
649 5955 759 6004 Mox
783 5956 863 6004 alii
884 5956 959 6002 καὶ
985 5955 1319 6020 συνεχιῖις,’²1ᾕ
1335 5961 1413 6010 καὶ
1434 5963 1658 6028 συνεχεῖς,

1108 349 1166 408 S.
1205 347 1492 407 JOANNIS
1529 343 2028 405 CHRYSOSTOMI
2062 345 2380 404 ARCHIEP.
2418 347 2969 408 CONSTANTINOP.

3676 350 3777 406 150

2107 461 2249 515 οῦτω
2278 462 2686 534 σωφρονίζεται,
2731 466 2866 520 ἀλλὰ
2894 467 2988 520 καὶ
3018 462 3268 539 δεύτερον
3312 467 3637 539 προστίθησι
3669 467 3778 520 πά-

2107 547 2212 603 λιν.
2268 547 2376 601 Καὶ
2422 549 2613 604 σκόπει
2660 551 2910 605 διαϐόλου
2968 556 3324 624 κακουργίαν.
3399 554 3618 624 Ἐπειδὴ
3669 551 3778 622 γάρ

2110 632 2344 687 συνεῖδεν
2389 636 2472 688 ὅτι
2503 638 2762 702 πολλάκις
2798 641 2826 693 6
2871 643 3002 704 παῖς
3048 641 3322 712 φωραθεὶς
3365 641 3460 694 καὶ
3487 642 3570 703 είς
3611 640 3779 709 μέσον

2105 720 2376 790 ἐνεχθεὶς,
2427 721 2535 775 ἀπὸ
2576 722 2676 795 τῆς
2716 725 2890 795 ὅψεως
2947 729 3116 798 αὐτῆς
3171 729 3372 792 εὐθέως
3420 727 3510 780 τὸν
3563 727 3778 796 πατέρα

2106 808 2346 878 πραῧναι
2377 809 2598 864 δύναται
2625 813 2720 864 καὶ
2770 814 3008 881 μαλάξαι
3034 816 3122 868 τὸν
3153 813 3246 868 τοῦ
3281 815 3544 884 βασιλέως
3579 814 3776 885 θυμὸν,

2103 895 2372 965 δευτέρων
2401 897 2562 952 πάλιν
2591 900 2767 970 ὅρκων
2798 901 3010 969 ἀνάγκῃ
3037 902 3437 972 προκατέλαϐεν
3469 901 3633 956 αὐτοῦ
3675 902 3779 971 τὴν

2103 980 2348 1053 γνώμην,
2398 983 2570 1056 διπλῷ
2618 1003 2722 1039 τινι
2776 985 2959 1059 δεσμῷ
3008 989 3248 1059 κατέχων
3298 989 3489 1053 αὑτὸν,
3543 990 3636 1041 καὶ
3674 989 3778 1042 οὐκ

2105 1067 2285 1137 ἀφιεὶς
2317 1070 2415 1140 τῆς
2447 1071 2653 1136 οἰκείας
2689 1072 2940 1142 γενέσθαι
2974 1073 3198 1146 γνώμης
3229 1076 3435 1147 κύριον,
3471 1075 3607 1129 ἀλλά
3633 1093 3778 1130 παν-

2106 1155 2330 1226 ταχόθεν
2353 1158 2515 1211 αὑτὸν
2530 1159 2686 1213 ὠθῶν
2720 1162 2798 1224 είς
2813 1161 2912 1234 τὴν
2939 1162 3250 1233 παράνομον
3283 1163 3497 1234 ἐκείνην
3531 1165 3774 1233 σφαγήνι

2108 1243 2218 1296 Καὶ
2261 1242 2412 1296 οὔπω
2446 1245 2539 1298 τοῦ
2583 1248 2963 1318 ἡμαρτηκότος
3002 1249 3263 1318 φανέντος
3294 1249 3393 1321 τὴν
3440 1250 3620 1321 κρίσιν
3669 1267 3776 1302 πε-

2108 1329 2349 1399 ποίηται,
2378 1333 2470 1386 καὶ
2506 1333 2596 1386 τὸν
2618 1333 2810 1388 άλόντα
2828 1335 2927 1388 οὐκ
2956 1334 3110 1399 εἰδὼς
3126 1337 3464 1408 ἀπεφήνατο,
3501 1339 3591 1390 καὶ
3616 1339 3645 1390 6
3672 1355 3777 1390 πα-

2105 1415 2209 1488 τὴρ
2229 1418 2443 1487 ἐγένετο
2456 1419 2670 1490 δήμιος,
2687 1421 2780 1474 καὶ
2803 1421 2908 1493 πρὸ
2926 1423 3023 1492 τῆς
3048 1422 3340 1488 ἐξετάσεως
3367 1425 3465 1496 τὴν
3483 1424 3780 1479 καταδικά-

2109 1503 2308 1568 ζουσαν
2325 1505 2504 1576 ψῆφον
2525 1507 2804 1579 ἐξήνεγκε.
2830 1509 2894 1561 Τί
2915 1508 3101 1562 τούτου
3119 1509 3311 1579 γένοιτ’
3329 1511 3394 1564 ἂν
3412 1510 3777 1582 ἁλογώτερονς

2177 1599 2241 1648 ε’.
2259 1593 2444 1648 Ταῦτα
2476 1595 2653 1649 τοίνυν
2676 1596 2919 1660 εἰπόντος
2947 1597 3040 1650 τοῦ
3071 1598 3262 1664 Σαοὺλ,
3297 1597 3495 1669 μᾶλλον
3515 1598 3721 1651 ἔδεισεν
3748 1600 3780 1651 6

2107 1679 2299 1750 δῆμος,
2344 1682 2440 1735 καὶ
2469 1681 2668 1746 πάντες
2695 1678 2834 1754 ἦσαν
2869 1685 2926 1736 ἐν
2954 1684 3138 1756 τρόμῳ
3175 1685 3268 1738 καὶ
3311 1685 3460 1756 φόϐῳ
3501 1683 3684 1754 πολλῷ
3706 1702 3720 1714 ·
3749 1689 3780 1739 6

2107 1766 2166 1820 δὲ
2192 1766 2435 1832 διάϐολος
2465 1769 2651 1840 ἔχαιρε
2682 1771 2886 1835 πάντας
2902 1773 2958 1825 ἐν
2981 1773 3227 1844 ἀγωνίᾳδ
3250 1771 3398 1845 [148]
3411 1773 3776 1844 καταστήσας.

2113 1857 2195 1910 οὐ
2223 1857 2330 1926 γὰρ
2357 1853 2436 1927 ἦν
2474 1860 2507 1912 d
2543 1859 3030 1930 ἀποκρινόμενος,
3068 1861 3254 1933 φησὶν,
3294 1861 3362 1915 ἐκ
3396 1859 3626 1927 παντὸς
3668 1859 3777 1914 τοῦ

2107 1944 2278 1999 λαοῦ.
2315 1945 2424 1999 Kal
2449 1941 2580 2000 εἷπε
2621 1949 2853 2004 Σαούλο
2897 1949 3091 2020 Ὑμεῖς
3114 1949 3333 2004 ἔσεσθε
3357 1951 3442 2014 εὶς
3465 1947 3776 2012 δουλείαν,

2111 2033 2210 2086 καί
2242 2033 2358 2105 ἐγὼ
2388 2035 2489 2089 καί
2526 2037 2808 2094 Ἰωνάθαν
2836 2042 2868 2093 ὁ
2911 2041 3043 2106 υίός
3079 2057 3199 2109 μου
3243 2041 3331 2106 εὶς
3370 2037 3676 2092 δουλείαν.
3713 2037 3782 2091 '0

2109 2118 2164 2173 δὲ
2189 2120 2335 2189 λέγει
2361 2123 2598 2177 τοιοῦτόν
2622 2126 2769 2180 ἐστιν
2791 2142 2804 2156 ·
2824 2127 2989 2181 Οὐδὲν
3010 2127 3195 2198 ἐτερον
3214 2123 3565 2189 σπουδάζετε,
3591 2126 3783 2196 φησὶν,

2111 2207 2226 2262 ἀλλ’
2250 2209 2285 2281 ἢ
2313 2213 2423 2272 τοῖς
2459 2210 2738 2282 πολεμίοις
2765 2213 2907 2284 ὑμᾶς
2938 2212 3271 2284 παραδοῦναι
3297 2213 3386 2266 καὶ
3413 2212 3632 2274 δούλους
3663 2213 3783 2267 ἀντ’

2111 2295 2410 2368 ἐλευθέρων
2444 2299 2693 2370 ποιῆσαι,
2722 2300 2814 2354 τὸν
2845 2301 2980 2354 Θεὸν
3022 2301 3142 2355 καθ’
3178 2299 3332 2372 ὑμῶν
3359 2299 3784 2371 παροξύναντες.

2110 2388 2189 2459 τῷ
2224 2388 2298 2462 μὴ
2325 2389 2522 2444 διδόναι
2564 2391 2658 2444 τὸν
2690 2391 3010 2446 ὑπεύθυνον.
3059 2393 3200 2462 Ὅρα
3239 2390 3295 2443 δέ
3337 2392 3431 2444 καὶ
3479 2389 3642 2460 ἀλλην
3675 2388 3789 2442 61:6

2112 2475 2207 2530 τοῦ
2237 2477 2399 2547 ὅρκου
2436 2477 2726 2549 γινομένην
2757 2478 3086 2532 ἐναντίωσιν.
3120 2479 3248 2531 Δέον
3283 2477 3410 2549 γάρ,
3443 2476 3599 2547 εἴπερ
3625 2475 3792 2528 ἐϐού-

2112 2559 2234 2616 λετο
2262 2562 2354 2616 τὸν
2384 2563 2553 2616 αἴτιον
2591 2564 2792 2635 εὑρεῖν,
2828 2563 2992 2635 μηδὲν
3039 2563 3328 2635 ἀπειλῆσαι
3360 2563 3592 2629 τοιοῦτο,
3647 2561 3790 2632 μηδὲ

2113 2649 2262 2720 ὅρκῳ
2288 2649 2586 2721 καταδῆσαι
2613 2649 2712 2722 τὴν
2743 2651 3032 2723 τιμωρίαν,
3066 2653 3130 2706 ἵν’
3158 2651 3466 2722 ἀδεέστεροι
3498 2649 3789 2720 γενόμενοι

2115 2738 2534 2810 προχειρότερον
2563 2741 2644 2804 είς
2683 2739 2844 2810 μέσον
2879 2742 3126 2812 ἀγάγωσι
3161 2743 3252 2795 τὸν
3285 2741 3582 2795 ὑπεύθυνον
3606 2756 3622 2770 ·
3655 2742 3684 2793 6
3731 2739 3791 2793 δὲ

2115 2823 2220 2877 ὑπὸ
2243 2826 2415 2896 θυμοῦ
2443 2828 2538 2879 καὶ
2569 2827 2764 2897 μανίας
2785 2828 2985 2900 πολλῆς
3009 2831 3103 2883 καὶ
3130 2830 3227 2901 τῆς
3253 2829 3521 2901 προτέρας
3541 2827 3790 2896 ἀλογίας.

2117 2910 2277 2964 πάλιν
2305 2913 2612 2966 τούναντίον
2642 2914 2786 2987 ἥπερ
2819 2907 3064 2986 βούλεται
3109 2919 3270 2969 ποιεῖ.
3301 2917 3366 2969 Τί
3411 2916 3489 2968 δεῖ
3519 2915 3588 2968 τά
3619 2915 3794 2968 πολλά

2115 2997 2328 3068 λέγεινς
2360 3000 2562 3072 Κλήρῳ
2589 3002 2649 3055 τὸ
2679 3005 2912 3074 πρᾶγμα
2943 3004 3232 3075 ἐπέτρεψε,
3262 3005 3357 3057 καὶ
3380 3003 3791 3073 κατακληροῦν-

2116 3103 2207 3140 ται
2237 3097 2260 3126 ο
2309 3086 2482 3141 Σαοὺλ
2531 3087 2624 3141 καὶ
2666 3088 2938 3144 Ἰωνάθαν.
2985 3090 3097 3143 Kal
3136 3086 3265 3144 εἷπε
3301 3090 3530 3143 Σαούλ·
3564 3089 3794 3142 Βάλετε

2119 3171 2352 3241 κλῆρον
2391 3173 2510 3228 ἀνὰ
2563 3175 2756 3245 μέσον
2790 3176 2936 3245 ἐμοῦ
2983 3177 3080 3230 καὶ
3146 3176 3444 3231 Ἱωνιίθαν⁸
3497 3177 3594 3230 καὶ
3631 3176 3794 3240 ,βάλ-

2117 3263 2302 3315 λουσι
2351 3260 2603 3330 κλῆρον,
2658 3261 2756 3316 καί
2794 3263 3270 3332 κατααηροῦται
3333 3261 3634 3319 ἰωνάθαν.
3675 3264 3791 3317 Kal

2117 3343 2250 3404 εἷπε
2306 3349 2507 3404 Σαοὺλ
2559 3348 2710 3418 πρὸς
2767 3349 3039 3404 Ἱωνάθαν
3057 3366 3072 3381 ο
3146 3349 3534 3419 Ἀπάγγειλόν
3575 3368 3680 3418 μοι
3734 3351 3796 3404 τι

2119 3437 2431 3506 ἐποίησας.
2483 3437 2593 3492 Kal
2630 3435 2996 3507 ἀπήγγειλεν
3035 3437 3195 3503 αὐτῷ
3251 3435 3755 3506 ’1ωνάθαν,.ῑέτων
3775 3454 3791 3468 ο

2120 3522 2507 3594 Γευσάμενος
2536 3522 2880 3595 ἐγευσάμην
2909 3525 2981 3579 ἐν
3007 3525 3168 3594 ἄκρῳ
3199 3524 3278 3590 τῷ
3307 3524 3594 3594 σκήπτρῳ
3616 3525 3689 3578 ἐν
3719 3526 3796 3594 τῇ

2121 3611 2277 3683 χειρί
2299 3629 2421 3682 μου
2456 3611 2673 3680 μικρὸν
2703 3611 2772 3666 ἐκ
2820 3611 2928 3666 τοῦ
2966 3611 3210 3682 μέλιτος
3251 3611 3277 3650 ἀ
3301 3629 3316 3642 ο
3366 3612 3464 3666 καί
3499 3611 3628 3666 ὶδοὺ
3678 3613 3798 3681 ἐγὼ

2121 3698 2508 3769 ἀποθνήσκω.
2539 3698 2675 3754 Τίνα
2706 3698 2805 3752 οὐκ
2841 3698 2908 3754 ἂν
2955 3699 3264 3770 ἐπέκαμψε,
3307 3699 3428 3752 τίνα
3472 3702 3574 3751 οὒκ
3615 3699 3683 3751 ἂν
3711 3701 3796 3762 εἰς

2120 3785 2301 3842 οἶκτον
2327 3788 2524 3859 ἤνεγκε
2553 3785 2728 3841 ταῦτα
2773 3786 2842 3840 τά
2881 3787 3138 3858 pium-ca;
3200 3786 3480 3857 Ἐννόησον
3525 3787 3650 3838 ὅσον
3679 3804 3798 3856 χει-

2123 3875 2278 3948 μῶνα
2320 3873 2506 3928 λοιπὸν
2544 3876 2573 3929 ὁ
2601 3873 2773 3928 Σαοὺλ
2812 3874 3090 3946 ὑπέμεινε,
3119 3873 3226 3928 τῶν
3257 3873 3578 3943 σπλάγχνων
3626 3872 3800 3926 αὑτοῦ

2119 3962 2597 4034 διακοπτομένων,
2652 3960 2747 4015 καὶ
2793 3960 3133 4032 ἑκατέρωθεν
3185 3959 3487 4030 βαθυτάτου
3540 3961 3797 4030 κρημνοῦ

2121 4051 2478 4124 φαινομένου·
2511 4049 2629 4104 ἀλλ’
2661 4051 2812 4120 ὅμως
2841 4047 2961 4103 οὐδὲ
2989 4047 3161 4112 οὕτως
3193 4045 3609 4119 ἐσωφρονίζετο,
3657 4047 3798 4102 ἀλλὰ

2119 4141 2173 4194 τί
2221 4156 2389 4210 φησι;
2428 4137 2572 4192 Τάδε
2607 4135 2856 4204 ποιήσαι
2897 4153 2999 4206 μοι
3035 4137 3068 4190 ό
3104 4135 3266 4202 Θεὸς,
3305 4135 3404 4189 καὶ
3441 4133 3582 4188 τάδε
3604 4149 3797 4202 προσ-

2121 4228 2272 4295 θείη,
2322 4226 2413 4280 ὅτι
2458 4224 2690 4288 θανάτῳ
2735 4222 3009 4292 ἀποθανῇ
3063 4223 3352 4291 σήμερον.
3434 4222 3564 4274 Ἰδοὺ
3613 4222 3801 4290 τρίτος

2120 4315 2281 4386 ὅρκος
2312 4313 2492 4378 πάλιν,
2525 4311 2620 4365 καὶ
2656 4311 2777 4365 οὐδέ
2820 4311 3005 4374 ἁπλῶς
3033 4311 3234 4381 τρίτος,
3262 4310 3397 4362 ἀλλά
3427 4309 3566 4379 μετά
3592 4309 3798 4379 πολλῆς

2120 4403 2220 4472 τῆς
2247 4401 2341 4455 τοῦ
2385 4398 2578 4472 καιροῦ
2613 4399 3003 4470 στενοχωρίας·
3041 4399 3102 4451 06
3146 4398 3255 4468 γάρ
3287 4393 3437 4450 εἶπεν
3470 4397 3680 4461 ἁπλῶς,
3716 4399 3800 4450 ὅτι

2135 4486 2460 4557 Ἀποθανῇ,
2505 4486 2663 4552 ἀλλά,
2713 4485 3002 4556 Σήμερον.
3056 4487 3288 4554 Ἥπειγε
3335 4484 3462 4556 γάρ,
3502 4486 3731 4554 ἤπειγεν
3771 4488 3801 4539 6

2120 4577 2363 4639 διάϐολος
2393 4575 2648 4630 συνωθῶν
2681 4573 2774 4628 καὶ¹
2806 4573 3142 4628 συνελαύνων
3166 4573 3327 4625 αὐτὸν
3373 4576 3452 4636 εἰς
3477 4573 3577 4642 τὴν
3610 4575 3796 4644 παρά-

2121 4683 2284 4736 νομον
2333 4663 2540 4734 ταύτην
2585 4663 2821 4733 σφαγήν.
2873 4660 3069 4731 Διόπερ
3111 4662 3210 4713 οὐκ
3241 4659 3465 4730 ἀφίησιν
3501 4660 3624 4713 οὐδέ
3655 4677 3799 4729 προ-

2123 4753 2356 4824 θεσμίαν
2402 4749 2584 4806 δοῦναι
2623 4753 2690 4822 τῇ
2731 4749 2916 4821 ψήφῳ,
2955 4747 3044 4802 ῐνα
3075 4747 3314 4819 μηδεμία
3337 4747 3444 4800 61:6
3471 4747 3569 4818 τῆς
3596 4748 3800 4818 μελλή-

2123 4859 2262 4905 σεως
2289 4840 2575 4912 διόρθωσις
2623 4837 2848 4910 γένηται
2880 4835 2975 4890 τοῦ
3028 4833 3219 4889 κακοῦ.
3263 4835 3372 4888 Καὶ
3418 4830 3628 4888 είπενό
3670 4835 3800 4898 λαὸς

2121 4928 2261 5001 πρὸς
2302 4925 2511 4979 Σαούλ·
2568 4923 2714 4978 Τάδε
2746 4923 2996 4990 ποιήσαι
3045 4922 3190 4991 ἡμῖν
3233 4925 3265 4976 ό
3315 4922 3480 4988 Θεὸς,
3510 4921 3608 4975 καί
3654 4921 3799 4975 τάδε

2123 5015 2433 5086 προσθείη,
2455 5015 2508 5067 εί
2541 5012 2772 5080 θανάτῳ
2806 5011 3287 5079 θανατωθήσεται
3315 5013 3348 5064 ό
3377 5008 3640 5078 ποιήσας
3681 5009 3799 5078 τὴν

2121 5103 2424 5173 σωτηρίαν
2450 5101 2566 5170 τὴν
2607 5099 2883 5171 μεγάλην
2919 5097 2998 5164 τῷ
3057 5097 3323 5166 Ἰσραήλ.
3366 5095 3453 5166 Ζῇ
3480 5098 3716 5166 Κύριος,
3745 5101 3800 5152 ει

2123 5191 2391 5246 πεσεῖται
2429 5189 2539 5259 τῆς
2583 5191 2786 5258 τριχὸς
2827 5187 2938 5257 τῆς
2981 5186 3253 5256 κεφαλῆς
3298 5185 3485 5241 αὐτοῦ
3538 5185 3638 5238 ἐπὶ
3681 5186 3800 5254 τὴν

2121 5277 2258 5350 γῆν,
2292 5279 2383 5333 ὅτι
2411 5277 2590 5333 ἔλεον
2619 5276 2766 5331 Θεοῦ
2797 5277 3088 5345 ἐποίησεν
3128 5275 3198 5328 ἐν
3233 5272 3308 5343 τῆ
3353 5275 3541 5342 ἡμέρα
3587 5274 3795 5340 ταύτη-

2137 5368 2268 5423 ἰδοὺ
2295 5367 2391 5423 καὶ
2415 5370 2443 5422 6
2472 5367 2644 5439 δῆμος
2664 5365 2915 5434 δεύτερον
2947 5362 3153 5434 ὤμοσε,
3182 5363 3275 5417 καὶ
3301 5361 3581 5431 ἀντώμοσε
3610 5361 3687 5429 τῷ
3712 5364 3801 5429 ζόαν

2127 5457 2281 5514 σιλεῖ.
2309 5455 2424 5510 Νῦν
2444 5451 2826 5525 ἀναμνήσθητέ
2856 5469 2947 5523 μοι
2978 5451 3072 5506 τοῦ
3103 5451 3366 5506 καλωδίου
3397 5451 3487 5504 τοῦ
3517 5450 3665 5520 παρα
3691 5451 3800 5502 τῶν

2125 5545 2330 5599 παίδων
2357 5543 2674 5614 ἑλκομένου,
2705 5541 2799 5596 καὶ
2829 5539 3298 5612 διαρῤηγνυμένου
3325 5539 3420 5592 καὶ
3455 5538 3576 5598 τοὺς
3607 5535 3797 5589 ἐλκονο

2123 5650 2221 5696 τας
2249 5632 2531 5703 ῥίπτοντος
2561 5628 2803 5692 ὑπτίους.
2835 5627 3068 5698 Ὤμοσεν
3089 5629 3118 5681 6
3144 5626 3334 5688 Σαοὺλ,
3361 5625 3458 5694 οὐχ
3483 5622 3651 5687 ἅπαξ,
3673 5624 3798 5677 οὐδὲ

2187 5774 2216 5815 δ
2242 5776 2337 5826 Alii
2361 5788 2458 5824 uno
2479 5773 2630 5823 verbo
2651 5773 2945 5835 ἐναγωνίους.

2185 5839 2208 5868 ο
2239 5837 2355 5886 Mor.
2381 5829 2806 5897 κατακληροῦνται,
2829 5833 2914 5897 alii
2937 5829 3333 5897 κατακληροῦται.
3365 5829 3484 5878 infra
3509 5843 3620 5879 mss.
3639 5832 3795 5891 plur?-

2125 5900 2188 5949 Ini
2209 5900 2296 5947 ἆ.νά
2320 5898 2463 5956 μέσον
2488 5893 2623 5956 ἐμοῦ,
2645 5898 2725 5944 καὶ
2746 5897 2834 5944 ἀνὰ
2858 5895 3002 5956 μέσον
3038 5893 3273 5956 Ἰωνάθαν.

2185 5959 2209 6000 ἀ
2234 5960 2305 6012 lla
2322 5952 2438 6010 'Sav.
2469 5952 2523 6008 εί
2541 5952 2748 6009 maxima
2773 5952 2882 6020 pars
2901 5969 3016 6009 mss.
3043 5955 3160 6007 Mor.
3187 5967 3301 6006 vero
3328 5953 3490 6018 μικρὸν
3514 5952 3638 6013 μέλι.
