3912 6230
245 276 342 331 H9

312 392 637 448 Meretricum
663 409 844 449 mores.
869 423 936 435 â€”-
955 393 1203 451 Meretrix
1232 397 1373 453 enim
1400 411 1582 453 amare
1616 397 1823 464 nescit,

239 483 334 539 sed
365 485 644 540 insidiatur
688 495 925 555 tantum;
957 503 1217 543 venenum
1269 489 1428 545 habet
1472 490 1636 561 ipsius
1666 503 1826 545 oscu-

240 575 372 640 lum,
395 585 450 630 et
477 578 708 632 toxicum
739 579 1096 649 perniciosum
1123 595 1204 635 os.
1254 580 1308 636 Si
1334 596 1461 636 vero
1504 597 1611 637 non
1649 582 1828 637 statim

239 681 491 740 apparet,
521 669 640 725 ideo
669 673 838 742 magis
865 672 1031 743 ipsam
1087 673 1270 744 fugere
1294 682 1543 744 Oportet,
1573 676 1826 746 quoniam

238 762 438 833 obtegit
484 763 772 831 perniciem
801 774 856 819 et
889 777 1114 820 mortem
1157 767 1317 822 habet
1351 767 1574 824 celatum
1599 811 1616 836 ,
1649 785 1749 824 nec
1798 785 1826 823 a

239 855 544 923 primordiis
576 859 907 914 manifestam
933 874 1191 929 apparere
1239 862 1516 930 permittit.
1574 861 1754 933 ltaque
1780 861 1827 918 si

238 947 355 1016 quis
371 948 694 1018 voluptatem
711 961 948 1007 sectatur
960 961 1012 1006 ct
1028 954 1188 1006 vitam
1200 952 1396 1008 lwtitize
1412 953 1642 1022 plenam,
1663 952 1829 1008 forni-

237 1038 471 1094 cautium
501 1043 770 1096 consortia
796 1044 1081 1100 mulierum
1112 1044 1274 1116 fugiat
1297 1063 1309 1100 :
1331 1045 1483 1101 bellis
1496 1047 1637 1102 enim
1665 1046 1825 1101 innu-

237 1129 398 1183 meris
426 1140 480 1185 et
509 1133 821 1195 tumultibus
849 1143 1145 1190 amatorum
1176 1135 1385 1192 animos
1415 1136 1655 1206 implent,
1685 1152 1817 1192 con-

239 1221 412 1277 tinuas
457 1209 587 1293 ipsis
632 1241 839 1296 pugnas
869 1227 1345 1296 contentionesque
1374 1229 1704 1284 concitantes
1730 1244 1826 1299 per

236 1315 418 1379 verba,
447 1330 542 1386 per
569 1332 730 1388 opera
757 1321 971 1375 omnia:
1001 1328 1058 1375 et
1098 1322 1234 1376 sicut
1260 1321 1492 1377 hostium
1521 1320 1823 1376 inimicissi-

236 1405 342 1469 mi,
375 1405 456 1460 sic
484 1406 723 1476 profecto
767 1418 824 1463 et
852 1410 934 1464 ha:
962 1411 1139 1465 omnia
1168 1410 1367 1465 faciunt
1395 1419 1450 1466 et
1488 1411 1824 1480 negotiantur

235 1493 299 1548 ad
325 1495 432 1550 hoc
457 1537 471 1561 ,
501 1508 559 1552 ut
587 1498 686 1568 ipsi
715 1500 767 1554 in
797 1500 1138 1570 ignominiam
1170 1511 1224 1556 et
1249 1511 1617 1572 paupertatem
1644 1511 1822 1556 extre-

235 1602 430 1656 maque
469 1590 608 1644 mala
657 1591 914 1647 incidant.
960 1593 1021 1650 Et
1051 1595 1498 1665 quemadmodum
1539 1602 1821 1650 venatores

236 1679 438 1734 retibus
463 1683 701 1737 extensis
727 1684 1010 1755 sylvestria
1035 1685 1284 1741 animalia
1310 1686 1598 1741 immittere
1623 1701 1816 1757 aggre-

235 1770 482 1845 diuntur,
512 1782 568 1828 ut
596 1775 708 1845 ipsa
732 1774 1018 1845 jugulent:
1052 1777 1122 1832 ita
1151 1787 1206 1832 et
1228 1777 1310 1832 hae
1345 1786 1624 1847 postquam
1665 1777 1820 1833 lasci-

243 1869 341 1923 viae
368 1885 572 1940 pennas
593 1870 827 1940 undique
837 1869 1178 1926 extenderint
1205 1885 1300 1941 per
1323 1869 1505 1926 oculos
1529 1879 1582 1926 et
1609 1869 1820 1927 habitus
1850 1925 1862 1937 ,

233 1968 287 2013 et
309 1960 470 2016 verba
495 2001 511 2027 ,
541 1971 724 2030 postea
745 1975 872 2016 suos
901 1961 1146 2032 injiciunt
1167 1971 1434 2017 amatores
1455 1971 1508 2018 et
1535 1961 1812 2033 colligant,

233 2065 337 2105 non
369 2052 515 2121 prius
535 2053 855 2109 absistentes
874 2095 890 2120 ,
910 2069 1068 2124 quam
1089 2062 1144 2109 et
1166 2055 1402 2124 ipsorum
1428 2069 1672 2110 cruorem
1702 2055 1818 2110 ebi-

232 2141 430 2210 berint,
463 2144 776 2200 insultantes
803 2146 1161 2215 postmodum,
1193 2155 1248 2201 et
1270 2146 1507 2216 ipsorum
1536 2146 1818 2202 stultitiam

231 2245 534 2304 carpentes,
561 2245 617 2291 et
635 2237 858 2291 multum
885 2236 954 2292 de
983 2237 1109 2307 ipsis
1132 2240 1295 2292 risum
1316 2237 1619 2293 fundentes.
1635 2237 1817 2308 Neque

231 2327 370 2382 enim
394 2338 451 2382 ut
487 2329 908 2386 misericordiam
957 2330 1190 2385 inveniat
1218 2329 1407 2400 dignus
1434 2337 1516 2384 est
1543 2329 1816 2400 huiusmo-

232 2418 282 2472 di
305 2459 321 2484 ,
368 2416 465 2474 sed
497 2428 554 2474 ut
597 2419 906 2476 derideatur
942 2429 994 2475 ct
1033 2419 1342 2476 mordeatur
1368 2462 1386 2487 ,
1415 2436 1536 2476 cum
1568 2420 1812 2485 muliere,

231 2516 284 2561 c-t
330 2508 554 2564 muliere
606 2510 894 2565 meretrice
932 2510 1176 2566 stolidior
1215 2520 1490 2580 appareat.
1523 2511 1813 2580 Propterea

231 2612 414 2652 rursus
433 2613 530 2653 nos
554 2598 807 2655 admonet
835 2602 1049 2670 sapiens
1075 2601 1162 2657 ille
1184 2615 1303 2656 cum
1334 2601 1489 2655 dicit:
1519 2599 1642 2655 Bibe
1657 2617 1815 2671 aquas

231 2689 292 2742 de
316 2691 447 2744 casis
475 2692 571 2745 tuis
595 2700 641 2745 et
672 2691 734 2746 de
758 2701 958 2746 tuorum
988 2701 1250 2763 puteorum
1277 2697 1420 2764 [ante
1437 2710 1456 2746 :
1482 2702 1536 2748 et
1564 2709 1774 2747 rursum
1794 2733 1811 2760 ,

227 2779 408 2836 Cervus
434 2783 670 2838 amicitiis
689 2793 737 2838 et
759 2783 932 2854 pullus
968 2795 1168 2860 tuarum
1195 2785 1474 2855 gratiarum
1497 2793 1816 2838 conversetur

228 2883 385 2927 terum
415 2874 434 2945 (
461 2873 617 2930 Prov.
665 2877 719 2935 5.
760 2878 846 2933 15.
883 2891 932 2934 et
970 2896 1081 2950 sqq.
1120 2875 1175 2947 ):
1204 2875 1270 2931 de
1296 2891 1460 2932 uxore
1488 2892 1583 2946 per
1605 2877 1815 2947 nuptia-

228 2982 342 3021 rum
369 2968 540 3038 legem
563 2969 900 3026 cohabitante
918 2971 1037 3025 talia
1066 2971 1249 3026 dicens
1273 2989 1285 3024 :
1319 2971 1460 3040 Quid
1487 2970 1813 3042 derelinquis

225 3059 562 3128 adjutricem,
597 3069 651 3116 et
674 3061 742 3116 ad
770 3063 1150 3118 insidiatricem
1172 3062 1387 3118 curris?
1418 3063 1542 3134 quid
1566 3065 1689 3118 vita:
1715 3078 1810 3119 so-

224 3152 356 3204 ciam
385 3153 652 3208 aversaris
678 3193 693 3218 ,
727 3162 780 3207 et
802 3169 956 3220 eam,
1000 3169 1120 3224 qua:
1163 3153 1323 3208 vitam
1369 3165 1512 3208 tuam
1551 3153 1814 3210 subvertit

225 3243 488 3298 sectaris?
519 3243 642 3299 Hzec
685 3245 988 3300 membrum
1038 3256 1183 3301 tuum
1223 3254 1277 3300 et
1321 3260 1514 3316 corpus
1549 3254 1677 3311 est;
1723 3245 1810 3300 illa

224 3337 428 3405 gladius
457 3350 662 3396 acutus.
697 3339 1021 3410 Propterea,
1053 3341 1278 3408 dilecti,
1304 3341 1468 3413 fugite
1496 3341 1810 3398 fornicatio-

225 3444 340 3482 nem
367 3438 422 3484 et
454 3441 674 3500 propter
702 3433 984 3502 praesentia
1014 3433 1154 3486 mala
1186 3473 1200 3496 ,
1248 3443 1302 3488 et
1331 3440 1552 3503 propter
1595 3448 1808 3504 ptenam

223 3520 474 3574 futuram.
519 3521 678 3577 Forte
714 3533 1028 3593 argumento
1070 3525 1335 3580 excidisse
1380 3527 1626 3580 videmur
1655 3567 1671 3593 ,
1711 3526 1808 3582 sed

224 3607 321 3664 hoc
340 3625 446 3664 non
474 3619 557 3666 est
576 3611 861 3678 excidere;
899 3630 1006 3668 non
1046 3615 1185 3673 enim
1227 3612 1481 3670 historias
1502 3615 1653 3672 vobis
1674 3617 1808 3672 sim-

224 3699 430 3768 pliciter
466 3702 648 3772 legere
677 3704 920 3759 volumus
943 3746 959 3770 ,
1006 3705 1098 3759 sed
1143 3707 1499 3776 nequitiarum
1535 3721 1632 3779 vos
1671 3705 1808 3762 inte-

223 3792 476 3846 stantinm
517 3809 786 3865 quamque
829 3796 1127 3866 corrigere:
1162 3796 1281 3851 ideo
1310 3795 1620 3868 frequentes
1657 3798 1808 3854 vobis

223 3879 559 3938 immittimus
602 3886 970 3955 correptiones
1003 3928 1016 3951 ,
1060 3887 1264 3942 varium
1305 3887 1456 3943 vobis
1503 3903 1806 3944 sermonem

221 3982 594 4029 construentes
615 4016 630 4041 ,
655 3978 782 4046 quia
801 3978 972 4033 varias
994 3979 1345 4049 :egritudines
1363 3980 1414 4034 in
1434 3989 1582 4036 tanto
1609 3982 1805 4051 populo

219 4077 334 4119 esse
357 4066 649 4122 verisimile
675 4077 756 4123 est
785 4087 798 4121 :
849 4085 949 4126 nec
989 4087 1151 4126 unum
1194 4071 1366 4128 solum
1395 4088 1586 4128 curare
1615 4074 1806 4130 vulnus

219 4158 367 4212 nobis
396 4162 730 4230 propositum
757 4163 970 4229 est,sed
995 4166 1156 4219 multa
1190 4177 1247 4221 et
1276 4166 1451 4221 varia:
1483 4165 1684 4222 idcirco
1703 4183 1799 4221 va-

219 4250 352 4306 rium
390 4253 558 4307 etiam
598 4270 720 4310 esse
757 4257 1015 4311 doctrinm
1064 4258 1512 4314 medicamentum
1563 4267 1796 4330 oportet.

219 4343 523 4402 Redeamus
555 4347 716 4417 igitur
742 4365 808 4404 eo
835 4391 850 4415 ,
881 4351 1022 4406 unde
1069 4351 1292 4422 digressi
1322 4368 1507 4409 sumus
1540 4394 1555 4420 ,
1600 4364 1658 4410 ut
1687 4355 1802 4414 haec

215 4435 533 4495 diceremus.
585 4440 651 4494 Et
687 4442 814 4496 dixit
856 4444 1130 4498 sacerdos:
1161 4445 1470 4500 Accedamus
1511 4446 1579 4500 ad
1616 4445 1799 4502 Deum.

215 4526 278 4582 Et
302 4527 464 4584 Deum
488 4531 622 4588 Î´Î±Î¹á½¶á½·
643 4534 1004 4606 interrogavit:
1025 4536 1100 4588 Au
1119 4538 1417 4590 descendam
1434 4547 1546 4608 post
1561 4538 1802 4609 alienige-

213 4638 320 4689 nas,
346 4635 393 4677 et
411 4625 581 4678 trades
611 4626 749 4695 ipsos
778 4628 827 4680 iu
853 4645 1031 4682 manus
1057 4646 1190 4682 meas
1212 4630 1237 4683 Î£)
1277 4628 1344 4682 Et
1365 4647 1466 4684 non
1482 4632 1738 4702 respondit
1755 4632 1801 4686 ei

211 4715 260 4767 in
285 4715 367 4768 die
385 4717 481 4770 illa
503 4715 846 4789 Dominusâ€œ.
868 4717 994 4790 Reg.
1021 4721 1107 4775 M.
1139 4721 1226 4778 56.
1261 4722 1370 4792 3.7).
1393 4721 1624 4793 Respice
1649 4722 1800 4778 beni-

207 4805 462 4874 gnitatem
501 4817 555 4863 et
588 4809 1054 4865 mansuetudinem
1082 4812 1487 4869 clementissimi
1531 4813 1647 4869 Dei.
1681 4814 1797 4869 Non

211 4899 346 4953 enim
399 4900 604 4956 fulmen
649 4905 872 4959 immisit
901 4947 915 4970 ,
947 4921 1119 4977 neque
1151 4919 1346 4963 terram
1376 4912 1676 4975 concussit;
1701 4911 1797 4967 sed

207 4992 341 5060 quod
374 4994 426 5048 in
451 4996 659 5053 amicos
673 4999 829 5053 amici
864 4999 1083 5066 faciunt,
1109 5001 1322 5070 quando
1343 5004 1684 5060 contumeliis
1713 5004 1795 5060 af-

208 5079 323 5138 fecti
347 5082 589 5150 fuerint,
623 5087 724 5142 hoc
754 5101 806 5144 et
835 5089 886 5144 in
914 5106 1126 5145 servum
1160 5092 1416 5147 Dominus
1444 5093 1604 5149 fecit:
1633 5098 1797 5152 tacuit

208 5178 402 5228 tantum
432 5217 448 5242 ,
500 5191 595 5245 per
636 5178 905 5234 silcnlium
951 5180 1176 5251 loquens
1225 5194 1277 5237 et
1321 5200 1535 5238 omnem
1565 5186 1665 5255 ipsi
1695 5187 1793 5241 dc-

207 5277 508 5321 monstrans
544 5268 981 5338 indignationem.
1005 5270 1265 5342 Cognovit
1286 5273 1388 5328 hoc
1409 5275 1545 5342 Sil-li
1570 5318 1584 5341 ,
1621 5276 1685 5329 Et
1709 5278 1792 5330 dio

205 5354 306 5408 ait:
335 5357 598 5412 Adducite
641 5377 814 5414 omnes
860 5363 1018 5418 tribus
1066 5365 1247 5434 populi
1260 5407 1301 5442 ,Îµ
1310 5356 1678 5449 etucagnoscite
1703 5385 1721 5422 :
1748 5379 1793 5422 rt

208 5449 357 5503 videte
384 5452 437 5504 in
475 5468 578 5520 quo
614 5457 802 5522 factum
828 5465 898 5508 est
927 5457 1078 5510 hodie
1108 5468 1367 5528 peccatum
1397 5449 1491 5526 hoc
1510 5502 1524 5527 ,
1551 5463 1792 5532 quoniam

205 5542 308 5595 vivit
362 5541 619 5598 Dominus
643 5587 658 5610 ,
709 5549 795 5616 qui
834 5549 1026 5604 salvum
1067 5552 1184 5621 fecit
1224 5533 1424 5616 Israel:
1453 5556 1589 5622 quod
1622 5557 1667 5611 si
1711 5572 1791 5612 re-

204 5638 448 5702 sponderit
478 5648 661 5692 contra
689 5639 950 5694 Jonatltan
975 5641 1142 5710 ï¬lium
1172 5661 1356 5711 meum,
1377 5657 1535 5700 morte
1550 5649 1790 5702 morietur

211 5721 272 5788 (Î™.
304 5725 431 5802 Reg.
466 5730 558 5785 Î—.
590 5729 704 5793 58).
731 5729 920 5789 Vidisti
951 5735 1591 5812 temeritatemiintuitus
1620 5749 1783 5798 teme-

1131 281 1222 336 Î‘Î¹)
1251 281 1580 340 Î¡Î¿Î¹Î´Ï…Ï‰Î´Î¹
1622 281 2104 344 ANTIOCIIENUM
2169 287 2395 344 HOMIL.
2441 290 2574 348 XIV.

3416 292 3522 346 130

1940 408 2110 454 ratum
2141 401 2686 472 priusjuramcntum,
2714 421 2887 476 neque
2917 410 2993 462 sic
3014 409 3321 479 castigatur,
3348 409 3441 466 sed
3468 423 3522 466 et

1935 493 2224 546 secundum
2249 493 2432 564 adjicit
2462 511 2694 550 rursum.
2749 498 2814 554 Et
2848 500 3128 555 considera
3171 503 3364 556 diaboli
3413 520 3524 556 ma-

1936 582 2228 653 lignitatem
2253 586 2291 639 '.
2319 587 2580 654 Quoniam
2627 589 2769 643 enim
2809 591 3208 660 cognoscebat,
3238 593 3376 662 quod
3420 609 3523 646 sw-

1935 678 2052 747 pius
2096 694 2228 748 puer
2267 678 2632 749 deprehensus
2670 691 2726 736 et
2771 682 2820 736 in
2858 682 3088 737 medium
3119 684 3432 753 productus,
3457 699 3523 738 ex

1934 770 2048 838 ipso
2087 781 2305 841 aspectu
2344 772 2520 827 statim
2567 783 2771 844 patrem
2820 775 3062 846 mitigare
3109 786 3164 831 et
3200 777 3339 847 regis
3386 777 3522 831 iram

1932 860 2140 916 mollire
2189 870 2434 931 poterat,
2462 864 2817 918 secundorum
2862 880 3047 920 rursus
3089 865 3520 936 juramentortnn

1931 950 2252 1008 necessitate
2294 952 2471 1022 ipsius.
2485 954 2802 1009 sententiam
2839 956 3232 1026 prmoccttpavit
3262 998 3278 1022 ,
3319 957 3522 1026 duplici

1929 1041 2160 1112 quodam
2186 1043 2398 1099 vinculo
2425 1043 2681 1100 cohibens
2707 1047 2898 1115 ipsum,
2929 1062 3028 1102 nec
3055 1048 3367 1117 permittens
3389 1064 3517 1116 pro-

1930 1133 2060 1202 pria:
2087 1132 2202 1190 fieri
2231 1135 2512 1190 sententia:
2539 1136 2816 1192 dominum
2841 1178 2861 1204 ,
2884 1137 2979 1192 sed
3025 1139 3260 1210 undique
3288 1139 3338 1194 in
3368 1139 3518 1194 illam

1928 1223 2131 1281 eadem
2159 1226 2392 1298 iniquam
2422 1227 2723 1300 impellens,
2753 1239 2809 1286 et
2849 1230 3086 1289 nondum
3121 1241 3396 1302 comperto
3424 1233 3518 1302 qui

1928 1326 2222 1385 peccasset,
2245 1317 2505 1387 judicium
2522 1320 2666 1386 fecit,
2694 1330 2748 1376 et
2777 1337 2924 1377 reum
2945 1323 3207 1391 nesciens,
3237 1323 3342 1378 lata
3357 1325 3512 1379 dam-

1929 1409 2072 1462 navit
2096 1410 2359 1466 sententia
2383 1427 2398 1464 :
2430 1419 2484 1466 et
2514 1421 2663 1480 pater
2687 1411 2858 1467 factus
2883 1422 2965 1469 est
3012 1413 3105 1468 lilii
3148 1414 3385 1468 carnifex
3414 1455 3434 1480 ,
3460 1425 3516 1469 et

1927 1505 2052 1554 ante
2079 1514 2303 1555 examen
2331 1500 2690 1558 damnationis
2736 1503 2951 1572 protulit
2992 1504 3330 1560 sententiam.
3377 1504 3516 1573 Quid

1928 1589 2028 1646 hoc
2057 1591 2471 1648 irrationabilius
2500 1594 2614 1649 fieri
2643 1595 2860 1664 posset?

1996 1683 2050 1738 5.
2079 1682 2205 1738 Haac
2229 1683 2389 1754 igitur
2411 1685 2502 1740 illo
2525 1685 2736 1742 dicente
2765 1687 2933 1758 magis
2963 1688 3135 1744 timuit
3173 1689 3427 1760 populus,
3459 1701 3517 1746 et

1925 1787 2117 1829 omnes
2134 1783 2287 1830 erant
2307 1776 2360 1830 in
2387 1784 2618 1833 tremore
2636 1787 2691 1832 et
2714 1780 2903 1833 timore
2921 1779 3119 1834 mult0'
3148 1781 3391 1835 diabolus
3419 1798 3514 1836 att-

1927 1874 2033 1922 tem
2066 1866 2346 1922 laetabatur
2375 1909 2391 1935 ,
2414 1883 2534 1922 cum
2563 1883 2750 1923 omnes
2773 1869 2961 1924 anxios
2989 1870 3310 1926 reddidisset
3331 1874 3372 1926 '.
3395 1871 3514 1927 Non

1923 1958 2057 2011 enim
2085 1967 2196 2012 erat
2224 1959 2311 2029 qui
2335 1960 2656 2030 responderet
2678 2000 2692 2024 ,
2733 1960 2938 2029 inquit,
2984 1977 3046 2015 ex
3074 1971 3174 2015 toto
3219 1966 3441 2033 populo:
3467 1973 3515 2016 es

1926 2048 2057 2102 dixit
2084 2048 2216 2104 Î´Î¹Î·á¿‘á½·
2246 2091 2260 2115 ,
2303 2049 2400 2104 Vos
2443 2050 2588 2104 eritis
2620 2050 2672 2104 in
2702 2052 2985 2104 servitutem
3011 2093 3025 2117 ,
3055 2063 3100 2106 et
3145 2069 3234 2123 ego
3283 2063 3328 2106 et
3375 2055 3518 2122 ï¬lms

1922 2156 2060 2195 meus
2074 2139 2326 2194 lauat/tas
2342 2141 2392 2194 in
2418 2141 2702 2195 servitutem
2723 2143 2767 2211 (i
2783 2142 2932 2212 .Reg.
2947 2163 2999 2197 Î³.
3014 2144 3102 2197 59.
3119 2145 3232 2213 40).
3252 2145 3400 2212 Quod
3419 2161 3516 2198 au-

1924 2243 2028 2288 tem
2055 2232 2203 2300 dicit,
2238 2233 2342 2289 tale
2363 2244 2477 2289 est:
2508 2233 2825 2298 Niltilaliud,
2857 2235 3046 2304 inquit,
3079 2237 3322 2303 studetis,
3352 2252 3514 2306 quam

1921 2323 2164 2380 hostibus
2202 2340 2299 2380 vos
2345 2325 2555 2380 tradere
2583 2367 2597 2390 ,
2643 2333 2696 2380 ct
2725 2339 2821 2395 pro
2849 2325 3029 2379 liberis
3053 2340 3240 2381 servos
3288 2324 3466 2382 facere
3491 2369 3512 2392 ,

1921 2416 2089 2471 Deum
2127 2425 2312 2471 contra
2352 2430 2448 2470 vos
2493 2415 2806 2486 instigantes
2836 2457 2850 2481 ,
2891 2431 3040 2469 reum
3086 2432 3191 2470 non
3231 2418 3509 2473 tradendo.

1920 2505 2146 2577 Respice
2173 2514 2417 2563 autemet
2443 2507 2599 2561 aliam
2626 2522 2692 2562 ex
2712 2507 3019 2575 juramento
3049 2507 3332 2563 conï¬‚atam
3373 2524 3508 2562 con-

1920 2600 2267 2656 trarietatem.
2297 2599 2428 2656 Cum
2457 2601 2598 2656 enim
2631 2617 2765 2672 opus
2794 2611 2933 2657 esset
2953 2640 2968 2662 ,
2998 2601 3041 2654 si
3063 2617 3332 2657 anetorem
3359 2604 3509 2657 inve-

1919 2693 2036 2748 nire
2065 2693 2305 2757 volebat,
2332 2694 2463 2748 nihil
2496 2695 2600 2750 tale
2631 2697 2818 2752 minari
2848 2738 2872 2764 ,
2897 2713 2994 2753 nec
3017 2699 3322 2769 iuramento
3351 2697 3510 2750 ultio-

1917 2801 2040 2842 nem
2063 2786 2300 2857 obligare
2331 2828 2346 2852 ,
2375 2796 2430 2843 et
2455 2789 2767 2846 audaciores
2795 2790 2916 2847 facti
2958 2807 3104 2847 reum
3134 2792 3430 2862 promptius
3458 2791 3512 2845 in

1915 2876 2151 2932 medium
2182 2887 2433 2948 agerent;
2490 2879 2579 2935 ille
2617 2896 2826 2935 rursum
2855 2898 2920 2936 ex
2946 2882 3020 2936 ira
3058 2892 3111 2937 et
3133 2884 3314 2936 furore
3343 2882 3512 2935 inulto

1920 2977 1976 3024 et
2025 2969 2186 3040 priori
2229 2970 2450 3025 stultitia
2476 2981 2660 3026 contra
2690 3013 2705 3038 ,
2745 2988 2906 3043 quam
2940 2973 3098 3039 vult,
3141 2973 3333 3027 iterum
3365 2973 3507 3026 facit.

1917 3059 2053 3128 Quid
2081 3075 2215 3130 opus
2233 3071 2313 3116 est
2341 3061 2506 3116 multa
2531 3062 2748 3118 dicere?
2770 3064 2906 3118 Sorti
2933 3065 3200 3134 negotium
3219 3063 3510 3128 concessit,

1915 3161 1970 3207 et
1993 3161 2136 3208 sorte
2163 3152 2534 3207 examinantur
2560 3154 2686 3209 Said
2707 3165 2760 3209 et
2785 3154 3059 3210 .Ionathas.
3093 3154 3156 3208 Et
3177 3155 3305 3208 dixit
3329 3153 3498 3208 Sail:

1912 3241 2079 3296 Jacite
2103 3253 2289 3296 sortem
2317 3243 2449 3298 inter
2475 3260 2554 3298 me
2579 3254 2627 3298 et
2646 3243 2948 3310 lauat/tan;
2975 3256 3020 3298 et
3038 3246 3240 3314 faciunt
3268 3255 3452 3298 sortem
3485 3285 3500 3306 ,

1915 3340 1964 3386 et
1988 3334 2190 3402 capitur
2217 3331 2488 3388 Jonatltas.
2538 3333 2604 3387 Et
2645 3335 2773 3388 dixit
2813 3335 2943 3391 Saftl
2978 3337 3046 3388 ad
3068 3334 3370 3388 Jonutlmu:
3398 3335 3503 3388 Au-

1915 3426 2092 3480 nuntia
2109 3425 2253 3492 mihi,
2293 3426 2417 3496 quid
2435 3427 2637 3492 fecisti?
2668 3426 2732 3480 Et
2757 3427 3072 3480 annuntiavit
3099 3427 3196 3496 ipsi
3222 3425 3254 3480 .1
3261 3427 3504 3489 onatltas,

1914 3516 2082 3570 dicens
2104 3532 2123 3570 :
2141 3514 2363 3570 Custans
2381 3517 2582 3588 gustavi
2605 3517 2656 3571 iu
2689 3519 2974 3571 summitate
3000 3518 3215 3586 sceptri,
3243 3517 3377 3587 quod
3401 3517 3506 3570 ItaÂ»

1918 3610 2093 3664 bebam
2121 3611 2172 3664 in
2217 3627 2372 3663 manu
2410 3628 2520 3664 mea
2543 3651 2559 3676 ,
2587 3629 2766 3682 parum
2798 3613 2959 3666 mellis
2987 3612 3007 3642 Â³
3035 3622 3080 3664 rt
3120 3629 3178 3665 eu
3203 3629 3293 3682 rgo
3319 3612 3506 3664 morior

1913 3703 1993 3772 (1.
2029 3702 2154 3772 Reg.
2183 3702 2274 3757 M.
2298 3702 2388 3757 42.
2412 3704 2526 3775 45).
2556 3703 2723 3770 Quem
2751 3719 2852 3757 non
2880 3704 3180 3768 flexissent,
3211 3718 3368 3771 quem
3398 3720 3511 3762 non

1913 3794 1965 3848 in
2016 3793 2432 3849 miscricordiam
2489 3796 2722 3864 egissent
2790 3795 2903 3851 hare
2962 3796 3162 3850 verba?
3215 3792 3513 3854 Considera

1911 3897 2167 3956 quantum
2195 3888 2440 3957 procellae
2465 3887 2660 3942 deinde
2699 3888 2825 3942 Sani
2868 3887 3116 3942 sustinuit
3143 3928 3157 3951 ,
3186 3901 3305 3941 cmn
3335 3885 3502 3954 ipsius

1911 3979 2115 4033 viscera
2141 3979 2572 4048 dirumperentur
2597 4022 2608 4041 ,
2635 3988 2692 4033 et
2718 3979 2982 4048 utrimque
3027 3977 3505 4048 proftmtliSs-imutn.

1909 4079 2191 4141 appareret
2212 4070 2595 4139 praecipitium;
2646 4069 2739 4123 sed
2771 4081 2944 4124 tamen
2976 4085 3072 4122 nec
3111 4071 3178 4122 ita
3225 4079 3508 4128 correctus.

1909 4170 2026 4216 est:
2049 4159 2144 4215 sed
2165 4159 2291 4230 quid
2316 4160 2429 4215 ait?
2464 4159 2586 4214 "(vc
2615 4161 2770 4231 faciat
2798 4161 2920 4212 milii
2960 4159 3128 4224 Deus,
3159 4171 3204 4213 at
3236 4159 3346 4213 lucc
3365 4162 3500 4230 adji.

1908 4253 2008 4306 ciet
2028 4253 2307 4322 ,quouiam
2341 4263 2499 4306 morte
2523 4252 2750 4306 morieris
2784 4251 2933 4305 hodie
2959 4254 2976 4321 (
3008 4251 3088 4306 Î¹Î¿.
3118 4273 3176 4310 Î½..
3197 4254 3261 4306 Î—
3285 4251 3325 4324 ).
3361 4252 3506 4312 Ecce

1909 4344 2122 4398 tertium
2151 4359 2336 4398 rursus
2359 4343 2721 4414 juramentum
2743 4385 2759 4411 ,
2789 4358 2888 4398 uec
2913 4344 3224 4412 simpliciter
3250 4344 3460 4400 tertium
3479 4384 3502 4412 ,

1905 4434 2000 4490 sed
2038 4436 2198 4490 etiam
2235 4450 2354 4490 cum
2395 4435 2558 4489 multa
2599 4435 2862 4505 temporis.
2901 4437 3162 4505 angustia.
3209 4435 3495 4494 Nonenins

1906 4528 2220 4598 simpliciter
2261 4527 2440 4596 dixit,
2493 4526 2770 4582 Morieris:
2809 4527 2901 4582 scd
2951 4527 3134 4582 Hodie.
3188 4527 3496 4586 Festinahat

1905 4621 2047 4676 enim
2084 4620 2329 4676 diabolus
2369 4622 2540 4691 ipsum
2587 4621 2638 4676 in
2683 4620 2820 4676 hanc
2855 4621 3067 4691 impiam
3093 4636 3250 4691 agerc
3287 4621 3491 4677 erdem

1904 4723 1958 4768 et
2002 4713 2295 4782 impellere.
2354 4712 2646 4780 Propterea.
2685 4727 2785 4767 nec
2827 4713 3104 4767 sententia:
3129 4721 3321 4767 statum
3348 4713 3493 4770 diem

1902 4803 2158 4858 adhibere
2202 4805 2491 4874 permittit,
2523 4821 2589 4859 ne
2613 4819 2717 4873 qua
2763 4819 2829 4859 ex
2858 4818 3009 4860 mora
3039 4803 3162 4857 mali
3197 4803 3284 4858 tiat
3312 4820 3494 4860 corre-

1901 4896 2029 4951 ctio.
2061 4895 2129 4950 Et
2147 4896 2274 4950 dixit
2301 4896 2532 4967 populus
2550 4897 2620 4951 ad
2647 4897 2802 4952 Saï¬l:
2832 4896 2956 4951 lltec
2974 4897 3130 4968 faciat
3153 4898 3296 4951 nobis
3328 4897 3489 4964 Deus,

1901 5000 1950 5044 et
1995 4991 2100 5043 Itiro
2138 4991 2382 5058 adjiciat,
2409 4992 2454 5042 si
2487 5000 2644 5043 morte
2685 4991 2924 5045 morietur
2954 5031 2970 5056 ,
3021 4992 3107 5062 qui
3129 4992 3247 5062 fecit
3273 4992 3487 5045 salutem

1899 5096 2138 5152 magnam
2169 5080 2354 5135 Israel.
2406 5080 2536 5135 Vivit
2581 5081 2833 5136 Dominus
2864 5125 2877 5147 ,
2926 5083 2970 5136 si
2998 5083 3144 5136 cadet
3185 5084 3401 5153 capillus
3428 5083 3492 5135 de

1900 5173 2062 5241 capite
2077 5175 2186 5243 ejus
2202 5174 2256 5226 in
2284 5183 2490 5238 terram,
2514 5174 2632 5243 quia
2651 5174 3050 5228 misericordiam
3064 5173 3162 5228 Dei
3186 5174 3304 5244 fecit
3335 5175 3386 5226 in
3408 5174 3491 5226 die

1901 5264 1996 5317 huc
2025 5263 2183 5335 (Ibid.
2216 5287 2264 5321 Î³.
2292 5265 2407 5334 45).
2439 5265 2581 5320 Ecce
2605 5274 2660 5321 et
2697 5267 2923 5337 populus
2950 5267 3242 5323 secundum
3265 5265 3486 5335 juravit.

1899 5366 1953 5411 et
1984 5358 2093 5428 regi
2131 5359 2457 5413 contrarium
2482 5359 2698 5428 juravit.
2750 5359 2899 5414 Nunc
2926 5360 3055 5415 mihi
3081 5358 3484 5414 reminiscitnini

1899 5447 2190 5504 funiculum
2211 5466 2240 5505 a
2270 5452 2507 5520 puerulis
2534 5462 2753 5506 tractum
2785 5495 2800 5518 ,
2841 5463 2896 5508 et
2937 5453 3232 5521 disruptum
3255 5491 3272 5517 ,
3299 5461 3353 5505 et
3379 5460 3486 5504 tra-

1965 5563 1982 5594 Â²
2018 5565 2268 5614 Sententia
2310 5564 2594 5626 imperfecta
2626 5565 2814 5614 videtur
2859 5561 3220 5626 atontefalronio
3241 5576 3318 5612 Clll
3341 5565 3488 5614 mini-

1895 5636 1979 5694 me
1998 5626 2308 5694 assentimus.
2333 5623 2575 5694 caeterum
2590 5628 2750 5674 omnia
2777 5624 3166 5694 exemplar-iuste
3187 5623 3389 5675 habent.

1959 5688 1980 5718 â€™
2017 5685 2102 5735 Alii
2124 5699 2222 5735 uno
2247 5688 2416 5747 verbo,
2444 5685 2698 5737 twtabatur
2720 5684 2939 5747 omnibus
2957 5685 3136 5734 atmiis.

1962 5748 1984 5779 Â³
2015 5753 2080 5799 tta
2095 5755 2197 5800 sar.
2225 5756 2276 5800 ct
2299 5745 2504 5801 maxima
2527 5761 2637 5814 pars
2657 5756 2758 5798 Mss.
2778 5745 2922 5798 Morel
2941 5760 3058 5799 vero
3083 5761 3094 5798 :
3115 5745 3480 5815 miguummrl.
