3920 6224
364 275 453 331 t5!
1102 268 1160 325 s.
1198 256 1474 324 toxtvivts
1511 254 1984 319 CHRYSOSTOMI
2033 255 2345 315 ARCIIIEP.
2367 249 2901 321 CONSTAN'rtNoP.

362 391 553 445 hentes
579 387 800 459 supinos
827 385 1212 458 projicientem.
1239 381 1444 437 Juravit
1470 379 1594 434 Sat'il
1626 393 1732 432 non
1757 375 1947 442 semel,

368 496 541 551 neque
561 480 678 547 bis,
708 479 803 536 sed
827 488 882 536 et
909 476 1130 548 sm’pius:
1162 474 1427 530 contraria
1448 473 1646 543 juravit
1677 468 1905 540 populus
1939 509 1955 534 ,

366 583 419 627 et
439 573 552 643 jam
572 569 946 627 contendebat.
974 567 1203 623 Necesse
1225 563 1334 635 jam
1356 563 1576 618 omnino
1595 561 1958 631 juramentnm

358 664 539 721 scindi
569 683 582 719 :
615 678 736 719 nam
782 670 881 717 hos
910 672 1096 715 omnes
1122 672 1250 712 vere
1270 659 1481 727 jurasse
1500 662 1584 710 est
1608 650 1956 723 impossibile.

443 755 859 811 Juramentorum
888 752 1074 805 datnna
1100 747 1281 803 multa.
1303 778 1374 789 -——
1402 746 1511 801 Nec
1534 745 1662 800 mihi
1693 744 1771 799 rei
1799 756 1960 798 even-

368 854 483 899 tum
514 845 681 909 dicas,
710 841 804 898 sed
833 841 1026 912 cogita,
1055 847 1184 910 quot
1211 839 1346 893 mala
1378 837 1752 911 nascebantur.
1775 842 1828 887 et
1853 839 1964 886 tra‘

374 935 602 1006 gtediam
641 941 695 988 ct
721 931 1057 1004 tyrannidem
1082 929 1322 985 venturis
1351 943 1447 998 per
1474 926 1724 981 Absalom
1763 923 1966 979 similes

380 1028 503 1082 hinc
541 1027 783 1081 diabolus
826 1025 1085 1080 struebat.
1114 1023 1170 1079 Si
1203 1021 1345 1077 enim
1390 1020 1650 1075 voluisset
1694 1032 1785 1072 rex
1828 1015 1965 1069 resi-

376 1130 520 1175 stere
556 1129 610 1174 ct
645 1118 711 1173 ad
744 1118 1104 1189 juramentum
1147 1114 1460 1188 procedere,
1505 1122 1645 1166 totus
1686 1106 1971 1165 restitisset

378 1211 626 1281 populus,
678 1218 733 1266 et
763 1209 1002 1281 tyrannis
1049 1207 1415 1264 crudelissima
1454 1204 1590 1259 facta
1640 1202 1827 1258 ruisset
1864 1218 1878 1254 :
1917 1207 1972 1255 et

380 1319 592 1358 rursum
636 1303 681 1358 si
722 1302 980 1357 voluisset
1025 1301 1163 1356 lilius
1205 1299 1432 1371 propria:
1476 1297 1765 1353 consulens
1812 1295 1970 1349 saluti

380 1394 620 1465 seipsmn
644 1395 902 1449 exercitui
925 1392 1143 1459 dedere,
1169 1390 1433 1462 parricida
1459 1390 1634 1445 statim
1659 1388 1970 1444 exstitisset.

385 1484 548 1539 Vides
573 1493 628 1539 et
659 1484 1009 1555 tyrannidem,
1038 1492 1092 1537 et
1120 1482 1211 1536 lilii
1235 1480 1457 1547 ea-dem,
1480 1490 1534 1535 et
1554 1479 1894 1549 parricidium
1921 1487 1976 1532 et

384 1576 581 1629 bellum
612 1576 786 1640 civile,
818 1585 871 1630 et
895 1589 1144 1645 pugnam,
1173 1581 1228 1628 ct
1248 1572 1628 1644 jugulationes,
1657 1580 1711 1625 et
1733 1584 1972 1635 cruores,

382 1676 443 1720 et
488 1665 688 1719 infinita
735 1665 994 1720 cadavera
1039 1681 1104 1720 ex
1146 1679 1251 1718 uno
1299 1672 1505 1734 patrata
1545 1663 1868 1732 juramcnto.
1917 1663 1974 1714 Si

386 1771 621 1826 namque
664 1756 862 1811 bellum
911 1756 1023 1810 fieri
1066 1756 1380 1817 accidisset,
1414 1761 1469 1809 et
1505 1753 1631 1808 Saﬁl
1667 1752 1886 1806 forsitan
1925 1760 1980 1805 et

386 1844 652 1900 Junatbas
687 1844 957 1914 jugulatus
989 1846 1204 1910 luisset,
1233 1856 1285 1899 et
1318 1844 1468 1898 tnttlti
1494 1843 1719 1899 militum
1759 1843 1981 1897 fuissent

390 1936 687 1990 trucidati:
734 1945 788 1990 ct
837 1937 965 1989 rutili
1011 1937 1088 1991 sic
1124 1936 1484 2006 jurameatum
1527 1936 1663 1991 bene
1706 1936 1978 1990 cessisset.

388 2025 574 2097 itaque
613 2042 681 2082 ne
704 2028 1014 2083 consideres
1051 2027 1171 2095 hoc,
1193 2028 1334 2098 quod
1384 2043 1488 2081 non
1529 2027 1599 2082 ita
1647 2027 1843 2082 factum
1872 2028 1979 2092 sit;

391 2121 489 2175 scd
518 2120 646 2175 illud
673 2120 952 2175 considera
974 2161 990 2186 ,
1028 2119 1168 2188 quod
1199 2120 1272 2175 rei
1302 2128 1491 2174 natura
1521 2122 1635 2173 haec
1678 2118 1793 2173 ﬁeri
1818 2133 1982 2189 coge-

393 2212 488 2266 bat
531 2228 545 2265 :
593 2212 820 2281 pepulus
867 2220 1044 2267 autem
1085 2210 1230 2265 vicit.
1280 2211 1393 2280 Age
1440 2210 1600 2281 igitur
1642 2221 1985 2265 numeremus

396 2302 682 2357 commissa
722 2301 976 2373 pct‘juria.
1018 2301 1358 2358 Temeratum
1415 2312 1496 2357 est
1538 2301 1766 2372 primum
1811 2299 1987 2357 Saulis

394 2393 754 2462 jnramentmn
795 2408 826 2448 a
871 2393 979 2447 ﬁlio
1023 2410 1037 2448 :
1078 2393 1371 2449 secundum
1412 2408 1633 2460 rursus,
1678 2401 1731 2448 et
1771 2394 1986 2448 tertium

403 2484 570 2554 ipsius
598 2484 771 2539 Saulis
795 2484 863 2539 de
905 2485 996 2539 lilii
1024 2484 1206 2539 cede:
1239 2493 1295 2540 et
1318 2486 1464 2539 visus
1494 2493 1576 2540 est
1606 2485 1833 2555 populus
1864 2501 1988 2542 vere

393 2576 641 2646 iurasse;
671 2576 765 2632 sed
802 2577 845 2630 si
884 2577 1003 2646 quis
1028 2576 1311 2648 diligenter
1353 2593 1465 2633 rem
1510 2578 1806 2644 examinet,
1841 2588 1894 2633 et
1933 2576 1989 2632 hi

398 2680 592 2720 rursus
615 2680 805 2720 omnes
832 2665 1052 2735 perjttrii
1089 2667 1405 2722 criminibus
1433 2667 1651 2722 obnoxii
1691 2666 1813 2723 facti
1843 2679 1989 2724 sunt.

398 2750 575 2823 ipsius
596 2756 737 2810 enim
755 2755 999 2811 Junatha:
1022 2767 1226 2827 patrem
1249 2759 1493 2828 pejerttre
1515 2768 1825 2829 coegerunt,
1855 2760 1992 2831 patri

408 2847 574 2900 tilium
609 2864 712 2902 non
758 2847 1035 2903 dedentes.
1084 2848 1245 2905 Vides
1282 2858 1413 2919 quot
1457 2849 1704 2905 homines
1748 2858 1858 2905 tum
1902 2867 1996 2906 vo.

407 2938 613 3004 lentes,
667 2948 775 2993 tum
820 2941 1013 2994 invitos
1061 2941 1294 3012 perjurio
1340 2942 1601 2998 obnoxios
1655 2959 1816 2998 unum
1872 2943 1996 2999 fecit

404 3030 808 3098 juramcntum?
841 3041 972 3102 quot
1018 3033 1157 3087 maia
1196 3033 1437 3088 molitum
1491 3041 1606 3102 est,
1653 3044 1780 3105 quot
1819 3035 1996 3091 aedes

408 3121 639 3189 patravit
662 3121 675 3175 !

481 3212 534 3266 6.
567 3210 826 3281 Equidem
872 3228 1179 3271 sermonem
1211 3216 1472 3286 incipiens
1517 3218 1734 3287 promisi
1781 3233 1866 3273 me
1904 3217 1998 3273 de-

407 3314 828 3360 monstraturum
862 3307 914 3360 in
942 3309 1224 3364 contrariis
1253 3309 1573 3379 juramentis
1612 3312 1832 3366 omnino
1882 3326 2001 3381 pcr-

406 3398 604 3465 jurium
631 3399 793 3461 nasci,
819 3399 1037 3455 historia
1059 3416 1187 3456 vero
1209 3417 1485 3472 progressa
1513 3405 1678 3459 multo
1702 3403 1818 3473 plus
1842 3418 1998 3474 quam

408 3489 649 3543 conabar
692 3489 1083 3546 demonstravit
1115 3510 1128 3545 :
1160 3508 1265 3547 non
1308 3495 1450 3548 enim
1478 3510 1638 3549 unum
1676 3504 1731 3550 et
1772 3494 1907 3549 duos
1948 3504 2003 3549 et

410 3587 525 3633 tres
557 3581 799 3635 homines
819 3619 834 3643 ,
866 3581 959 3635 sed
988 3582 1267 3652 populum;
1309 3599 1413 3637 non
1443 3600 1607 3639 unum
1653 3594 1707 3639 et
1738 3585 1866 3651 tria,
1907 3584 2002 3640 sed

412 3670 584 3723 multo
609 3670 762 3739 plura
797 3670 1100 3741 iuramenta
1128 3682 1383 3729 temerata
1419 3675 1673 3730 exhibuit.
1704 3676 1920 3731 Licebat
1949 3684 2002 3731 ct

413 3760 575 3814 aliam
604 3776 821 3817 narrare
849 3762 1146 3831 historiam,
1173 3772 1228 3820 et
1247 3778 1313 3821 ex
1346 3765 1433 3820 illa
1475 3765 1845 3822 demonstrare
1884 3782 2006 3838 gra-

417 3852 622 3908 viorem
670 3854 770 3910 hac
810 3862 866 3910 et
910 3855 1167 3925 majorem
1210 3858 1566 3914 calamitatem
1612 3874 1773 3915 unum
1814 3859 2006 3917 fecisse

419 3947 804 4016 jnramentum.
838 3948 1050 4005 Etenim
1079 3950 1355 4006 civitatum
1386 3962 1439 4009 et
1484 3954 1766 4009 mulierum
1795 3963 1849 4010 et
1875 3970 2004 4025 pue-

421 4038 661 4094 rulorum
685 4041 1026 4110 captivitate,
1063 4051 1118 4097 et
1156 4043 1434 4112 incendio,
1467 4055 1522 4101 et
1547 4045 1893 4102 barbarorum
1924 4046 2005 4101 in-

421 4130 639 4186 vasione
658 4172 674 4196 ,
700 4140 756 4187 ct
778 4143 1083 4189 sanctorum
1117 4135 1412 4205 pollutione
1431 4176 1448 4204 ,
1492 4145 1547 4191 et
1575 4137 1865 4192 innumeris
1890 4136 2009 4191 aliis

416 4226 754 4293 gravioribus
781 4227 934 4283 malis
965 4227 1180 4284 Judaeos
1209 4228 1388 4284 ail‘ccit
1424 4244 1586 4284 unum
1614 4243 1803 4284 onines
1836 4227 2008 4300 jusju-

426 4315 671 4371 randum.
696 4316 803 4372 Sed
831 4317 884 4372 in
926 4318 1146 4388 longum
1181 4334 1486 4375 sermonem
1519 4318 1764 4389 protendi
1803 4318 1957 4374 video
1993 4336 2008 4375 :

426 4418 710 4480 propterea
738 4410 974 4465 historia:
1005 4411 1160 4480 hujus
1182 4412 1544 4466 narrationem
1574 4411 1660 4467 hic
1685 4411 1965 4467 absolvens
1988 4453 2005 4480 ,

423 4514 547 4557 eum
571 4501 793 4557 Joannis
815 4502 988 4573 capite
1013 4501 1257 4557 Jonathac
1278 4502 1504 4569 eadem,
1527 4512 1581 4558 et
1604 4501 1889 4574 perniciem
1919 4517 2008 4574 ge-

425 4594 661 4649 neralem
703 4596 865 4649 totius
889 4594 1070 4664 populi
1115 4594 1239 4650 licet
1268 4610 1373 4650 non
1413 4595 1733 4660 admissam,
1762 4594 1829 4650 de
1858 4594 2008 4666 jura-

426 4694 727 4739 mentorum
756 4692 933 4740 tamen
960 4687 1278 4741 necessitate
1304 4686 1725 4756 provenientem,
1757 4687 1896 4742 inter
1919 4701 2013 4743 vos

425 4789 851 4831 commemorare
879 4774 1154 4842 exhortor,
1177 4785 1231 4831 et
1255 4776 1422 4841 domi,
1452 4787 1508 4832 et
1542 4777 1595 4831 in
1629 4777 1765 4845 foro,
1793 4786 1846 4832 et
1871 4776 2012 4846 apud

425 4868 703 4936 eonjuges.
734 4877 790 4922 et
830 4867 969 4938 apud
1013 4867 1248 4936 amicus,
1274 4875 1328 4922 et
1355 4866 1493 4939 apud
1536 4868 1742 4924 vicinos
1762 4908 1777 4935 ,
1799 4875 1856 4924 et
1876 4867 2014 4939 apud

428 4973 622 5014 omnes
639 4960 958 5030 generaliter
981 4960 1138 5030 hujus
1152 4960 1231 5016 rei
1261 4975 1444 5016 curam
1461 4974 1648 5033 gerere
1674 4977 1687 5016 :
1714 4975 1813 5017 nec
1830 4971 2016 5030 putare

432 5050 681 5107 idoneam
715 5067 835 5108 esse
875 5053 1027 5109 nobis
1055 5052 1457 5120 defensionem,
1502 5053 1547 5109 si
1575 5053 2014 5110 consuetudinem

429 5145 845 5214 pmtettdantus.
873 5145 1025 5215 Quod
1061 5147 1203 5202 enim
1229 5147 1503 5204 excusatio
1535 5146 1652 5202 haec
1688 5148 1758 5202 sit
1798 5156 1853 5202 et
1881 5162 2018 5217 pta-.-

428 5246 625 5304 textus,
655 5254 753 5295 nec
793 5240 1215 5306 consuetudinis,
1250 5240 1345 5296 sed
1380 5240 1612 5310 torporis
1639 5240 1708 5293 sit
1741 5239 1917 5308 culpa,
1949 5237 2018 5292 ab

437 5329 523 5386 bis
548 5347 669 5401 qua:
694 5332 803 5402 jam
829 5347 1079 5399 evenere,
1110 5333 1264 5389 vobis
1290 5332 1611 5403 persuadere
1640 5332 1893 5386 conabor.

502 5422 790 5496 Imperator
817 5427 1155 5481 Antiochenos
1175 5425 1366 5480 balneis
1386 5425 1711 5479 interdixerat
1728 5424 1778 5477 in
1795 5439 2012 5494 poenam.

430 5514 675 5571 Civitatis
701 5517 890 5573 balnea
920 5518 1213 5588 Imperator
1241 5515 1533 5582 obstruxit,
1562 5529 1618 5570 ct
1655 5513 1818 5569 lavari
1858 5516 2016 5584 jussit

432 5607 720 5675 neminem,
751 5616 806 5663 ct
839 5610 1008 5679 legem
1051 5607 1345 5678 transgredi
1371 5617 1456 5664 est
1494 5622 1654 5663 ausus
1699 5621 1878 5673 nemo,
1923 5616 2013 5663 aut

436 5698 631 5755 factum
674 5700 955 5765 incusare,
989 5709 1077 5755 aut
1123 5697 1562 5756 consuetudinem
1617 5695 1948 5768 prcctentlere
1994 5714 2010 5753 :

3548 257 3655 320 I5!

2064 393 2247 433 verum
2271 387 2324 434 et
2345 377 2433 449 qui
2464 392 2608 449 Stepe
2634 387 2757 433 sunt
2786 377 2837 433 in
2868 377 3179 450 aegritudine
3204 377 3326 448 viri,
3358 376 3614 432 mulieres
3634 417 3653 444 ,

2064 470 2214 540 pueri
2242 479 2297 525 et
2322 476 2501 537 senes,
2523 481 2579 525 et
2602 470 2782 525 multa:
2810 478 2993 542 partus
3012 469 3287 527 doloribus
3313 478 3560 526 recenter
3589 468 3659 524 li-

2069 562 2270 618 beratae
2292 562 2567 628 mulieres,
2595 570 2651 617 et
2677 577 2863 616 omnes
2892 561 3198 617 necessario
3224 562 3328 617 tale
3354 560 3657 623 remedium

2069 663 2330 725 petentes,
2350 653 2518 709 velint
2534 654 2704 711 nolint
2729 654 3034 709 mandatum
3057 653 3160 708 hoc
3186 652 3383 718 ferunt,
3403 661 3456 708 et
3478 668 3661 723 neque

2071 748 2315 803 morbum
2345 747 2608 818 corporis,
2650 761 2825 817 neque
2849 745 3254 801 consuetudinis
3277 744 3613 816 tyrannidem
3638 784 3658 811 ,

2070 855 2243 910 neque
2276 839 2394 894 aliis
2444 838 2787 909 peccantibus
2822 851 2882 892 se
2923 837 3129 907 puniri,
3162 851 3260 891 nec
3293 835 3435 890 aliud
3467 834 3661 888 talium

2070 933 2358 1005 quidquam
2405 930 2778 1002 prtetendunt:
2830 929 2925 985 sed
2972 927 3276 998 bujnsmodi
3323 935 3471 998 grate
3514 925 3665 980 exci-

2072 1026 2223 1096 piunt
2247 1023 2525 1089 ultionem,
2557 1021 2677 1091 quia
2704 1021 2904 1090 majora
2927 1027 3236 1089 exspectant
3260 1017 3416 1082 mala,
3449 1028 3503 1071 et
3524 1031 3664 1086 quo—

2074 1119 2201 1174 tidie
2250 1127 2532 1188 precantur
2584 1115 2842 1170 hactenus
2890 1113 3094 1183 regium
3158 1110 3391 1165 furorem
3443 1109 3660 1164 sister.:.

2080 1210 2240 1266 Vides
2267 1208 2406 1280 quod
2432 1209 2517 1263 ubi
2547 1216 2631 1264 est
2652 1207 2829 1268 timor,
2862 1205 3016 1260 facile
3041 1203 3280 1258 solvatur
3307 1198 3663 1263 consuetudo,

2077 1302 2286 1360 etiamsi
2315 1301 2467 1357 valde
2508 1300 2756 1355 diuturna
2795 1299 2864 1355 sit
2895 1307 2948 1352 et
2986 1293 3320 1352 necessaria?
3360 1292 3520 1363 Atqui
3550 1305 3664 1346 non

2077 1398 2240 1452 lavari
2270 1411 2455 1466 grave.
2489 1393 2602 1448 Etsi
2629 1395 2771 1448 enim
2802 1391 3003 1446 centies
3033 1387 3506 1460 philosophemur,
3535 1397 3666 1437 cor-

2080 1488 2229 1558 poris
2272 1496 2460 1541 natura
2485 1484 2755 1554 arguitur.
2787 1481 2918 1536 nihil
2951 1482 3018 1537 ab
3043 1478 3205 1534 animi
3235 1474 3566 1546 philosophia
3604 1475 3688 1530 in.

2080 1577 2348 1649 propriam
2365 1575 2723 1630 valetudinem
2742 1571 2980 1642 adjuvari
3005 1588 3018 1624 :
3039 1585 3147 1624 non
3163 1569 3343 1639 jurare
3359 1580 3488 1620 vero
3507 1563 3668 1618 valde

2081 1670 2256 1736 facile,
2289 1677 2344 1723 et
2371 1668 2573 1723 nullum
2596 1666 3165 1729 aﬂ'crtnocumentum,
3197 1675 3304 1715 non
3328 1655 3666 1728 corporibus,

2084 1781 2188 1821 non
2218 1764 2430 1827 animis,
2456 1760 2550 1816 sed
2581 1760 2744 1815 etiam
2771 1758 2994 1813 multum
3021 1751 3387 1816 emolumenti,
3420 1762 3672 1819 magnam

2084 1856 2386 1919 utilitatem,
2417 1854 2637 1908 multam
2674 1849 3021 1920 cpulentiam.
3049 1844 3328 1915 Quomodo
3363 1842 3521 1913 igitur
3556 1853 3669 1892 non

2084 1948 2374 2005 absurdum
2414 1947 2738 2016 imperatore
2766 1941 3008 2015 jubente,
3044 1938 3134 1995 vel
3156 1936 3471 1993 diﬂicillima
3499 1931 3672 1987 susti-

2088 2055 2236 2104 nere,
2279 2039 2392 2094 Deo
2422 2052 2548 2093 vero
2587 2043 2855 2090 statuente
2895 2030 2944 2086 id
2988 2029 3130 2101 quod
3172 2041 3345 2098 neque
3373 2038 3532 2096 grave
3576 2022 3673 2086 sit,

2088 2146 2261 2201 neque
2280 2128 2518 2194 difﬁcile,
2547 2140 2729 2182 verum
2758 2137 3013 2194 perquam
3037 2120 3190 2175 facile
3218 2126 3273 2173 et
3290 2112 3628 2172 commodum
3652 2149 3670 2176 ,

2087 2233 2433 2278 contemnere
2451 2230 2503 2275 ct
2519 2217 2764 2275 deridere
2779 2224 2834 2272 et
2851 2210 3288 2270 consuetudinem
3305 2204 3638 2278 pr:etendcrc
3650 2201 3679 2255 ἲ

2088 2315 2184 2379 Ne,
2233 2329 2435 2386 quteso,
2467 2329 2534 2367 ne
2572 2312 2625 2366 in
2659 2319 2858 2364 tantum
2901 2306 3125 2363 salutem
3162 2310 3398 2356 nostram
3435 2305 3682 2352 contem-

2093 2423 2302 2470 namus,
2327 2406 2418 2461 sed
2443 2405 2724 2459 timeamus
2746 2401 2930 2464 Deum,
2957 2397 3090 2450 sicut
3115 2393 3382 2448 hominem
3403 2392 3675 2442 timemus.

2092 2499 2224 2554 Novi
2270 2512 2368 2552 vos
2416 2494 2758 2551 cxborruisse
2798 2489 2991 2544 talibus
3029 2485 3260 2548 auditis;
3311 2480 3405 2536 sed
3455 2478 3682 2533 horrore

2095 2591 2311 2658 dignum
2343 2598 2423 2643 est
2451 2602 2518 2641 ne
2548 2595 2752 2640 tantum
2786 2579 2998 2650 quidem
3047 2577 3176 2642 De»,
3204 2580 3458 2644 quantum
3504 2565 3685 2621 homi-

2098 2682 2251 2735 nibus
2295 2680 2552 2734 honorem
2587 2673 2911 2736 attribuere;
2953 2669 3046 2724 sed
3089 2664 3429 2736 imperatoria
3463 2660 3684 2715 decreta

2095 2773 2377 2841 diligenter
2394 2770 2761 2833 observantes,
2790 2764 2965 2819 divina
2987 2760 3127 2816 etde
3147 2758 3291 2813 cat-lis
3311 2754 3526 2822 delapsa
3546 2765 3687 2806 eon-

2096 2868 2328 2931 eulcare,
2359 2872 2413 2919 et
2433 2872 2885 2932 supervacaneum
2913 2870 3032 2910 esse
3059 2862 3249 2924 putare
3277 2850 3417 2905 circa
3440 2844 3545 2899 hoc
3563 2851 3686 2897 stu-

2098 2957 2263 3013 dium.
2305 2955 2558 3024 Qtnrnam
2606 2948 2874 3005 excusatio
2921 2945 3078 3001 nobis
3124 2941 3227 2998 erit
3271 2936 3514 3008 reliqua?
3562 2948 3689 3003 qua:

2101 3066 2230 3106 vero
2279 3049 2461 3112 venia,
2498 3044 2712 3116 quando
2756 3049 2878 3113 post
2922 3048 3123 3093 tantam
3162 3030 3580 3088 admonitionem
3629 3025 3689 3080 in

2102 3144 2291 3200 iisdem
2323 3136 2735 3212 permanemus?
2784 3133 2993 3189 Etenim
3020 3135 3277 3213 nascente
3304 3123 3517 3179 miseria
3547 3119 3685 3183 hac,

2101 3251 2219 3307 quae
2246 3233 2514 3290 civitatem
2559 3229 2790 3290 detinet,
2833 3225 2974 3280 hanc
3016 3219 3190 3291 incepi
3219 3213 3635 3307 admonitionem
3666 3226 3685 3264 :

2102 3303 2157 3383 et
2205 3327 2310 3381 illa'
2332 3322 2546 3394 quidem
2580 3320 2691 3390 jam
2715 3317 2877 3373 debet
2919 3312 3088 3376 ﬁniri,
3136 3324 3234 3365 nos
3278 3320 3408 3363 vero
3451 3303 3690 3358 nondum

2104 3434 2267 3475 unum
2308 3416 2638 3487 explevimus
2672 3409 3000 3466 mandatum.
3046 3401 3325 3473 Quomodo
3371 3400 3529 3469 igitur
3570 3411 3691 3449 ma-

2108 3515 2278 3567 lorutn
2329 3524 2428 3563 nos
2476 3505 2829 3562 detinentium
2878 3508 3123 3570 petemus
3166 3493 3520 3554 solutionem,
3564 3503 3689 3543 eum

2107 3619 2206 3658 nec
2219 3617 2381 3657 unum
2401 3599 2549 3654 obire
2576 3596 2883 3651 mandatum
2901 3585 3258 3662 potuerimus?
3283 3581 3549 3655 quomodo
3563 3592 3691 3633 vero

2107 3696 2302 3751 bonam
2329 3689 2755 3760 exspectabimus
2795 3680 3177 3740 mutationem?
3204 3674 3471 3748 quomodo
3511 3682 3694 3726 autem

2108 3782 2423 3842 orabimus?
2449 3797 2552 3853 qua
2594 3780 2774 3849 lingua
2816 3777 2982 3831 Deum
3027 3766 3429 3827 invocabimus?
3453 3763 3511 3820 Si
3544 3763 3692 3817 enim

2110 3881 2284 3953 legem
2321 3886 2706 3949 exsequamur,
2750 3871 2970 3926 multam
3016 3866 3289 3936 capiemus
3331 3858 3693 3927 voluptatem,

2113 3976 2439 4047 lmperatore
2460 3965 2661 4025 civit'ati
2686 3964 2998 4026 conciliato;
3022 3959 3065 4014 si
3085 3972 3210 4013 vero
3234 3956 3285 4010 in
3307 3958 3527 4047 peccato
3543 3962 3691 4047 man-

2112 4038 2362 4132 serimus,
2392 4063 2568 4136 pudor
2595 4071 2649 4115 et
2686 4056 3028 4129 opprobrium
3070 4051 3304 4120 undique
3350 4044 3504 4101 nobis
3544 4038 3649 4136 crit
3679 4052 3694 4094 :

2115 4159 2368 4232 quoniam
2393 4132 2515 4212 eum
2544 4154 2687 4208 Deus
2709 4147 3002 4220 perieulum
3032 4141 3273 4207 solverit,
3302 4135 3478 4232 nos-in
3504 4132 3696 4189 eodem

2114 4229 2407 4309 mansimus
2449 4257 2683 4317 torpore.
2728 4242 2942 4299 Utinam
2988 4237 3116 4293 mihi
3162 4235 3348 4290 liceret
3393 4229 3702 4298 frequenter

2110 4346 2402 4419 jurantium
2424 4342 2629 4396 animas
2655 4351 2869 4401 exuere,
2899 4342 2955 4390 et
2973 4334 3205 4404 ipsarum
3233 4324 3401 4422 oculis
3434 4320 3704 4422 subjicere

2115 4415 2339 4494 vulnera
2380 4443 2435 4490 et
2476 4429 2756 4488 cicatrices
2798 4439 2931 4498 quas
2959 4420 3197 4495 quotidie
3240 4415 3459 4485 capiunt
3495 4426 3524 4464 a
3552 4415 3702 4480 jura-

2119 4531 2351 4589 tnentis:
2386 4541 2485 4582 nec
2515 4519 2895 4579 admonitionis
2939 4523 3030 4570 aut
3054 4509 3264 4568 consilii
3302 4506 3701 4576 indiget-emus:

2118 4624 2371 4696 quoniam
2396 4619 2676 4673 vulnerum
2707 4620 2955 4682 aspectus
2982 4604 3128 4663 omni
3155 4615 3404 4659 sermone
3427 4593 3705 4696 potentius

2121 4685 2244 4774 huic
2281 4712 2540 4787 improba:
2581 4701 2952 4765 consuetudini
2987 4700 3148 4756 etiam
3196 4694 3483 4767 plurimttm
3525 4685 3709 4789 adhue:

2123 4823 2301 4869 rentes
2346 4786 2378 4863 a
2423 4803 2625 4861 malitia
2655 4800 2922 4855 abducere
2971 4801 3170 4863 posset.
3227 4786 3606 4842 Verumtamen
3660 4786 3709 4831 st

2122 4906 2298 4960 minus
2313 4899 2501 4964 oculis,
2529 4890 2835 4966 cogitationi
2855 4884 3068 4959 quidem
3088 4889 3234 4937 certe
3250 4880 3485 4949 ipsorum
3511 4871 3710 4925 anima:

2122 4996 2356 5052 dedecus
2386 4989 2670 5060 subjicere,
2702 4993 2758 5041 et
2782 4983 2952 5053 ipsam
2977 4975 3292 5032 tabe-factam
3319 4979 3372 5025 et
3396 4970 3710 5060 corruptam

2124 5084 2408 5143 ostendere
2433 5053 2575 5136 licet.
2607 5077 2751 5132 Sicut
2767 5072 2923 5136 enim,
2946 5067 3138 5139 inquit,
3165 5077 3336 5119 servus
3363 5057 3450 5128 qui
3471 5053 3713 5109 ceratinae

2126 5177 2438 5249 ﬂagellatur,
2468 5172 2529 5226 de
2554 5169 2786 5224 cicatrice
2807 5180 2909 5219 non
2939 5157 3260 5216 mandabitur
3284 5169 3302 5208 :
3327 5151 3406 5249 sic
3420 5150 3632 5249 jurans;

2130 5270 2289 5324 Deum
2332 5281 2528 5335 semper
2566 5263 2854 5318 nominans,
2879 5273 2910 5310 a
2942 5260 3147 5326 peccato
3184 5263 3283 5301 non
3321 5242 3559 5295 innocens
3589 5233 3713 5340 ﬁct'

2124 5365 2313 5437 (Eccli.
2342 5363 2432 5418 25.
2462 5358 2573 5430 il).
2606 5350 2940 5424 lmpossibile
2965 5347 3129 5409 enim,
3172 5334 3503 5437 impossibile
3529 5334 3717 5437 oiju-

2129 5419 2368 5513 ramento
2393 5448 2769 5511 assuefactum,
2797 5457 2904 5498 non
2925 5439 3232 5509 frequenter
3251 5430 3509 5525 pejerare.
3571 5419 3715 5525 Pro-

2131 5563 2310 5623 pterea
2340 5546 2581 5617 supplico
2607 5536 2877 5600 omnibus,
2899 5540 2958 5588 ut
2982 5526 3334 5602 perniciosam
3356 5521 3494 5576 hanc
3521 5524 3576 5572 et
3604 5521 3715 5568 im-

2195 5706 2213 5735 ι
2247 5701 2385 5752 savii.
2406 5709 2459 5753 et
2479 5697 2660 5762 aliquo:
2682 5704 2806 5758 .ttss.,
2826 5693 3089 5760 impunitus
3108 5690 3215 5749 erit.
