3912 6230
392 263 497 320 155

384 381 586 448 ταύτην
619 376 714 430 καὶ
747 375 989 448 πονηράν
1023 374 1308 445 συνήθειαν
1341 374 1710 444 ἀποθεμένους
1739 374 1839 444 τῆς
1861 375 2059 447 ψυχῆς,

387 472 572 540 ἕτερον
593 465 856 536 στέφανον
878 463 1264 536 ἀναδήσασθαι.
1289 463 1399 515 Καὶ
1420 461 1569 514 ὥσπε
1579 478 1609 532 ρ
1632 460 1909 531 πανταχοῦ
1935 463 2066 533 περὶ

384 555 485 626 τῆς
523 555 729 618 πόλεως
762 553 945 625 ᾄδουσι
987 551 1086 620 τῆς
1111 549 1404 620 ἡμετέρας,
1445 548 1528 601 ὅτι
1575 547 1766 622 πρώτη
1794 548 1902 602 τῶν
1923 549 2065 603 κατά

386 643 483 714 τήν
508 640 834 713 οἰκουμένην
863 637 1088 692 ἁπασῶν
1116 637 1178 688 τὸ
1217 633 1370 707 [151]
1398 635 1740 706 Χριστιανῶν
1764 635 1936 706 ὄνομα
1971 637 2064 690 ἀν-

388 730 612 783 εδύσατο
636 743 688 795 ι,
712 728 854 782 οὓτω
876 727 992 780 δότε
1021 726 1152 778 πᾶσι
1173 723 1469 792 λέγειν,ὄτι
1490 723 1627 794 μόνη
1654 722 1764 777 τῶν
1790 723 1931 777 κατά
1963 723 2065 796 τὴν

385 817 714 888 οἰκουμένην
737 813 965 868 ἀπασῶν
1019 811 1317 881 Ἀντιόχεια
1343 810 1470 873 τοὺς
1489 810 1686 880 ὅρκους
1713 809 1821 864 τῶν
1850 809 2066 864 οἰκείων

387 909 531 980 ὅρων
554 903 822 974 ἀπήλασε.
869 900 1086 955 Μᾶλλον
1111 899 1190 962 δὲ,
1227 897 1293 953 ἀν
1322 897 1479 953 τοῦτο
1503 895 1750 967 γένηται,
1790 896 1892 950 οὐκ
1923 895 2066 968 αὐτή

394 992 870 1062 στεφανωθήσεται
924 988 1079 1060 μόνη,
1133 985 1271 1041 ἀλλά
1315 985 1410 1039 καὶ
1439 983 1634 1056 ἐτέρας
1678 985 1758 1048 εἰς
1784 983 1877 1037 τὸν
1904 981 2068 1036 αὐτὸν

392 1082 568 1145 ὲνάξει
604 1079 764 1151 ζῆλον
787 1095 800 1109 ·
864 1078 958 1131 κα)⁵
993 1075 1245 1146 καθάπερ
1269 1074 1331 1127 τὸ
1374 1073 1545 1142 ὄνομα
1584 1071 1694 1125 τῶν
1723 1069 2069 1142 Χριστιανῶν

389 1169 579 1238 ὥσπερ
615 1167 678 1220 ἐκ
714 1183 859 1229 τινος
897 1165 1082 1236 πηγῆς
1127 1162 1370 1216 ἐντεῦθεν
1409 1159 1715 1232 ἀρξάμενον
1753 1159 1934 1212 πᾶσαν
1964 1158 2065 1230 τήν

393 1255 718 1327 οἰκουμένην
784 1253 1102 1320 ἐπέκλυσεν,
1147 1250 1291 1304 οὕτω
1344 1249 1409 1322 δὴ
1467 1250 1563 1303 καὶ
1613 1248 1676 1301 τὸ
1731 1246 2066 1318 κατόρθωμα

393 1343 548 1397 τοῦτο
600 1343 699 1404 τὴν
765 1340 920 1406 ῥίζαν
975 1341 1066 1392 καὶ
1117 1337 1216 1410 τὴν
1264 1335 1516 1408 ἀφορμὴν
1577 1333 1827 1389 ἐντεῦθεν
1879 1333 2062 1397 λαϐὸν,

457 1501 483 1529 ⁸
505 1502 615 1548 Sav.
640 1498 898 1558 elquidam
921 1510 1035 1544 IIIIS.
1060 1495 1340 1551 ἀνεδήσατο.

445 1684 1894 1718 ____________________________

1172 259 1230 314 S.
1283 257 1571 316 JOANNIS
1606 259 2098 316 CHRYSOSTOMI
2139 260 2457 317 ARCHIEP.
2503 261 3047 318 CONSTANTINOI‘.

3741 261 3845 320 πει

2169 377 2378 439 πάντας
2439 376 2564 440 τοὺς
2619 377 2719 448 τὴν
2752 379 2856 446 γῆν
2906 377 3187 440 οἰκοῦντας
3237 375 3554 450 ἀνθρώπως
3603 377 3851 450 μαθητὰς

2169 463 2470 536 ὑμετέρους
2526 463 2859 534 ἐργάσεται,
2909 463 3048 516 ὥστε
3113 463 3333 518 διπλοῦν
3391 465 3518 536 ὑμῖν
3574 465 3673 521 καὶ
3728 485 3848 538 τρι-

2169 548 2339 604 πλοῦν
2363 549 2616 618 γενέσθαι
2642 549 2734 603 τὸν
2763 550 2972 621 μισθὸν,
2993 551 3089 605 καὶ
3112 552 3253 623 ὑπὲρ
3275 551 3383 606 τῶν
3411 552 3628 606 οἰκείων
3654 569 3848 624 κατορ-

2170 636 2461 707 θωμάτων,
2496 636 2591 689 καὶ
2623 636 2765 710 ὑπὲρ
2793 637 2891 708 τῆς
2927 638 3034 692 τῶν
3067 637 3241 692 ἀλλων
3272 637 3640 703 διδασκαλίας.
3677 639 3848 693 Τοῦτο

2170 724 2504 795 διαδήματος
2537 723 2666 796 ὑμῖν
2699 724 2901 789 παντὸς
2933 725 3086 780 ἐσται
3114 725 3512 797 λαμπρότερον,
3553 727 3716 780 τοῦτο
3749 745 3847 798 μη-

2167 810 2424 883 τρόπολιν
2464 810 2594 882 ὑμῖν
2630 812 2844 884 ποιήσει
2873 813 2972 884 τὴν
3006 813 3182 877 πόλιν,
3224 814 3326 866 οὐκ
3377 815 3435 868 ὲν
3479 816 3547 885 τῇ
3585 817 3680 885 γῇ,
3714 815 3850 870 ἀλλά

2168 897 2262 951 καί
2295 898 2388 952 ἐπὶ
2418 897 2528 953 τῶν
2568 899 2856 972 οὐρανῶνδ
2878 915 2894 932 ·
2949 899 3108 954 τοῦτο
3137 903 3232 954 καὶ
3267 899 3387 954 κατ’
3417 900 3636 971 ἐκείνην
3693 901 3853 970 ήμῶν

2170 985 2541 1056 προστήσεται
2571 985 2672 1058 τὴν
2704 987 2938 1059 ήμέραν,
2970 987 3064 1041 καὶ
3089 987 3180 1040 τὸν
3208 987 3308 1058 τῆς
3329 985 3677 1058 δικαιοσύνης
3719 989 3856 1058 ήμῖν

2169 1072 2306 1125 οἴσει
2335 1071 2598 1142 στέφανον
2619 1091 2634 1104 ·
2671 1067 2733 1127 οὗ
2767 1075 2977 1144 γένοιτο
3017 1074 3226 1140 πάντας
3249 1076 3398 1145 ἡμᾶς
3419 1076 3722 1146 ἐπιτυχεῖν,
3753 1076 3856 1144 χά-

2176 1175 2284 1230 ριτι
2315 1160 2410 1213 καὶ
2441 1160 2818 1234 φιλανθρωπία
2841 1162 2934 1217 τοῦ
2963 1162 3170 1232 Κυρίου
3193 1161 3350 1233 ὴμῶν
3381 1161 3556 1233 Ἰησοῦ
3581 1160 3850 1232 Χριστοῦ,

2175 1245 2294 1316 μεθ’
2317 1241 2379 1302 οὗ
2411 1247 2490 1318 τῷ
2523 1249 2772 1324 Πατρὶεή
2803 1248 2950 1316 δόξα,
2985 1249 3100 1320 ἃμα
3142 1247 3221 1319 τῷ
3254 1248 3395 1320 ἁγίῳ
3420 1248 3724 1319 Πνεύματι,
3754 1250 3854 1306 νῦν

2171 1333 2266 1385 καὶ
2292 1333 2399 1397 ἀεὶ,
2435 1334 2530 1388 καὶ
2557 1335 2637 1399 εἰς
2665 1337 2792 1402 τοὺς
2818 1335 3021 1401 αἰῶνας
3046 1336 3154 1390 τῶν
3189 1336 3420 1394 αἰώνων.
3471 1335 3668 1408 Ἀμήν.

2237 1481 2266 1521 b
2289 1483 2387 1534 Alii
2411 1485 2458 1534 ἐν
2481 1487 2550 1551 τῷ
2575 1486 2775 1552 οὐρανῷ.

399 1811 525 1863 Ἐτι
555 1809 641 1872 εις
667 1803 781 1872 τὴν
803 1799 1121 1870 συμφορὰν
1141 1794 1253 1866 τῆς
1276 1796 1506 1858 πόλεως
1540 1787 1923 1858 Ἀντιοχείας,
1951 1784 2051 1840 καί
2087 1783 2178 1837 ὅτι
2217 1781 2520 1852 χρήσιμον
2543 1783 2852 1852 πανταχοῦ
2879 1783 3083 1852 φόϐος,
3120 1781 3219 1836 καὶ
3274 1781 3365 1835 ὅτι
3417 1778 3635 1846 πένθος
3667 1780 3850 1851 γέλω-

469 1918 569 1964 τος
596 1893 1120 1959 λυσιτελέστερον,
1189 1886 1288 1944 καί
1323 1888 1410 1952 εἰς
1439 1884 1554 1953 τὴν
1574 1880 1766 1952 ῥῆσιν
1797 1879 1912 1949 τὴν
1947 1876 2289 1948 λέγουσαν·
2333 1874 2626 1943 Ἐπίγνωθι
2672 1876 2753 1928 ὅτι
2781 1876 2840 1927 ἐν
2880 1875 3031 1946 μέσῳ
3091 1874 3332 1943 παγίδων
3376 1872 3700 1937 διαϐαίνεις·
3749 1875 3848 1928 καί

465 1991 558 2044 ὅτι
595 1988 699 2042 τοῦ
731 1986 1011 2056 φονεύειν
1042 1981 1108 2036 τὸ
1142 1977 1392 2050 ὁρκίζειν
1412 1975 1634 2046 χεῖρον.

1071 2231 1304 2299 Ὂμιλία
1335 2236 1420 2284 ιε’.

466 2331 536 2381 α’.
549 2324 697 2378 Ἔδει
725 2324 819 2377 καὶ
835 2323 1072 2393 τήμερον
1085 2319 1180 2372 καὶ
1194 2317 1271 2388 τῷ
1291 2313 1540 2388 προτέρῳ
1552 2309 1806 2393 σαϐϐάτῳ
1828 2309 1918 2361 τὸν
1941 2305 2069 2393 περὶ

392 2413 647 2481 νηστείας
671 2391 898 2481 κινῆσαι
913 2391 1089 2476 λόγον,
1112 2405 1208 2458 καὶ
1233 2402 1417 2475 μηδεὶς
1437 2401 1664 2471 ἄκαιρον
1692 2391 1830 2450 εῖναι
1857 2392 2070 2465 νομιζέ-

388 2508 468 2548 τω
491 2498 554 2553 τὸ
565 2497 777 2568 λεχθέν.
795 2497 882 2549 Ἐν
902 2495 1000 2566 μὲν
1018 2494 1128 2564 γὰρ
1142 2495 1261 2554 ταῖς
1281 2489 1513 2561 ἡμέραις
1528 2486 1628 2557 τῆς
1647 2483 1900 2555 νηστείας
1918 2481 2071 2534 οὐδὲν

390 2586 471 2642 δεῖ
522 2567 830 2658 συμϐουλῆς
871 2582 966 2634 καὶ
997 2578 1370 2652 παραινέσεως
1405 2577 1486 2637 εἰς
1530 2573 1717 2636 τοῦτο,
1765 2570 1934 2639 αὐτῆς
1961 2567 2070 2658 τῶν

396 2657 622 2746 ἡμερῶν
651 2672 749 2744 τῆς
778 2668 1079 2740 παρουσίας
1108 2666 1203 2720 καὶ
1228 2667 1352 2727 τοὺς
1381 2661 1583 2732 σφόδρα
1606 2657 2070 2746 ἀναπεπτωκότας

394 2743 775 2832 διεγειρούσης
793 2757 928 2829 πρὸς
959 2755 1050 2808 τὸν
1083 2753 1182 2825 τῆς
1213 2749 1464 2823 νηστείας
1501 2747 1708 2816 ἀγῶνα.
1755 2744 1974 2832 Ἐπειδὴ
2013 2743 2070 2796 δὲ

397 2831 582 2907 πολλοί
618 2847 726 2900 τῶν
758 2843 1060 2916 ἀνθρώπων
1107 2839 1328 2893 εἰσιέναι
1356 2853 1414 2889 τε
1445 2838 1524 2899 εἰς
1567 2833 1820 2906 νηστείαν
1854 2831 2070 2903 μέλλον-

397 2955 511 3000 τες,
551 2935 802 3003 καθάπερ
841 2928 1128 3002 πολιορκίᾳ
1163 2927 1271 2980 τινὶ
1307 2924 1494 2995 μακρᾷ
1522 2920 1908 2994 παραδίδοσθαι
1944 2919 2069 2990 μελ-

397 3025 594 3092 λούσης
619 3022 718 3092 τῆς
753 3018 1009 3090 γαστρὸς,
1039 3013 1343 3086 ἀδηφαγίαν
1376 3011 1471 3065 καὶ
1499 3009 1668 3080 μέθην
1707 3006 2071 3080 προλαϐόντες

397 3112 767 3172 ἀποτίθενται,
801 3107 1032 3170 ἐξιόντες
1063 3121 1123 3156 τε
1155 3101 1336 3165 πάλιν,
1366 3098 1553 3170 ὥσπερ
1581 3096 1645 3151 ἐκ
1685 3113 1830 3160 τινος
1859 3093 2069 3167 μακροῦ

397 3197 556 3268 λιμοῦ
605 3195 699 3249 καὶ
735 3191 972 3264 χαλεποῦ
1018 3186 1390 3260 δεσμωτηρίου
1428 3184 1529 3254 τῆς
1556 3182 1804 3254 νηστείας
1828 3181 2072 3235 ἀπαλλαο

397 3287 610 3356 γέντες,
659 3279 798 3353 μετά
838 3278 1035 3348 πολλῆς
1060 3275 1159 3344 τῆς
1198 3271 1586 3344 ἀπειροκαλίας
1620 3270 1710 3323 ἐπὶ
1740 3270 1838 3333 τάς
1868 3269 2072 3356 τραπέ-

400 3355 497 3438 ζας
518 3372 790 3442 τρέχουσι,
808 3366 1058 3436 καθάπερ
1081 3360 1469 3426 σπουδάζοντες
1484 3361 1582 3429 τὴν
1610 3359 1675 3411 ἐκ
1697 3357 1795 3428 τῆς
1821 3355 2072 3428 νηστείας

398 3460 696 3530 γενομένην
728 3457 910 3518 αὐτοῖς
947 3452 1212 3522 ὠφέλειαν
1259 3451 1326 3520 τῇ
1374 3448 1472 3518 τῆς
1501 3445 1809 3516 ἀδηφαγίας
1837 3444 2074 3518 ἀμετρίᾳ

399 3545 700 3602 καταλῦσαι
739 3542 924 3604 πάλιν,
958 3540 1253 3606 ἀναγκαῖον
1286 3532 1354 3607 ἦν
1405 3536 1501 3588 καὶ
1535 3534 1658 3588 τότε
1694 3533 1790 3586 καὶ
1819 3532 1915 3586 νῦν
1945 3533 2073 3598 τοὺς

403 3633 532 3702 περί
556 3630 878 3701 ἐγκρατείας
902 3627 1118 3696 κινῆσαι
1147 3624 1360 3692 λόγους.

487 3717 623 3775 Ἀλλ’
675 3717 824 3786 ὅμως
854 3713 974 3766 οῦτε
1004 3710 1194 3782 πρώην
1241 3707 1542 3779 εἰρήκαμέν
1581 3724 1634 3760 τι
1665 3708 1924 3773 τοιοῦτον,
1951 3709 2076 3764 οὔτε

401 3805 496 3862 νῦν
527 3804 794 3876 ἐροῦμεν·
854 3802 884 3854 ὁ
931 3799 1037 3869 γὰρ
1070 3797 1170 3878 τῆς
1199 3795 1549 3866 ἐπικειμένης
1589 3797 1877 3866 συμφορᾶς
1909 3797 2074 3866 φόϐος

402 3893 524 3946 ἀντὶ
551 3892 730 3961 πάσης
753 3887 1128 3961 παραινέσεως
1158 3885 1251 3938 καὶ
1275 3882 1584 3954 συμϐουλῆς
1605 3882 1768 3954 ἀρκεῖ
1785 3883 1884 3947 τάς
1903 3885 2074 3939 ἀπάν-

399 3997 509 4036 των
539 3977 868 4050 σωφρονίσαι
892 3974 1087 4046 ψυχάς.
1117 3972 1211 4036 Τίς
1231 3970 1342 4044 7&9
1362 3969 1535 4036 οὓτως
1561 3970 1742 4035 ἀθλιος
1764 3973 1858 4026 καὶ
1887 3973 2076 4028 ταλαί-

404 4085 604 4136 πωρος,
636 4067 711 4131 Ib;
739 4067 796 4118 ἐν
819 4063 1056 4132 τοσούτῳ
1086 4058 1316 4132 χειμῶνι
1342 4058 1592 4130 μεθύειν;
1615 4059 1700 4124 τίς
1726 4059 1897 4125 οὕτως
1923 4062 2075 4115 ἀναί-

405 4155 619 4226 σἸητος,
646 4154 722 4217 ὡς
747 4153 845 4224 τῆς
879 4151 1084 4213 πόλεως
1113 4147 1257 4202 οὕτω
1279 4147 1664 4217 σαλευομένης,
1696 4148 1790 4200 καὶ
1812 4150 2074 4218 ναυαγίας

403 4242 656 4311 τοιαύτης
678 4240 1096 4309 ἀπειλουμένης,
1127 4237 1201 4308 μὴ
1225 4237 1416 4307 νήφειν
1441 4235 1537 4289 καὶ
1567 4236 1946 4307 ἐγρηγορέναι,
1981 4237 2075 4290 καὶ

407 4331 585 4399 πάσης
633 4327 941 4398 συμϐουλῆς
985 4326 1081 4379 καὶ
1125 4323 1500 4397 παραινέσεως
1535 4323 1922 4393 ἀκριϐέστερον
1967 4323 2076 4376 ἀπὸ

405 4416 506 4486 τῆς
534 4415 767 4484 ἀγωνίας
787 4411 1126 4484 διορθοῦσθαι
1153 4410 1387 4481 ταύτης;
1413 4409 1488 4464 οὐ
1510 4407 1620 4480 7&9
1635 4408 1889 4462 τοσοῦτον
1917 4411 2076 4480 ἐργά-

409 4504 604 4561 σασθαι
619 4503 902 4574 δυνήσεται
927 4499 1102 4568 λόγος,
1117 4501 1239 4553 ὅσον
1263 4497 1310 4572 [1
1322 4495 1414 4568 52]
1436 4495 1725 4568 ἐργάζεται
1755 4496 1916 4565 φόϐος
1936 4513 1948 4527 ·
1982 4499 2075 4551 καὶ

406 4591 565 4648 τοῦτο
579 4590 712 4644 αὐτὸ
725 4589 832 4643 ἀπὸ
849 4587 956 4642 τῶν
981 4587 1403 4658 συμϐεϐηκότων
1420 4587 1515 4641 νῦν
1529 4585 1754 4640 δυνατὸν
1773 4585 2070 4652 ἀποδεῖξαι.

411 4679 612 4741 Πόεους
634 4679 762 4746 γοῦν
782 4674 1137 4747 ἀνηλώσαμεν
1157 4675 1368 4742 λόγους,
1399 4673 1664 4738 πολλοὺς⁸
1690 4673 1797 4727 τῶν
1814 4671 2075 4744 ῥᾳθύμων

407 4765 813 4836 παραινοῦντες,
830 4765 926 4817 καὶ
941 4760 1396 4833 συμϐουλεύοντες
1413 4761 1482 4814 τὰ
1506 4759 1709 4833 θέατρα
1724 4760 1963 4829 ἀφεῖναι,
1979 4761 2076 4814 καί

406 4854 504 4916 τὰς
530 4854 734 4906 ἐκεῖθεν
759 4848 1082 4914 ἀκολασίαςς
1114 4847 1210 4903 καὶ
1232 4849 1332 4901 οὐκ
1355 4847 1665 4918 ήνέσχοντο,
1685 4848 1800 4901 ἀλλ’
1823 4849 1908 4902 ἀεὶ
1933 4848 2077 4903 κατά

404 4943 504 5014 τήν
534 4942 742 5013 ἡμέραν
767 4941 970 5010 ταύτην
990 4941 1082 4992 ἐπὶ
1103 4938 1201 5001 τάς
1228 4938 1576 5009 παρανόμους
1598 4937 1706 4991 τῶν
1733 4938 2077 5011 ὀρχουμένων

408 5032 725 5100 συνέτρεχον
759 5029 1012 5100 θεωρίας,
1051 5027 1147 5082 καὶ
1199 5027 1451 5096 σύλλογον
1479 5027 1784 5081 διαϐολικδν
1815 5028 2075 5083 ἀντικαθ-

409 5119 630 5173 ίστασαν
654 5117 732 5188 τῷ
750 5117 1070 5190 πληρώματι
1094 5117 1194 5186 τῆς
1221 5115 1542 5187 Ἐκκλησίας
1566 5116 1658 5170 τοῦ
1675 5115 1832 5182 Θεοῦ,
1850 5117 1945 5172 καὶ
1959 5121 2078 5183 ταῖς

406 5207 640 5262 ἐνταῦθα
674 5206 1013 5278 ψαλμῳδίαις
1040 5208 1306 5277 ἀντήχουν
1333 5209 1387 5260 αἱ
1429 5206 1637 5260 ἐκεῖθεν
1669 5210 1908 5277 κραυγαὶ
1940 5211 2076 5279 μετά

403 5297 606 5366 πολλῆς
633 5295 927 5368 φερόμεναι
951 5294 1052 5365 τῆς
1082 5293 1464 5365 σφοδρότητος·
1493 5294 1606 5348 ἀλλ’
1635 5294 1741 5348 ἰδοὺ
1765 5294 1860 5347 νῦν
1885 5297 2078 5364 σιγών-

403 5401 512 5440 των
539 5383 718 5455 ήμῶν,
757 5382 1029 5437 καὶ.οὐδέν
1067 5382 1193 5454 περὶ
1227 5382 1416 5436 τούτου
1463 5381 1750 5451 λεγόντων,
1783 5384 2075 5453 αὐτόματοι

409 5473 503 5544 τὴν
529 5474 837 5544 ὀρχήστραν
866 5469 1106 5543 ἔφραξαν
1123 5471 1175 5536 ι),
1221 5472 1312 5524 καὶ
1337 5473 1366 5525 6
1398 5471 1730 5541 ἱππόδρομος
1763 5471 1959 5535 ἄϐατος
1983 5474 2076 5542 γέ-

407 5575 527 5627 γονε
544 5575 558 5590 ·
584 5561 675 5614 καὶ
695 5560 800 5632 πρὸ
813 5559 1002 5614 τούτου
1031 5559 1128 5631 μὲν
1151 5558 1334 5612 πολλοὶ
1353 5558 1462 5610 τῶν
1475 5559 1762 5630 ἡμετέρων
1784 5561 1918 5633 πρὸς
1935 5561 2076 5615 ὲκεί-

407 5661 528 5711 νυυς
564 5647 802 5718 ἔτρεχον,
834 5649 952 5703 νυνὶ
979 5647 1033 5702 δέ
1061 5649 1256 5712 πάντες
1279 5646 1488 5703 ἐκεῖθεν
1518 5648 1596 5712 εἰς
1623 5647 1719 5720 τὴν
1781 5649 2076 5722 ἐκκλησιαν

462 5813 488 5885 _‘
509 5817 616 5885 A_l_i_i_
628 5820 838 5885 πολλοῖς,
858 5822 940 5873 alii
963 5825 1180 5885 πολλούς.

458 5875 482 5913 δ
518 5878 618 5932 Δίὶὶ
641 5875 854 5945 ἔφραξαν,
876 5885 960 5936 alii
985 5875 1247 5952 ἐνέφραξαν,
1270 5889 1347 5940 vel
1368 5889 1644 5956 ἀνέφραξαν.

2174 2215 2498 2286 κατέφυγον,
2538 2218 2631 2271 καίΙ
2668 2218 2758 2270 τὸν
2793 2217 3060 2288 ἡμέτερον
3093 2216 3329 2280 ἅπαντες
3361 2216 3648 2289 ἐνυμνοῦσι
3689 2218 3845 2277 Θεόν.

2254 2301 2416 2373 Ὁρᾷς
2437 2303 2602 2356 πόσον
2621 2304 2727 2356 ἀπὸ
2751 2304 2842 2356 τοῦ
2861 2304 3025 2374 φόϐου
3059 2304 3120 2356 τὸ
3149 2303 3339 2374 κέρδος
3380 2304 3630 2372 ἐγένετο;
3665 2307 3728 2358 Εἰ
3773 2308 3849 2380 μή

2173 2389 2336 2443 καλὸν
2379 2386 2447 2461 ἦν
2484 2394 2513 2444 6
2555 2391 2737 2460 φόϐος,
2777 2392 2879 2444 οὐκ
2925 2391 2991 2445 ἀν
3037 2392 3270 2462 πατέρες
3315 2391 3696 2460 παιδαγωγοὺς
3735 2398 3851 2459 τοῖς

2173 2478 2359 2531 παισὶν
2385 2478 2712 2548 ἐπέστησαν,
2744 2479 2845 2532 οὐκ
2873 2479 2939 2532 ἂν
2968 2481 3018 2531 οἰ
3043 2478 3326 2548 νομοθέται
3359 2481 3480 2542 ταῖς
3501 2479 3722 2532 πόλεσιν
3750 2481 3850 2552 ἄρ-

2173 2580 2384 2633 χοντας.
2417 2566 2482 2618 Τί
2513 2566 2734 2635 γεέννης
2763 2564 3168 2636 χαλεπώτερον;
3201 2565 3316 2618 ἀλλ’
3345 2565 3495 2618 οὐδὲν
3518 2565 3610 2619 τοῦ
3642 2567 3852 2638 ταύτης

2172 2650 2582 2724 χρησιμώτερον
2611 2653 2797 2721 φόϐου·
2830 2656 2858 2706 6
2883 2653 2992 2724 7&9
3019 2653 3119 2724 τῆς
3147 2653 3374 2724 γεέννης
3416 2653 3578 2722 φόϐος
3615 2655 3712 2706 τὸν
3748 2655 3851 2725 τῆς

2174 2736 2448 2806 βασιλείας
2465 2742 2599 2811 ήμῖν
2621 2740 2834 2810 κομίζει
2859 2740 3139 2808 στέφανον.
3171 2740 3340 2794 Ἔνθα
3370 2741 3531 2809 φόϐος
3553 2741 3724 2806 ἐστὶν,
3748 2742 3851 2794 οὐκ

2172 2821 2288 2876 ἐστι
2343 2823 2555 2894 φθόνος·
2606 2825 2734 2879 ἐνθα
2785 2825 2949 2895 φόϐος
3008 2827 3144 2892 ἐστὶ,
3209 2828 3504 2897 χρημάτων
3555 2827 3698 2898 ἔρως
3750 2828 3854 2881 οὐκ

2171 2910 2395 2981 ἐνοχλεῖ·
2449 2910 2577 2966 ἔνθα
2620 2911 2783 2980 φόϐος
2823 2913 2991 2975 ἐστὶν,
3045 2911 3299 2966 ἔσϐεσται
3343 2913 3530 2984 θυμὸς,
3583 2915 3852 2986 ἐπιθυμία

2171 2998 2529 3051 κατέσταλται
2559 2999 2802 3068 πονηρὰ,
2831 2998 2980 3052 ἅπαν
3012 2999 3294 3067 ἀλόγιστον
3325 2999 3613 3071 ἐξώρισται
3652 3002 3850 3066 πάθος·

2172 3085 2267 3140 καὶ
2292 3084 2545 3156 καθάπερ
2573 3087 2631 3140 ἐν
2663 3087 2810 3157 οἰκίᾳ
2850 3085 3179 3157 στρατιώτου
3210 3088 3472 3158 διηνεκῶς
3501 3088 3849 3160 ὡπλισμένου

2170 3171 2232 3224 ού
2259 3171 2483 3246 λῃστὴς,
2506 3172 2566 3225 οὐ
2591 3171 2942 3242 τοιχωρύχος,
2963 3173 3064 3225 οὐκ
3089 3172 3245 3236 ἀλλος
3273 3191 3354 3238 τις
3388 3174 3494 3227 τῶν
3524 3175 3596 3228 τὰ
3624 3176 3851 3229 τοιαῦτα

2173 3257 2624 3329 κακουργούντων
2651 3258 2910 3330 τολμήσει
2935 3260 3166 3329 φανῆναι
3192 3260 3439 3330 πλησίον,
3463 3260 3608 3314 οὕτω
3630 3263 3729 3316 καὶ
3759 3263 3853 3331 (p6-

2171 3342 2269 3398 6ου
2298 3344 2400 3408 τὰς
2426 3344 2700 3415 ἡμετέρας
2735 3346 3054 3416 κατέχοντος
3083 3345 3279 3416 ψυχὰς,
3314 3347 3463 3401 οὐδὲν
3499 3348 3606 3401 τῶν
3633 3349 3852 3402 ἀνελευο

2175 3430 2348 3501 θέρων
2397 3431 2587 3486 παθῶν
2625 3432 3002 3503 ἐπεισέρχεται
3049 3435 3248 3504 ῥᾳδίως
3295 3436 3444 3505 ήμῖν·
3490 3433 3626 3488 ἀλλά
3674 3438 3854 3491 πάντα

2173 3517 2492 3590 δραπετεύει
2519 3519 2616 3573 καὶ
2642 3519 3007 3589 φυγαδεύεται
3027 3523 3093 3591 τῇ
3114 3522 3386 3592 τυραννίδι
3405 3520 3502 3574 τοῦ
3523 3521 3691 3590 φόϐου
3719 3525 3854 3577 πάν·-

2173 3605 2328 3660 τοθεν
2353 3605 2760 3677 ἐξελαυνόμενα.
2789 3605 2898 3658 Καὶ
2927 3607 2986 3659 οὐ
3015 3606 3171 3660 τοῦτο
3195 3607 3354 3678 μόνον
3383 3607 3527 3660 ἐστὶν
3549 3607 3578 3659 ὃ
3602 3609 3852 3680 καρπού-

2177 3692 2318 3763 μεθα
2359 3693 2467 3746 ἀπὸ
2512 3693 2604 3746 τοῦ
2653 3692 2848 3761 φόϐου,
2893 3692 3028 3746 ἀλλά
3074 3695 3166 3747 καὶ
3203 3694 3387 3764 ἕτερον
3433 3693 3615 3764 πολλῷ
3658 3696 3853 3749 τούτου

2178 3782 2380 3851 μεῖζον.
2419 3781 2494 3834 Ού
2519 3779 2627 3851 7&9
2651 3779 2714 3851 δὴ
2737 3779 2805 3833 τά
2829 3780 3042 3851 πονηρὰ
3069 3783 3101 3850 ή
3111 3779 3226 3850 μῶν
3253 3780 3541 3834 ἀπελαύνει
3572 3782 3723 3853 πάθη
3753 3786 3854 3854 μό-

2176 3885 2286 3934 νον,
2322 3867 2458 3922 ἀλλά
2491 3867 2586 3921 καὶ
2622 3869 2802 3921 πᾶσαν
2833 3867 3043 3936 εἰσάγει
3073 3868 3210 3938 μετὰ
3245 3867 3445 3939 πολλῆς
3475 3869 3723 3934 εὐκολίας
3753 3873 3853 3942 τήν

2174 3957 2394 4028 ἀρετήν.
2420 3955 2588 4010 Ἔνθα
2609 3955 2771 4026 φόϐος
2791 3957 2956 4021 ἐστὶν,
2981 3958 3096 4010 ἐκεῖ
3110 3957 3202 4010 καὶ
3224 3957 3592 4028 ἐλεημοσύνης
3621 3961 3848 4030 σπουδή,

2175 4044 2268 4097 καὶ
2296 4043 2460 4114 εὐχῆς
2492 4043 2766 4110 ἐπίτασις,
2807 4045 2902 4096 καὶ
2937 4043 3147 4114 δάκρυα
3180 4043 3359 4115 Οερμά
3396 4045 3489 4098 καὶ
3532 4046 3850 4116 ἐπάλληλα.

2176 4132 2272 4186 καὶ
2297 4132 2589 4202 στεναγμοὶ
2617 4130 2817 4202 πολλὴν
2843 4130 3056 4202 ἔχοντες
3088 4132 3187 4203 τὴν
3209 4131 3519 4196 κατάνυξιν.
3552 4133 3725 4185 Οὐδὲν
3744 4134 3851 4205 γὰρ

2174 4217 2317 4272 οὕτω
2356 4217 2632 4272 κατεσθίει
2678 4219 2775 4289 μὲν
2811 4219 3214 4290 ἁμαρτήματα,
3254 4218 3452 4290 ἀρετήν
3487 4219 3544 4272 δὲ
3591 4218 3850 4286 αὔξεσθαι

2175 4308 2320 4359 ποιεῖ
2355 4306 2449 4358 καὶ
2488 4305 2720 4370 θάλλειν,
2764 4306 2840 4370 ῶς
2878 4307 3132 4378 διηνεκὴς
3170 4307 3336 4376 φόϐου
3368 4307 3548 4375 φύσις·
3577 4307 3666 4361 διὰ
3696 4307 3851 4362 τοῦτο

2173 4393 2266 4447 τὸν
2300 4393 2374 4464 μὴ
2403 4391 2650 4457 συζῶντα
2678 4394 2826 4464 φόϐῳ
2864 4394 3122 4448 ἀδύνατον
3149 4394 3542 4464 κατορθοῦσθαι
3579 4407 3628 4434 ο·
3662 4395 3851 4466 ῶσπερ

2174 4475 2267 4534 οῦν
2289 4480 2378 4533 τὸν
2414 4482 2470 4534 ἐν
2499 4480 2650 4551 φόϐῳ
2679 4480 2856 4545 ζῶντα
2884 4481 3140 4536 ἀδύνατον
3180 4482 3514 4554 διαμαρτεῖν.
3551 4483 3642 4553 Μὴ
3673 4484 3848 4537 τοίνυν

2175 4566 2446 4638 ἀλγῶμεν,
2463 4568 2756 4638 ἀγαπητοὶ,
2777 4569 2910 4639 μηδὲ
2933 4569 3365 4640 καταπίπτωμεν
3391 4570 3482 4622 ἐπὶ
3509 4573 3574 4641 τῇ
3601 4571 3846 4642 παρούσῃ

2177 4654 2386 4724 θλίψει,
2429 4654 2567 4709 ἀλλά
2602 4654 2971 4726 θαυμάσωμεν
3004 4656 3063 4715 τὸ
3098 4656 3400 4727 εὐμήχανον
3438 4657 3538 4728 τῆς
3576 4657 3672 4712 τοῦ
3716 4657 3848 4710 Θεοῦ

2177 4743 2388 4810 σοφίας.
2431 4743 2509 4796 Δι’
2552 4736 2629 4796 ὧν
2669 4743 2778 4815 7&9
2816 4743 3212 4814 προσεδόκησεν
3242 4745 3271 4796 ό
3297 4743 3539 4808 διάϐολος
3567 4746 3668 4816 τὴν
3694 4745 3844 4798 πόλιν

2175 4828 2333 4901 ήμῶν
2363 4829 2687 4883 καταϐαλεῖν
2706 4870 2722 4896 ,
2747 4829 2837 4883 διὰ
2869 4831 3070 4884 τούτων
3104 4831 3273 4900 αὐτὴν
3304 4832 3332 4883 6
3362 4831 3493 4895 Θεὸς
3523 4831 3548 4870 δ
3580 4831 3845 4903 ἀνέστησέ

2175 4934 2234 4970 τε
2279 4919 2384 4970 καί
2413 4915 2756 4988 ἀνώρθωσεν·
2787 4917 2817 4970 6
2852 4917 2951 4987 μὲν
2983 4916 3091 4988 γάρ
3130 4917 3374 4981 διάϐολος
3409 4919 3702 4973 ἐνέπνευσέ
3742 4934 3844 4973 τισι

2176 5005 2515 5076 παρανόμοις
2545 5003 2872 5076 ἀνθρώποις,
2904 5005 2998 5058 καὶ
3023 5007 3103 5068 εἰς
3125 5006 3249 5068 τοὺς
3272 5005 3381 5058 τῶν
3411 5005 3676 5074 βασιλέων
3703 5007 3843 5078 ὓϐρι-

2178 5110 2277 5146 σαν
2315 5093 2635 5164 ἀνδριάντας
2667 5103 2716 5158 ο,
2744 5093 2830 5146 ἵνα
2856 5093 2950 5145 καὶ
2978 5092 3107 5145 αὐτὸ
3130 5093 3230 5163 τῆς
3253 5093 3458 5157 πόλεως
3488 5094 3757 5165 ἀφανισθῇ
3788 5094 3843 5147 τδ

2176 5181 2404 5251 ἔδαφος·
2430 5183 2459 5235 ό
2489 5180 2546 5234 δὲ
2576 5181 2708 5246 Θεὸς
2745 5180 2893 5250 αὐτῷ
2918 5181 2983 5252 δὴ
3014 5181 3188 5252 τούτῳ
3220 5181 3298 5252 τῷ
3327 5182 3680 5254 γεγενημένῳ
3713 5183 3842 5254 πρὸς

2178 5269 2555 5340 σωφρονισμὸν
2583 5269 2739 5339 ἡμῶν
2777 5268 2997 5321 πλείονα
3043 5269 3412 5340 ἀπεχρήσατο,
3449 5269 3527 5339 τῷ
3567 5268 3717 5341 φόϐῳ
3747 5269 3840 5340 τῆς

2176 5356 2632 5428 προσδοκωμένης
2656 5356 2883 5425 ἀπειλῆς
2917 5357 3099 5411 πᾶσαν
3133 5355 3379 5409 ἐκϐαλὼν
3411 5356 3715 5429 ρᾳθυμίαν·
3755 5357 3838 5411 και

2175 5445 2364 5514 γέγονε
2394 5444 2718 5509 τούναντίον,
2747 5445 2890 5515 ήπερ
2913 5445 2942 5497 ό
2969 5443 3176 5514 δαίμων
3206 5443 3457 5516 ἠθέλησε,
3491 5445 3558 5497 δι’
3589 5438 3663 5498 ὧν
3689 5445 3835 5508 αὐτὸς

2175 5533 2596 5590 κατεσκεύασεν.
2645 5532 2710 5584 'H
2751 5530 2860 5600 7&9
2887 5530 3042 5594 πόλις
3077 5531 3210 5602 ήμῖν
3248 5530 3374 5585 καθ’
3409 5532 3648 5604 ἑκάστην
3688 5535 3834 5588 ἐκκαρ

2176 5621 2420 5694 θαίρεται
2465 5621 2564 5690 τὴν
2609 5619 2843 5690 ἡμέραν,
2889 5619 2993 5690 zeal}
3031 5617 3295 5672 στενωποί
3349 5619 3441 5673 καὶ
3491 5619 3709 5691 άμφοδα
3754 5617 3832 5674 κα)

2242 5775 2264 5802 °
2295 5771 2392 5821 Αιίί
2409 5769 2653 5834 ἀμήχανον
2673 5770 2990 5832 κατορθῶσαι.

2241 5830 2268 5870 d
2295 5831 2363 5880 [Ia
2385 5832 2496 5881 Sav.
2519 5837 2573 5880 et
2603 5843 2780 5881 manna
2803 5843 2918 5881 pars
2939 5842 3056 5879 mss.
3083 5828 3137 5878 In
3163 5827 3284 5880 ﬂor.
3307 5829 3335 5877 ό
3357 5829 3478 5881 Θεό(
3499 5829 3530 5880 d

2247 5830 2268 5870 τι
2295 5831 2363 5880 [Ia
2385 5829 2573 5881 Sa'v.'ét
2603 5843 2780 5893 magna
2798 5829 2918 5908 pars
2939 5842 3056 5879 mss.
3083 5829 3137 5878 In
3163 5829 3284 5880 Mor.
3307 5829 3335 5877 ό
3357 5829 3478 5889 Θεός
3499 5829 3665 5884 deest.

2247 5894 2270 5917 ⁸
2291 5891 2404 5945 SaV.
2435 5891 2590 5960 (bene)
2615 5894 2680 5954 εις
2696 5892 2866 5952 αὐτους
2881 5908 2927 5941 τ.
2949 5893 2996 5958 β.
3021 5889 3213 5955 ὑϐρίσαι
3241 5890 3518 5957 ἀνδριάντας
3560 5887 3688 5943 Eou-
