3912 6230
218 380 322 436 £53

218 493 444 566 probam
473 487 922 546 consuetudinem
952 485 1283 556 deponentes
1321 499 1387 540 ex
1425 486 1625 549 anima,
1656 484 1816 540 aliam

219 598 476 640 coronam
503 581 806 652 reportetis.
835 578 903 632 Et
932 578 1068 631 sicut
1088 576 1280 646 ubique
1309 575 1378 631 de
1398 576 1608 630 civitate
1636 584 1816 630 nostra

222 686 467 742 cantant,
498 674 641 746 quod
665 672 834 743 prima
859 669 1098 726 omnium
1129 669 1180 722 in
1208 668 1338 723 orbe
1369 676 1629 728 terrarum
1660 667 1818 722 Chri-

223 772 523 826 stianorum
560 779 755 820 nomen
783 761 949 816 induit
979 761 993 792 ³
1023 779 1034 813 :
1064 760 1140 814 sic
1169 759 1326 814 facile
1354 768 1412 813 ut
1431 772 1622 813 omnes.
1643 757 1820 820 dicant

223 861 396 916 solam
425 857 666 913 omnium
698 855 751 909 in
781 851 981 907 mundo
1028 851 1362 906 Antiochiam
1399 850 1628 920 propriis
1667 849 1819 918 jura-

225 963 408 1008 menta
448 949 645 1004 ﬁnibus
683 946 970 1017 expulisse.
1023 945 1134 998 lmo
1175 958 1304 998 vero
1331 944 1376 997 si
1421 943 1524 998 hoc
1563 942 1684 1007 ﬁat,
1713 957 1821 997 non

225 1055 431 1102 tantum
451 1043 565 1114 ipsa
584 1040 944 1104 coronabilur,
969 1052 1156 1092 verum
1179 1037 1340 1091 etiam
1357 1036 1486 1092 alias
1503 1035 1554 1089 in
1573 1035 1821 1091 eumdem

224 1137 401 1192 zelum
428 1134 655 1205 rediget.
704 1133 930 1187 Et‘sicut
953 1128 1376 1184 Christianorum
1416 1143 1648 1192 nomen,
1676 1127 1824 1182 velut

225 1245 294 1284 ex
317 1227 553 1300 quodam
581 1225 728 1280 fonte
747 1223 872 1278 hinc
893 1221 1173 1292 incipiens,
1197 1229 1365 1274 totum
1388 1218 1646 1274 mundum
1668 1219 1824 1274 inun-

223 1323 381 1379 davit
417 1339 432 1376 :
464 1319 543 1374 sic
570 1317 810 1389 profecto
835 1324 890 1370 et
918 1313 1165 1369 meritum
1193 1314 1295 1368 hoc
1319 1311 1552 1368 radicem
1580 1319 1635 1367 et
1662 1325 1822 1367 occa-

299 1428 314 1458 ¹
343 1444 450 1485 sav.
478 1440 531 1484 et
551 1431 743 1496 quidam
762 1438 891 1490 uss,
913 1441 1086 1478 nomen
1106 1425 1197 1478 sibi
1218 1426 1498 1490 adscripsit.

1141 371 1232 426 AD
1271 369 1594 429 POPULUM
1634 368 2121 434 ANTIOCl-lENUu
2197 367 2429 426 HOMIL.
2471 368 2590 426 XV.

3409 367 3512 420 154

1925 483 2130 537 sionem
2164 482 2288 538 hinc
2309 482 2550 552 capiens,
2575 494 2766 536 omnes
2797 488 2994 534 terram
3022 477 3319 533 habitantes
3348 477 3512 535 disri-

1926 575 2080 645 pulos
2099 573 2802 644 vestrosefﬁciet,utduplcx
2821 573 2972 628 vobis
2985 582 3040 627 et
3057 571 3247 642 triplex
3266 571 3356 625 ﬁat
3369 573 3513 625 mer-

1925 682 2039 735 ces,
2063 676 2119 723 et
2136 667 2204 723 de
2223 667 2452 738 propriis
2474 668 2760 735 meritis,et
2779 667 2847 722 de
2874 666 3098 722 aliorum
3115 666 3378 722 doctrina.
3407 665 3517 719 Hoc

1926 757 2228 815 diademate
2254 759 2495 830 quolibet
2531 759 2684 815 vobis
2707 760 2815 814 erit
2855 758 3185 830 Splendidius
3214 776 3228 811 :
3257 757 3360 813 hoc
3396 772 3516 812 me-

1929 852 2176 921 tropolim
2203 852 2355 907 vobis
2380 852 2649 907 civitatem
2688 850 2843 908 faciet
2872 853 3057 907 nonin
3105 863 3244 907 terra
3271 857 3476 906 tantum
3505 890 3522 914 ,

1926 960 2112 999 verum
2140 953 2195 999 et
2240 945 2294 1000 in
2323 945 2515 1000 caelis:
2545 945 2649 1001 hoc
2688 954 2744 1000 et
2781 945 2934 1001 nobis
2961 945 3048 1002 die
3085 945 3174 1000 illa
3213 945 3518 1015 patrocina-

1928 1036 2090 1100 bitur,
2116 1045 2172 1092 et
2195 1036 2414 1108 iustitia:
2434 1053 2686 1093 coronam
2715 1039 2869 1094 nobis
2887 1038 3076 1094 aﬁ‘eret
3100 1057 3114 1092 :
3141 1053 3297 1109 quam
3323 1045 3382 1092 ut
3402 1052 3522 1090 om-

1929 1144 2026 1184 nes
2045 1143 2424 1198 assequamur,
2455 1129 2615 1186 detur
2649 1131 2817 1201 gratia
2858 1138 2916 1186 et
2939 1130 3266 1200 benignitate
3311 1126 3520 1183 Domini

1929 1218 2099 1276 nostri
2133 1217 2262 1274 Jesu
2289 1219 2524 1282 Christi,
2567 1235 2688 1275 cum
2733 1235 2838 1290 quo
2864 1220 3006 1276 Patri
3048 1218 3236 1291 gloria,
3278 1217 3522 1274 simulet

1927 1317 2116 1363 sancto
2142 1307 2384 1378 Spiritui,
2417 1326 2558 1368 nunc
2587 1319 2643 1367 et
2667 1327 2898 1383 semper,
2933 1318 2988 1369 et
3016 1311 3068 1368 in
3114 1311 3310 1367 saewla
3340 1325 3517 1366 saecu-

1927 1399 2122 1457 lorum.
2153 1403 2346 1458 Amen.

229 1669 460 1713 ITIDEM
533 1667 597 1708 IN
667 1663 1121 1707 CALAMITATEM
1182 1663 1493 1706 crvru'rrs
1547 1665 1935 1722 ANrtocum,
1983 1669 2225 1715 unum
2270 1672 2510 1725 umque
2566 1673 2863 1718 TIMOBEM
2934 1671 3077 1715 assa
3142 1670 3527 1723 LUCTUMQUI

315 1771 457 1813 RISU
493 1766 863 1818 UTILIOBEM,
900 1766 978 1807 ET
1008 1765 1071 1806 IN
1107 1764 1293 1806 ILLUD
1321 1763 1586 1819 DICTUM,
1620 1765 1843 1809 AGNOSC

1950 1768 2099 1820 won
2129 1770 2194 1814 IN
2223 1771 2428 1815 MEDIO
2464 1771 2852 1825 ιΑρυΕοιιωιι
2904 1771 3290 1814 νειιτιιΑιιειε
3338 1751 3446 1832 (Ε
3455 1770 3524 1812 c-

313 1856 420 1916 cli.
465 1853 524 1913 9.
570 1852 648 1910 20
680 1851 726 1930 ),
773 1869 852 1910 nr
895 1865 1063 1918 QUOD
1106 1864 1291 1906 PEJUS
1331 1864 1601 1922 summa,
1647 1864 1823 1917 QUAM
1867 1867 2203 1912 occmsne.

1567 1986 2200 2042 Μῶα-βψ

847 2124 1066 2163 Ηοδιιιιυι
1107 2121 1205 2163 κν.

314 2207 371 2261 Ι.
403 2203 694 2275 Oportebat
717 2209 772 2256 et
800 2199 960 2254 hodie
988 2207 1043 2254 et
1085 2197 1360 2266 superiore
1397 2198 1619 2252 sabbato
1658 2198 1726 2253 de
1749 2215 1833 2268 je-

232 2296 391 2369 junio
420 2295 598 2350 facere
631 2306 934 2348 sermonem
965 2308 979 2344 :
1011 2289 1445 2358 intempestivum
1490 2289 1591 2344 hoc
1633 2289 1835 2344 dictum

234 2404 366 2444 esse
393 2387 589 2457 cogitet
615 2399 791 2439 nemo.
817 2381 946 2436 Nam
978 2381 1030 2435 in
1057 2380 1242 2434 diebus
1261 2379 1474 2449 quidem
1499 2379 1685 2449 jejunii
1705 2395 1839 2435 cnn-

236 2480 364 2532 silio
389 2477 520 2532 nihil
549 2489 684 2544 Opus
713 2482 796 2527 est
821 2482 874 2527 et
900 2470 1284 2536 admonitione,
1314 2469 1427 2538 ipsa
1457 2469 1666 2525 dierum
1698 2487 1838 2540 pra:-

235 2574 417 2628 sentia
452 2571 610 2626 etiam
637 2565 1120 2639 ncgligentissimos
1149 2563 1214 2618 ad
1237 2562 1423 2634 jejunii
1446 2571 1714 2618 certamen
1742 2579 1838 2618 ex-

238 2668 487 2732 citante;
519 2664 612 2718 sed
660 2662 912 2733 quoniam
953 2658 1226 2713 hominum
1263 2657 1416 2712 multi
1454 2656 1714 2727 jejunium
1743 2671 1840 2729 ag-

236 2757 506 2830 gressuri,
539 2764 806 2825 tamquam
834 2752 1009 2823 longa:
1033 2749 1248 2806 cuidam
1276 2749 1576 2804 obsessicni
1622 2749 1840 2805 traden-

236 2851 346 2906 dus
392 2850 462 2905 sit
508 2856 723 2912 venter,
754 2846 988 2915 crapulte
1027 2849 1082 2898 et
1123 2841 1366 2897 ebrietati
1409 2844 1843 2911 prmoccupantes

242 2940 532 3009 indulgent
560 2954 574 2993 :
605 2949 922 3005 rursumque
947 2932 1147 3004 egressi
1176 2942 1423 3002 tanquam
1441 2946 1508 2986 ex
1533 2931 1688 3002 longa
1709 2947 1840 3002 qua-

236 3033 370 3090 dam
389 3032 586 3093 esurie,
613 3039 664 3085 ct
685 3029 831 3099 gravi
857 3026 1044 3098 jejunii
1076 3040 1295 3081 carcere
1321 3025 1501 3091 soluti,
1528 3039 1648 3079 cum
1676 3027 1861 3080 multo.

240 3129 521 3186 dedecore
547 3127 612 3182 ad
636 3141 848 3181 mensas
863 3134 1101 3190 currunt,
1130 3140 1227 3180 ceu
1253 3122 1528 3178 studentes
1553 3119 1651 3176 sibi
1673 3127 1842 3173 ortam

241 3237 311 3277 cx
354 3220 562 3291 jejunio
610 3218 889 3273 utilitatem
941 3216 1171 3286 crapulae
1211 3229 1434 3270 excessu
1474 3227 1683 3267 rursum
1721 3226 1844 3280 per-

239 3313 416 3378 dere;
447 3327 626 3383 operaa
656 3310 884 3381 pretium
917 3309 1014 3363 fuit
1037 3315 1092 3363 et
1122 3316 1266 3372 tunc,
1295 3315 1350 3361 et
1377 3319 1516 3360 nunc
1544 3302 1611 3358 de
1639 3311 1844 3371 tempe-

241 3403 423 3459 rantia
452 3403 733 3458 insumere
759 3415 1086 3457 sermonem.

320 3493 604 3549 Catamitus
630 3493 828 3547 virtutis
865 3491 1130 3561 magistra.
1161 3519 1230 3528 —
1259 3487 1640 3543 Verumtamen
1675 3498 1849 3553 neque

241 3587 402 3658 prius
422 3587 712 3656 quidquam
736 3582 1040 3654 hujusmodi
1061 3581 1312 3646 diximus,
1343 3594 1515 3649 neque
1542 3591 1684 3632 nunc
1706 3575 1850 3630 dice-

241 3693 375 3733 mus
409 3696 423 3732 :
458 3677 708 3731 instantis
734 3676 875 3728 enim
912 3672 1228 3728 calamitatis
1257 3671 1414 3725 timor
1451 3684 1549 3739 pro
1580 3667 1724 3722 omni
1750 3665 1848 3720 ad-

240 3771 551 3826 monitione
593 3777 648 3823 et
689 3768 916 3823 consilio
969 3775 1278 3819 cunctorum
1326 3764 1530 3816 animas
1582 3757 1845 3814 moderari

241 3865 417 3918 valet.
447 3862 579 3930 Quis
606 3862 746 3916 enim
771 3870 877 3914 tam
901 3859 1062 3912 miser
1086 3867 1140 3912 et
1164 3869 1518 3918 mrumnosus,
1543 3863 1599 3908 ut
1627 3854 1678 3907 in
1708 3859 1851 3906 tanta

244 3962 578 4024 tempestate
611 3949 943 4007 inebrietur?
969 3951 1087 4018 quis
1127 3957 1233 4001 tam
1279 3947 1613 4009 iuseusatus,
1643 3953 1698 3998 ut
1723 3943 1853 3998 civi-

243 4055 367 4101 tate
389 4045 468 4100 sic
486 4043 797 4108 fluctuante,
816 4050 871 4096 et
890 4039 1163 4110 naufragio
1188 4039 1276 4092 tali
1297 4036 1608 4091 imminente
1634 4051 1738 4089 non
1761 4050 1850 4088 so-

240 4136 408 4191 brius
436 4136 508 4189 sit
549 4142 607 4189 et
627 4133 831 4202 vigilet,
873 4141 929 4187 ct
957 4132 1055 4184 hac
1082 4129 1353 4183 anxietate
1389 4119 1494 4180 non
1525 4125 1850 4194 diligentius,

243 4242 420 4298 quam
449 4226 596 4280 omni
633 4225 858 4280 consilio
889 4232 945 4279 ct
983 4221 1347 4277 admonitione
1383 4217 1712 4288 corrigatur?
1736 4215 1850 4269 Non

239 4318 400 4375 cnim
432 4325 636 4372 tantum
673 4315 885 4371 efﬁcere
925 4314 1120 4384 poterit
1163 4325 1361 4376 sermo,
1395 4318 1650 4380 quantum
1693 4307 1854 4360 timur

240 4419 514 4481 cperatur
543 4427 556 4463 :
581 4419 633 4463 et
663 4408 764 4462 hoc
790 4408 962 4477 ipsum
990 4422 1056 4460 ex
1084 4406 1168 4471 iis,
1200 4419 1318 4474 qua:
1340 4418 1480 4456 nunc
1508 4400 1849 4462 acciderunt,

240 4502 633 4557 demonstrare
674 4500 826 4554 facile
867 4507 968 4553 est.
999 4497 1141 4563 Quot
1169 4510 1398 4564 namque
1436 4506 1713 4548 sermones
1757 4491 1853 4544 im-

242 4595 566 4666 pendimus,
596 4593 926 4664 torpidorum
957 4592 1154 4646 multos
1179 4589 1546 4652 admonentes,
1580 4595 1636 4641 et
1659 4601 1855 4640 consu~

241 4687 436 4741 lentes
471 4695 530 4738 ut
559 4684 768 4738 theatra
809 4692 866 4738 et
902 4683 1047 4737 illinc
1077 4680 1452 4750 provenientes
1491 4677 1736 4732 lascivias
1770 4676 1854 4730 di-

238 4778 575 4834 mitterent?
602 4787 785 4832 etnon
812 4775 1186 4840 abstinebant,
1217 4773 1310 4827 sed
1340 4785 1553 4839 semper
1589 4783 1759 4838 usque
1787 4767 1853 4822 ad

240 4873 403 4928 hanc
436 4871 576 4926 diem
601 4871 667 4926 ad
690 4871 874 4925 illicita
901 4868 1206 4924 saltantium
1235 4866 1537 4936 spectacula
1565 4879 1854 4918 concurre-

240 4966 413 5030 bant,
461 4962 779 5017 diabolicam
825 4960 1140 5016 concionem
1187 4958 1444 5011 adversus
1484 4955 1573 5008 Dei
1612 4953 1856 5007 ecclesia:

239 5054 657 5127 plenitudinem
689 5051 1118 5115 constituebant,
1147 5059 1200 5104 et
1231 5048 1388 5118 hujus
1419 5046 1519 5101 loci
1551 5044 1856 5116 psalmodiis

237 5149 528 5202 clamores
556 5144 679 5199 inde
706 5160 826 5198 cum
867 5144 1034 5198 multa
1064 5141 1258 5196 sublati
1285 5139 1619 5194 vehementia
1645 5137 1856 5190 obstre-

239 5238 483 5308 pebant.
518 5235 625 5290 Sed
671 5251 798 5290 ecce
837 5249 978 5289 nunc
1024 5233 1319 5288 tacentibus
1359 5230 1512 5284 nobis
1556 5239 1610 5283 et
1636 5227 1765 5282 nihil
1792 5228 1858 5282 de

243 5331 358 5386 hoc
389 5327 719 5394 dicentibus,
749 5336 940 5396 sponte
980 5324 1311 5380 orchestram
1337 5322 1759 5384 obstruxerunt,
1805 5327 1860 5371 ct

238 5424 438 5479 circus
483 5418 868 5475 inaccessibilis
915 5417 1083 5472 factus
1112 5427 1214 5470 est.
1267 5412 1508 5469 Antehac
1555 5419 1857 5465 nostrorum

242 5512 416 5568 multi
441 5511 514 5566 ad
542 5511 661 5565 illos
689 5509 1008 5573 currebant;
1041 5521 1182 5561 nunc
1208 5517 1386 5560 autem
1413 5504 1561 5558 illinc
1585 5516 1773 5555 omines
1793 5499 1860 5554 ad

242 5605 552 5662 ecclesiam
597 5600 982 5672 confugerunt,
1033 5607 1087 5654 et
1129 5606 1368 5652 nostrum
1414 5609 1602 5651 omnes
1648 5591 1862 5646 laudant

246 5700 434 5754 Deum
445 5737 456 5748 .

325 5789 600 5844 Cebenna?
627 5788 773 5839 timor
799 5784 938 5846 η’ηηὶ
959 5799 1198 5837 coronam
1220 5779 1390 5841 affert.
1413 5807 1480 5817 -—
1506 5773 1663 5832 Vides
1691 5787 1863 5846 quan-

594 5875 866 5935 ΡΑτιιοι.
917 5873 1033 5930 Gn.
1082 5868 1297 5931 XLIX.

1945 2121 2054 2166 tum
2102 2130 2165 2168 ex
2200 2116 2390 2171 timore
2433 2117 2567 2172 lucri
2616 2117 2811 2172 factum
2856 2117 2988 2172 est?
3016 2115 3126 2172 Nisi
3175 2115 3346 2169 bonus
3387 2122 3536 2167 esset

1945 2205 2124 2270 timor,
2157 2207 2280 2262 ﬁliis
2321 2217 2497 2277 patres
2529 2209 2845 2279 pmdagogos
2877 2223 2981 2262 non
3010 2212 3402 2276 prarponercnt,
3431 2219 3535 2257 non

1945 2295 2275 2366 legislatores
2321 2299 2626 2354 civitatibus
2671 2299 2809 2353 ullos
2854 2299 3212 2368 magistratus.
3263 2295 3399 2362 Quid
3442 2291 3536 2362 ge;

1943 2385 2118 2442 benna
2165 2389 2410 2460 gravius?
2437 2390 2531 2444 sed
2559 2391 2714 2459 hujus
2744 2399 2886 2444 metu
2919 2388 2994 2443 nil
3021 2388 3203 2442 utilius
3229 2405 3244 2441 :
3276 2385 3534 2457 gehenua:

1945 2494 2176 2550 namque
2205 2480 2365 2535 timor
2392 2481 2540 2551 regni
2585 2481 2740 2536 nobis
2765 2480 2922 2536 affert
2942 2495 3218 2536 coronam.
3249 2477 3352 2533 Ubi
3379 2478 3539 2536 timor

1945 2581 2049 2636 est,
2085 2571 2220 2626 livor
2248 2588 2355 2627 non
2380 2583 2462 2628 est
2488 2591 2502 2626 :
2532 2573 2618 2627 ubi
2647 2574 2808 2628 timor
2847 2581 2952 2640 est,
3001 2570 3348 2642 pecuniarum
3386 2584 3537 2627 antur

1946 2679 2056 2719 non
2087 2674 2251 2720 vexat
2281 2684 2294 2718 :
2323 2665 2414 2720 ubi
2441 2666 2603 2720 timor
2629 2675 2732 2732 est,
2765 2664 3061 2720 exstinctus
3090 2663 3239 2719 furor
3260 2670 3365 2727 est,
3393 2662 3542 2730 cupi-

1945 2757 2088 2814 ditas
2137 2757 2378 2829 improba
2419 2768 2684 2822 correcta,
2715 2757 2892 2812 omnis
2937 2753 3320 2811 irrationabilis
3365 2753 3544 2824 passio

1947 2849 2322 2906 exterminata.
2355 2849 2423 2905 Et
2467 2849 2609 2904 sicut
2654 2848 2706 2903 in
2736 2847 2898 2903 domo
2927 2856 3102 2902 stante
3135 2846 3305 2904 milite
3333 2859 3546 2913 semper

1949 2951 2176 3009 armato,
2206 2957 2312 2996 non
2340 2942 2498 3005 latro,
2530 2956 2638 2996 non
2668 2939 2773 3010 fur,
2804 2956 2910 2996 non
2940 2939 3077 2994 alius
3100 2938 3222 3008 quis
3250 2937 3374 2996 talia
3405 2936 3544 2990 mala

1950 3035 2276 3105 patrantium
2321 3050 2585 3107 apparere
2627 3035 2846 3105 propius
2886 3032 3103 3094 audebit
3130 3050 3144 3091 :
3175 3032 3253 3090 sic
3302 3041 3356 3087 et
3401 3041 3545 3086 metu

1951 3127 2157 3181 animas
2188 3136 2398 3182 nostras
2427 3137 2743 3197 occupaute,
2774 3126 3110 3182 illiberalium
3139 3124 3283 3182 nulla
3329 3131 3541 3194 pertur-

1952 3218 2228 3273 bationum
2256 3217 2411 3273 facile
2438 3218 2593 3274 nobis
2618 3218 2880 3288 subrepit,
2909 3216 3004 3273 sed
3031 3229 3221 3274 omnes
3245 3215 3471 3282 fugiunt,
3494 3222 3548 3266 et

1953 3309 2244 3380 pelluntur,
2278 3308 2488 3364 timoris
2517 3309 2744 3380 imperio
2785 3307 3020 3378 undique
3047 3316 3270 3363 exacta.
3298 3305 3408 3360 Nec
3448 3303 3547 3356 huc

1953 3401 2124 3456 solum
2157 3409 2240 3455 est
2267 3399 2410 3470 quod
2451 3415 2518 3455 ex
2549 3400 2748 3461 timore,
2782 3399 3069 3466 lucramur,
3097 3411 3282 3452 verum
3307 3404 3362 3450 et
3404 3393 3548 3448 aliud

1956 3493 2060 3549 hoc
2089 3495 2258 3550 multo
2279 3493 2474 3563 majus.
2501 3493 2615 3548 Non
2646 3492 2792 3549 enim
2815 3489 3089 3562 improbas
3116 3498 3320 3546 tantum
3339 3496 3550 3541 nostras

1954 3588 2172 3657 expellit
2201 3589 2496 3657 passiones,
2515 3586 2610 3644 sed
2637 3595 2692 3641 et
2718 3600 2932 3641 omnem
2955 3599 3080 3640 cum
3107 3582 3272 3638 multa
3299 3579 3550 3636 facilitate

1954 3679 2207 3734 virtutem
2253 3678 2474 3734 inducit.
2507 3677 2610 3734 Ubi
2657 3677 2818 3731 timor
2846 3684 2951 3739 est,
2995 3675 3068 3729 ibi
3111 3683 3167 3729 et
3193 3674 3549 3742 eleen'tosyna:

1955 3770 2212 3838 studium,
2242 3779 2298 3825 et
2333 3769 2591 3824 orationis
2622 3767 2870 3833 intentio,
2917 3775 2972 3821 et
3006 3766 3259 3837 lacrymar
3286 3764 3552 3819 ferventes

1955 3874 2010 3920 et
2038 3866 2326 3931 continuzc,
2371 3874 2426 3924 et
2454 3863 2685 3934 gemitus
2727 3861 2944 3916 multam
2995 3859 3251 3914 habentes
3290 3870 3552 3925 compun-

1955 3958 2212 4013 ctionem.
2243 3956 2384 4012 Nihil
2415 3957 2556 4011 enim
2586 3965 2790 4010 tantum
2817 3961 3030 4023 peccata
3062 3950 3349 4016 consumit,
3383 3949 3551 4002 virtu-

1959 4058 2174 4119 temque
2199 4062 2444 4103 crescere
2486 4046 2612 4100 facit
2640 4053 2695 4100 et
2715 4044 3038 4116 germinare,
3071 4050 3324 4113 quantum
3353 4039 3550 4093 assidui

1958 4143 2167 4197 timoris
2216 4151 2425 4195 natura.
2458 4139 2750 4208 Pr0pterea
2778 4139 2868 4208 qui
2914 4151 3019 4190 non
3069 4134 3200 4189 vivit
3242 4133 3294 4188 in
3327 4132 3548 4196 timore,

1957 4244 2104 4292 recte
2145 4234 2294 4289 illum
2340 4248 2500 4302 agere
2528 4246 2636 4286 non
2681 4237 2766 4285 est
2813 4228 3063 4298 possibile
3091 4245 3107 4282 ς
3138 4227 3275 4282 sicut
3315 4224 3548 4279 vicissim

1957 4342 2078 4381 cum
2133 4326 2326 4381 timore
2374 4324 2642 4379 viventem
2674 4329 2758 4376 est
2807 4318 3137 4389 impossibile
3183 4332 3425 4388 peccare.
3477 4316 3554 4370 Nc

1959 4419 2117 4489 igitur
2153 4417 2454 4483 doleamus,
2483 4414 2700 4480 dilecti,
2732 4427 2908 4482 neque
2933 4411 3168 4464 animum
3212 4401 3552 4478 despbndea-

1961 4526 2081 4564 mus
2109 4509 2178 4564 ob
2229 4517 2552 4578 prmsentem
2585 4503 3006 4564 tribulationem,
3056 4499 3149 4554 sed
3175 4499 3433 4554 solertem
3463 4497 3556 4552 Dei

1959 4601 2274 4672 sapientiam
2318 4599 2667 4653 admiremur.
2713 4593 2864 4648 Unde
2891 4607 3120 4662 namque
3153 4591 3420 4646 civitatem
3454 4604 3554 4642 no-

1957 4705 2123 4750 stram
2176 4692 2418 4748 diabolus
2464 4706 2524 4746 se
2564 4700 2878 4746 eversurqu
2925 4684 3176 4754 speravit,
3223 4683 3400 4738 Deus‘
3430 4680 3556 4736 inde

1960 4787 2192 4844 restituit
2225 4785 2417 4856 .ipsam
2471 4791 2527 4838 et
2575 4782 2828 4836 correxit.
2898 4777 3150 4835 Diabolus
3196 4788 3390 4844 nempe
3437 4771 3556 4842 qui-

1959 4881 2182 4937 busdam
2215 4879 2392 4948 impiis
2429 4875 2733 4932 hominibus
2758 4873 3056 4946 inspiravit,
3091 4879 3148 4928 ut
3173 4869 3555 4938 lmperatoruin

1960 4981 2164 5028 statuas
2194 4969 2401 5039 injuriis
2443 4966 2741 5032 afﬁcereut,
2782 4979 2890 5036 quo
2915 4973 2970 5018 et
2999 4963 3173 5031 ipsum
3207 4958 3354 5015 urbis
3382 4957 3555 5012 solum

1963 5064 2368 5125 destrueretur;
2401 5060 2540 5114 Deus
2557 5067 2735 5114 autem
2761 5055 2864 5111 hoc
2889 5055 3004 5124 ipso
3031 5052 3172 5106 facto
3200 5049 3267 5105 ad
3297 5048 3556 5117 majorem

1963 5163 2200 5210 nostrant
2247 5151 2635 5207 correctionem
2680 5162 2807 5203 usus
2838 5155 2956 5211 est,
2984 5151 3306 5213 exspectata:
3334 5138 3557 5193 commi-

1964 5248 2198 5308 nationis
2244 5249 2436 5300 timore
2463 5258 2678 5300 omnem
2708 5238 3001 5297 extrudens
3045 5246 3312 5307 torporem
3344 5249 3357 5285 :
3386 5240 3441 5285 ct
3479 5227 3554 5282 fa-

1963 5353 2107 5398 ctum
2137 5349 2220 5396 est
2265 5347 2450 5394 contra
2500 5351 2661 5406 quam
2709 5334 2921 5389 daemon
2969 5329 3202 5391 volebat,
3233 5341 3297 5380 ex
3344 5324 3409 5377 iis
3435 5335 3555 5391 qua:

1967 5437 2081 5505 ipse
2124 5439 2410 5490 struxerat.
2445 5429 2650 5484 Civitas
2677 5427 2819 5483 enim
2847 5423 3085 5495 quotidie
3111 5419 3264 5474 nobis
3283 5427 3550 5485 expurga-

1968 5504 2132 5593 tur,et
2154 5523 2415 5595 augiporti
2439 5533 2492 5576 et
2521 5520 2658 5574 bivia
2679 5527 2732 5574 et
2753 5517 2945 5587 plateae
2980 5513 3217 5566 liberatae
3239 5504 3554 5561 meretriciis

2032 5715 2048 5744 ι
2086 5719 2152 5763 ιιι
2182 5718 2289 5762 Sav.
2329 5715 2381 5760 et
2415 5707 2624 5758 maxima
2660 5713 2772 5766 pars
2799 5707 2907 5750 uss.
2945 5703 2993 5744 In
3025 5691 3188 5743 Morel.
3226 5703 3346 5740 vero
3377 5689 3552 5743 deest.

1972 5785 2115 5829 Deus.

3217 5845 3290 5903 10
