3920 6224
382 356 481 409 ’55

376 478 431 522 et
480 466 697 524 lubricis
733 478 858 525 sunt
900 471 1141 527 cantibus
1173 490 1188 527 :
1216 482 1271 528 et
1314 487 1651 546 quocumque
1681 473 1976 545 respexerit

378 557 594 628 aliquis,
642 560 1061 630 supplicationes
1105 571 1161 616 et
1187 563 1588 620 benedictiones
1639 575 1694 620 et
1729 567 1979 638 lacrymze

383 662 484 710 pro
509 651 620 705 risu
658 652 852 721 soluto,
885 662 940 709 et
965 655 1122 711 verba
1170 655 1559 728 philosophiam
1608 658 1693 714 bal
1712 660 1857 716 entia
1883 674 1981 730 pro

391 740 565 797 verbis
607 745 848 813 turpibus
882 762 896 800 :
929 755 981 801 et
1011 747 1236 802 ecclesia
1285 749 1423 805 laeta
1467 751 1622 807 nobis
1668 761 1752 807 est
1790 752 1980 807 civitas

389 841 521 900 tota,
549 833 778 890 ofﬁcinis
806 836 1023 903 clausis,
1056 839 1303 896 omnibus
1331 842 1383 896 in
1409 841 1494 898 his
1525 843 1749 911 publicis
1774 843 1980 913 suppli-

388 924 692 980 cationibus
719 924 858 981 diem
892 936 1062 983 totum
1091 931 1394 1000 agentibus,
1426 943 1481 988 et
1509 933 1674 989 Deum
1707 949 1809 989 una
1836 949 1984 988 com-

389 1015 643 1084 nmnique
698 1032 829 1072 voce
879 1033 1002 1074 cum
1045 1021 1211 1076 multa
1261 1023 1633 1079 invocantibus
1684 1024 1981 1082 alacritate.

390 1104 521 1174 Quis
543 1105 659 1163 haec
673 1125 853 1166 sermo
874 1128 1122 1182 umquam
1150 1116 1402 1184 expedire
1421 1117 1725 1187 potuisset?
1750 1133 1868 1187 qua:
1889 1116 1985 1171 ad-

391 1198 657 1255 monitio?
676 1202 817 1272 quod
841 1204 1159 1260 consilium?
1181 1217 1376 1277 quanta
1400 1210 1657 1279 temporis
1673 1208 1985 1280 longitudo?

461 1291 518 1344 2.
572 1291 864 1364 Propterea
920 1296 1029 1351 Deo
1077 1300 1276 1368 gratias
1323 1316 1562 1371 agamus,
1613 1316 1720 1356 non
1762 1300 1988 1356 moleste

393 1382 649 1454 feramus,
695 1404 795 1443 nec
826 1389 1183 1460 indignemur.
1224 1392 1377 1461 Quod
1406 1394 1548 1449 enim
1593 1395 1789 1450 bonum
1815 1395 1886 1449 sit
1924 1394 1990 1449 ti-

395 1493 534 1544 mor,
579 1489 635 1533 et
688 1490 986 1537 memorata
1031 1466 1536 1540 demonstraverunt
1569 1505 1583 1541 :
1611 1486 1732 1542 audi
1762 1502 1889 1542 vero
1935 1496 1992 1542 ct

394 1567 736 1626 Salomonem
785 1572 853 1629 de
907 1573 1009 1630 hoc
1057 1575 1126 1630 ita
1184 1576 1687 1647 philosophantem,
1743 1578 1990 1633 Salomo-

395 1676 543 1724 ncm,
573 1663 810 1732 inquam,
838 1666 1086 1721 omnibus
1137 1667 1451 1721 innutritum
1476 1667 1700 1732 deliciis,
1732 1677 1788 1723 et
1827 1667 1990 1722 multa

400 1756 625 1824 potitum
655 1756 916 1813 libertate.
962 1759 1100 1827 Quid
1128 1761 1288 1831 igitur
1332 1762 1502 1831 inquit
1527 1762 1662 1817 ille?
1711 1761 1895 1817 Melius
1922 1771 1994 1816 est

399 1846 475 1901 ire
488 1849 541 1902 in
569 1849 775 1904 domum
795 1851 958 1905 luctus
980 1869 1130 1922 quam
1165 1854 1216 1907 in
1245 1854 1450 1907 domum
1478 1854 1687 1907 convivii
1714 1852 1909 1924 (I'Iccle.
1938 1854 1991 1907 7.

405 1939 463 2010 ὅ)
489 1938 588 2013 (τι).
623 1941 762 2009 Quid
791 1952 894 2009 est,
934 1960 1139 2014 qumso,
1163 1946 1303 2016 quod
1336 1947 1458 2001 ais?
1491 1947 1587 2003 Ubi
1617 1948 1810 2007 luctus,
1842 1955 1893 1999 ct
1916 1945 1995 2000 la-

403 2046 623 2103 crymaz,
651 2042 706 2088 et
728 2035 977 2103 gemitus,
1003 2044 1059 2091 et
1081 2036 1254 2102 dolor,
1282 2049 1332 2092 et
1363 2037 1571 2093 tristitia
1601 2046 1766 2101 tanta,
1807 2037 1996 2092 melius

402 2122 550 2179 illinc
595 2125 905 2193 abscedere,
950 2143 1110 2198 quam
1163 2129 1248 2185 ubi
1280 2130 1511 2197 clior-em,
1556 2139 1610 2185 et
1653 2130 1915 2201 cymbala,
1945 2139 1999 2185 ct

395 2215 564 2282 risus,
591 2225 647 2271 et
673 2216 897 2286 delicia},
921 2228 975 2274 et
1001 2221 1237 2290 crapula,
1268 2231 1319 2275 et
1343 2222 1609 2277 ebrietas?
1636 2222 1829 2285 Etiam,
1854 2222 1927 2275 ait
1952 2223 1996 2276 ¹.

412 2305 633 2371 Verum,
676 2323 779 2378 qua
809 2308 878 2365 de
919 2324 1101 2379 causa,
1133 2327 1336 2383 quaeso,
1365 2321 1421 2368 et
1448 2313 1810 2383 quapropter?
1853 2312 2000 2380 Quo-

409 2399 552 2456 niam
597 2401 745 2457 illinc
786 2402 1002 2473 quidem
1049 2405 1355 2475 petulantia,
1408 2405 1533 2460 hinc
1567 2419 1694 2459 vero
1741 2403 1998 2459 modestia

405 2493 644 2548 nascitur
671 2511 686 2548 :
716 2501 773 2548 et
801 2496 845 2549 si
874 2496 992 2566 quis
1017 2496 1083 2550 ad
1108 2496 1457 2567 opulentioris
1486 2496 1639 2553 abeat
1676 2497 1999 2565 convivium,

410 2597 520 2639 non
565 2584 794 2655 amplius
819 2601 940 2640 cum
968 2586 1154 2642 eadem
1195 2587 1377 2642 laetitia
1403 2589 1619 2642 domum
1665 2597 1959 2644 revertetur
1984 2630 2000 2654 ,

414 2673 510 2729 sed
537 2675 705 2729 triStis
731 2676 943 2746 quidem
970 2676 1035 2731 ad
1067 2694 1285 2734 uxorem
1315 2678 1526 2745 redibit,
1556 2680 1722 2735 tristis
1750 2690 1923 2736 autem
1951 2690 2003 2736 et

411 2765 481 2821 de
503 2781 599 2822 sua
643 2782 825 2823 mensa
856 2769 1211 2840 participabit,
1242 2779 1297 2825 et
1325 2771 1581 2826 molestus
1607 2771 1777 2826 servis
1801 2783 1853 2841 et
1884 2771 2004 2826 liliis

416 2867 473 2913 et
500 2859 751 2914 onmibns
788 2862 890 2916 erit
920 2860 1246 2930 domesticis,
1296 2879 1362 2920 ex
1406 2864 1628 2919 aliormn
1659 2865 1811 2935 copia
1855 2880 2004 2920 suam

413 2948 725 3018 diligentius
770 2960 1135 3022 paupertatem
1162 2954 1531 3009 considerans.
1561 2953 1671 3010 Nec
1703 2954 1804 3010 hoc
1831 2956 2004 3011 solum

410 3055 497 3101 cst
521 3059 700 3116 grave,
735 3046 829 3101 sed
850 3046 902 3101 id
928 3046 1088 3102 etiam
1115 3047 1255 3129 quod
1285 3063 1429 3117 saepe
1454 3048 1664 3104 vocanti
1693 3064 1751 3104 se
1776 3049 1842 3103 ad
1873 3064 2006 3104 cutt-

414 3138 614 3194 Vivium
663 3139 895 3206 invidet;
927 3148 981 3196 et
1025 3140 1157 3196 nihil
1200 3141 1421 3212 penitus
1461 3141 1588 3198 boui
1635 3144 1877 3214 gratique
1913 3157 2008 3198 su-

418 3246 572 3286 mens
607 3231 825 3288 domum
855 3233 1160 3290 revertitur.
1206 3234 1362 3292 Circa
1408 3235 1655 3306 lugentes
1703 3252 1830 3292 vero
1878 3238 2008 3292 nihil

408 3325 527 3386 uale
570 3326 672 3387 dini
717 3336 913 3402 potest,
962 3327 1056 3388 sed
1100 3328 1263 3387 multa
1308 3330 1379 3388 ibi
1429 3329 1796 3404 philosophia,
1846 3332 2009 3386 multa

407 3422 701 3478 modestia.
758 3423 929 3479 Simul
979 3424 1123 3479 enim
1170 3439 1236 3480 ac
1291 3424 1553 3496 quispiam
1619 3423 1811 3480 domus
1861 3438 2010 3481 mor-

412 3524 565 3570 tuum
618 3515 864 3573 habentis
905 3518 1224 3573 vestibulum
1270 3518 1592 3583 ascenderit,
1619 3527 1886 3573 mortuum
1929 3519 2012 3572 in-

409 3607 585 3660 tuitus
617 3613 842 3673 ntutum,
865 3608 1152 3678 jacentem,
1177 3619 1230 3664 et
1256 3625 1472 3664 uxorem
1497 3609 1673 3665 crines
1701 3609 2009 3676 vellentem,

423 3698 745 3754 lacerantem
797 3715 1002 3770 genas,
1058 3710 1112 3756 et
1156 3701 1369 3756 brachia
1418 3713 1731 3771 secantem,
1789 3702 2010 3772 corripi-

411 3797 528 3853 'tur,
572 3791 831 3857 trismtur,
863 3802 916 3846 et
940 3792 1328 3847 considentium
1357 3793 1577 3863 quisque
1606 3794 1671 3849 ad
1717 3796 2013 3864 proximum

410 3882 498 3937 adi
526 3881 667 3936 aliud
708 3883 959 3954 loquitur,
1001 3899 1158 3953 quam
1191 3884 1332 3954 quod
1380 3884 1452 3938 nil
1490 3899 1706 3950 sumus,
1734 3895 1789 3939 et
1817 3885 2014 3939 malitia

421 3984 603 4027 nostra
628 3972 700 4027 sit
727 3972 1027 4029 ineﬂ‘abilis.
1056 3974 1193 4043 Quid
1226 3974 1306 4029 his
1343 3974 1522 4031 verbis
1562 3975 1854 4045 sapientius
1896 3988 2016 4030 esse

421 4068 614 4137 possit,
658 4082 777 4122 eum
806 4075 860 4123 et
886 4078 1088 4123 natura:
1116 4068 1377 4123 vilitatem
1424 4082 1794 4139 agnoscamus,
1839 4076 1893 4122 et
1922 4081 2018 4121 no-

417 4168 593 4214 stram
616 4174 933 4216 accusemus
959 4160 1375 4231 improbitatem,
1406 4169 1459 4215 et
1480 4159 1617 4213 nihil
1645 4174 1764 4214 esse
1787 4174 2018 4228 praesen-

426 4251 501 4307 tia
528 4252 822 4323 cogitemus
855 4271 869 4308 τ
899 4254 1017 4308 aliis
1064 4255 1277 4324 quidem
1321 4252 1520 4319 verbis,
1548 4254 1809 4308 sententia
1840 4263 2016 4306 tamen

424 4344 617 4401 eadem
649 4344 949 4401 Salomonis
980 4346 1063 4400 illa
1110 4347 1390 4416 loquentes
1434 4345 1698 4400 mirabilia
1742 4354 1797 4399 et
1840 4345 2017 4399 multa:

431 4436 583 4508 plena
619 4434 986 4506 philosophiaz,
1028 4435 1238 4491 Vanitas
1260 4437 1557 4501 uanitatwn,
1588 4446 1635 4491 et
1667 4437 1836 4490 omnia
1873 4435 2020 4489 uani-

433 4537 513 4584 tas
543 4527 743 4599 ('Ecrle.
774 4529 827 4583 l.
869 4527 952 4599 2).
985 4526 1301 4599 Lugentium
1329 4527 1544 4584 domum
1577 4528 1866 4599 ingressus,
1913 4534 2022 4582 sta-

426 4620 526 4674 tim
584 4618 834 4692 lacrymis
896 4618 1200 4675 defunctum
1269 4621 1647 4692 prosequitur,
1698 4619 1907 4675 etiam~i
1954 4619 2023 4674 sit

423 4710 699 4768 inimicus.
718 4712 907 4767 Vidisti
933 4722 1131 4784 quanto
1159 4713 1348 4769 melior
1372 4712 1486 4769 hare
1505 4729 1662 4784 quam
1692 4712 1776 4768 illa
1800 4712 2024 4767 domus?

428 4802 527 4860 Ille
556 4806 719 4871 enim,
755 4805 963 4861 etiamsi
1012 4807 1214 4861 amicus
1255 4804 1346 4873 sit,
1393 4806 1629 4871 invidet;
1673 4805 1764 4861 hic
1801 4812 1978 4860 autem
2005 4843 2021 4871 ,

418 4894 644 4951 etiamsi
672 4894 919 4951 inimicus
942 4895 1033 4965 sit,
1066 4895 1393 4970 lacrymatur
1425 4913 1440 4952 :
1467 4897 1609 4968 quod
1638 4896 1875 4953 omnium
1906 4910 2022 4951 ma-

432 4987 574 5043 xime
614 4986 754 5042 Deus
785 4987 1032 5058 exquirit,
1082 4999 1140 5043 ut
1179 5003 1286 5045 non
1332 4987 1647 5043 insultemus
1689 4987 1778 5052 iis,
1809 4987 2024 5057 quinos

428 5079 845 5136 contristavere.
866 5079 980 5134 Non
1006 5077 1125 5137 haec
1144 5090 1324 5137 autem
1355 5079 1466 5136 sola
1491 5088 1712 5151 possunt
1735 5077 1859 5133 hinc
1883 5078 2019 5132 bona

502 5207 516 5239 ¹
544 5205 681 5263 Ηωε,
704 5201 850 5255 etiam
875 5199 960 5261 ait,
985 5199 1032 5250 in
1055 5203 1163 5251 solo
1191 5201 1362 5250 Morel.
1387 5202 1582 5263 desunt.

448 5282 451 5285 ·
503 5257 574 5331 (ἁ)
603 5268 655 5316 In
669 5257 1123 5331 'has_voces,'_gumn_
1140 5263 1188 5312 in
1212 5264 1409 5331 (tormini
1428 5257 1656 5331 convivii,
1676 5259 2033 5331 hoc_dederunt

439 5322 677 5379 monitum
704 5322 1145 5380 editoresl’eneti.
1173 5340 1216 5387 p.
1244 5325 1346 5373 [3.3.
1377 5324 1428 5373 Β.
1457 5325 1488 5373 6
1513 5339 1574 5387 είς
1605 5322 1666 5371 Ut
1687 5322 2037 5387 verbasanetae

441 5390 653 5453 paginre,
680 5397 827 5453 prout
850 5388 927 5453 hic
950 5404 975 5437 a
1003 5385 1431 5453 l)._t.‘.hr',vsost_omo
1473 5385 2041 5453 referuntur,“lidelitcr

440 5442 713 5509 vertamus,
736 5464 829 5499 vos
854 5448 987 5499 risus
1007 5442 1347 5498 substituenda
1374 5453 1450 5495 est
1472 5449 1577 5494 voci
1602 5442 1806 5509 convivii
1829 5456 1846 5493 :
1867 5460 2039 5508 quum-

445 5513 518 5565 τὶς
548 5528 649 5564 tum
677 5506 908 5575 Vulgata,
935 5520 1034 5561 tum
1058 5512 1384 5575 Septuaginta
1410 5522 1519 5558 cum
1536 5506 1805 5575 _»hebfaico
1828 5506 2035 5555 consen-

445 5574 587 5636 tiaut;
613 5567 845 5639 quodque
874 5567 1052 5639 mirum
1086 5567 1507 5639 inagis'videatur,
1534 5567 1640 5631 ipse
1665 5567 1907 5626 Chrysostu
1930 5583 2039 5618 mus

440 5632 646 5685 sensum
690 5632 920 5686 lectionis
960 5632 1220 5695 hebraicie.
1269 5635 1316 5682 in
1362 5632 1422 5695 iis
1468 5646 1579 5695 qua:
1616 5638 1912 5695 sequuntur,
1955 5644 2038 5679 re-

442 5701 706 5761 spexit,et
748 5700 895 5760 paulo
938 5694 1146 5761 inferius
1170 5698 1285 5761 (col.
1316 5694 1419 5761 l316,
1455 5692 1500 5742 l.’
1520 5693 1596 5752 ll)
1621 5692 1852 5761 eumdem
1881 5696 2038 5761 locum

445 5754 721 5827 Salomonis
743 5754 1205 5827 denyqproh-rerts,
1234 5755 1376 5818 legit,
1396 5769 1506 5806 cum
1531 5756 1845 5819 septuaginta
1883 5754 2038 5805 luter-

447 5820 691 5887 pretlbUs,
718 5820 940 5881 conuii-ii,
967 5831 1080 5877 non,
1108 5820 1253 5867 risus.
1285 5835 1299 5867 ι

1125 358 1182 413 S.
1217 358 1494 416 JOANNIS
1530 357 2010 418 CllRYSOSTOMI
2050 359 2367 418 ARClllEP.
2397 355 2933 418 CONSTANTINOP.

3562 349 3737 409 {56'

2082 477 2315 547 excerpi,
2344 490 2528 531 verum
2570 484 2626 531 et
2664 475 2765 529 alia
2794 474 2880 529 his
2905 489 3009 528 non
3042 469 3265 526 minora.
3311 467 3520 525 Etenim
3547 483 3679 541 pee-

2081 577 2321 623 catorum
2352 567 2575 639 quisque
2617 582 2834 622 suorum
2864 564 3242 632 reminiscitur,
3284 563 3547 620 tremendi
3576 563 3678 617 tri-

2084 659 2292 715 bunalis
2329 669 2384 716 et
2432 674 2710 731 poenarum
2759 658 2971 713 illarum
3015 666 3070 712 et
3108 656 3316 727 judicii,
3357 671 3420 711 ac
3452 656 3579 710 licet
3606 655 3681 709 sit

2085 750 2288 806 inﬁnita
2319 751 2386 808 ab
2411 750 2529 807 aliis
2559 764 2746 821 passus
2768 750 2926 815 mala,
2954 756 3011 804 et
3023 747 3166 802 domi
3190 747 3428 802 tristitias
3454 745 3680 810 habeat,

2088 842 2327 912 ipsorum
2354 843 2592 897 omnium
2620 840 2826 896 medela
2864 850 3040 910 capta,
3073 839 3141 893 ita
3187 839 3491 893 revertitur.
3518 835 3685 906 Cogi-

2087 942 2206 989 tans
2226 935 2369 989 enim
2398 943 2452 989 et
2477 949 2536 989 se
2557 943 2613 990 et
2654 948 2748 988 eos
2786 946 2997 997 omnes,
3027 931 3114 1000 qui
3155 929 3403 999 superbia
3426 938 3637 982 tument
3664 966 3682 989 ,

2087 1024 2315 1095 idipsmn
2362 1025 2511 1080 brevi
2552 1038 2804 1095 passuros
2846 1037 2988 1089 csse,
3040 1032 3093 1077 et
3139 1020 3442 1076 transitoria
3487 1029 3685 1074 cuncta

2088 1118 2373 1186 prmsentia
2397 1131 2539 1183 esse,
2561 1116 2673 1171 sive
2698 1116 2879 1171 suavia
2911 1114 3017 1169 sint
3045 1108 3155 1168 sive
3186 1112 3376 1176 tristia,
3409 1110 3685 1166 tristitiam

2089 1217 2146 1263 et
2180 1208 2433 1263 invidiam
2460 1205 2673 1263 omnem
2699 1207 2992 1278 deponens,
3025 1216 3078 1261 et
3117 1207 3282 1261 levem
3314 1204 3541 1259 reddens
3567 1204 3687 1256 aui-

2092 1315 2256 1366 mam,
2300 1310 2354 1355 et
2382 1301 2679 1365 relevatus,
2710 1299 2788 1354 sic
2832 1298 3049 1353 donnun
3092 1307 3431 1353 revertetur:
3461 1307 3515 1351 et
3558 1296 3687 1349 hinc

2093 1393 2421 1449 mansuetior
2445 1401 2546 1448 (ξι-ιι
2572 1392 2625 1447 in
2653 1407 2862 1458 omnes,
2893 1404 2945 1447 et
2971 1391 3269 1455 humanior,
3304 1390 3601 1461 benignior,
3628 1398 3687 1444 ct

2093 1485 2403 1555 sapientior,
2445 1484 2746 1539 futurorum
2779 1485 2972 1538 timore
3009 1483 3449 1553 ipsins'animam
3493 1482 3686 1536 subin-

2094 1592 2278 1648 gressu
2316 1587 2371 1633 ct
2417 1590 2605 1631 omnes
2644 1576 2828 1646 spinas
2868 1575 3200 1630 ahsmnente.
3234 1574 3300 1629 Et
3343 1574 3456 1627 lucc
3501 1572 3687 1627 onmia

2095 1670 2525 1743 cognoscensille
2544 1670 2775 1736 diccbat,
2798 1668 2982 1725 Melius
3003 1682 3072 1726 cst
3099 1670 3173 1724 ire
3190 1671 3256 1722 ad
3276 1672 3479 1722 domum
3496 1671 3686 1731 luctus,

2098 1780 2251 1828 quam
2279 1764 2347 1818 ad
2383 1763 2589 1817 donunn
2626 1763 2835 1817 convivii
2864 1760 3056 1828 (little.
3090 1762 3143 1815 7.
3176 1761 3254 1830 3).
3306 1761 3450 1814 illinc
3481 1768 3688 1827 torpor,

2099 1857 2225 1912 hinc
2248 1858 2487 1912 anxietas
2508 1855 2742 1911 nascitur
2769 1873 2782 1909 ε
2817 1855 2959 1911 illinc
2996 1864 3346 1924 contemptus,
3376 1851 3498 1905 hinc
3528 1850 3689 1903 timor

2099 1952 2166 2007 ad
2193 1967 2407 2007 onmem
2440 1966 2536 2007 nos
2564 1952 2810 2006 virtutem
2832 1949 3100 2004 deducens
3130 1948 3169 1999 ‘.
3201 1946 3307 2001 Nisi
3331 1947 3524 1999 lmttttllt
3544 1951 3693 1999 esset

2105 2046 2285 2109 timor,
2317 2059 2421 2098 non
2450 2044 2648 2099 multos
2695 2042 3039 2113 impendissct
3062 2038 3303 2094 Christus
3332 2051 3608 2093 scrtnuucs
3635 2047 3699 2092 ct

2104 2136 2312 2208 longos,
2346 2136 2414 2191 de
2460 2150 2614 2206 parua
2657 2145 2711 2190 ct
2759 2134 3016 2205 supplicio
3062 2133 3168 2188 ilhc
3212 2132 3399 2185 tuturis
3445 2130 3691 2198 loquens.

2104 2229 2288 2284 Timor
2313 2230 2382 2283 nil
2411 2228 2551 2282 aliud
2580 2238 2679 2292 est,
2709 2243 2867 2299 quam
2900 2241 3081 2281 murus
3111 2236 3163 2281 et
3205 2224 3610 2285 numimentnm,
3638 2230 3694 2275 ct

2092 2322 2268 2403 Eturris
2309 2320 2732 2393 inexpugnabilis
2763 2339 2777 2376 :
2805 2320 3002 2375 ctenim
3026 2319 3187 2373 multa
3221 2317 3371 2371 nobis
3400 2314 3695 2369 munitione

2105 2429 2239 2485 opus
2283 2422 2405 2477 cst;
2445 2412 2568 2483 quia
2618 2412 2798 2466 mult.e
2847 2422 2969 2465 sunt
3014 2409 3241 2479 undique
3291 2404 3514 2462 msidize.
3559 2405 3697 2455 sicut

2112 2506 2226 2578 ipse
2250 2503 2500 2562 Salomon
2530 2520 2739 2559 rursum
2760 2502 2837 2559 sic
2872 2502 3168 2556 admonens
3201 2498 3407 2552 dicebat
3433 2536 3446 2549 .
3473 2503 3699 2563 Agnoscit

2106 2599 2308 2670 quodin
2330 2599 2803 2666 malioloqucorum
2831 2597 3035 2657 (musis,
3069 2604 3111 2647 et
3132 2608 3281 2658 super
3304 2590 3701 2657 propugnaculis

2109 2690 2244 2745 urbis
2272 2690 2541 2744 ’ambulus
2572 2688 2757 2758 (Κιτιᾶ.
2784 2688 2836 2744 9.
2880 2687 2997 2753 9.0).
3037 2685 3212 2753 l'apa‘,
3255 2692 3384 2752 quot
3437 2682 3701 2759 iuniorum

2111 2782 2325 2853 plenum
2374 2791 2458 2837 est
2509 2780 2608 2837 hoc
2658 2780 2910 2846 verbum,
2965 2793 3060 2833 nec
3107 2775 3284 2831 nriuus
3332 2788 3489 2843 quam
3535 2784 3701 2838 supc-

2112 2873 2220 2928 rius
2242 2874 2255 2929 ε

2183 2963 2249 3019 In
2281 2966 2468 3018 nmndo
2509 2966 2660 3035 plena
2696 2963 2863 3017 omnia
2895 2961 3104 3029 laqueis.
3134 2987 3200 2999 —
3240 2957 3415 3025 Ipsum
3461 2955 3618 3023 igitur
3648 2951 3704 3005 in

2113 3068 2290 3114 tuente
2310 3060 2532 3129 quisque
2560 3068 2737 3113 nostra
2760 3056 3072 3119 scribamus,
3095 3063 3148 3109 et
3174 3065 3384 3119 semper
3415 3054 3467 3102 in
3497 3058 3674 3100 inemo
3695 3075 3706 3086 -

2115 3150 2191 3205 ria
2222 3149 2677 3214 circmnleramns,
2708 3159 2759 3202 et
2788 3164 2890 3202 non
2923 3144 3072 3200 facile
3121 3147 3477 3214 pcecabnnns.
3507 3135 3706 3192 inscri-

2117 3245 2301 3299 hamns
2349 3244 2492 3315 prius
2546 3246 2715 3313 ipsum
2761 3258 2882 3297 cum
2929 3239 3073 3296 otuni
3114 3239 3382 3308 diligentia
3412 3235 3706 3287 discentes.

2115 3335 2228 3390 Non
2273 3351 2418 3390 enun
2465 3335 2633 3389 dixit:
2668 3334 2859 3403 Aspice
2908 3331 3046 3399 uptod
3078 3346 3130 3384 m
3175 3327 3350 3384 medio
3394 3329 3706 3395 laqueorum

2117 3428 2429 3502 pertransis,
2460 3427 2577 3489 sed,
2627 3428 2870 3497 Agnosre.
2924 3423 2988 3477 lit
3026 3436 3189 3493 quate
3235 3420 3385 3477 dixit.
3437 3415 3711 3486 Agnos“?

2116 3524 2476 3581 Obttmbraltts
2500 3530 2603 3582 est,
2644 3518 2831 3588 inquit,
2866 3520 3084 3583 laqueus
3117 3531 3127 3566 :
3162 3516 3262 3566 lmc
3302 3525 3444 3565 enim
3487 3512 3709 3575 laqueus

2118 3625 2218 3677 est,
2242 3614 2456 3687 quando
2478 3629 2582 3668 non
2605 3619 2785 3682 aperte
2807 3623 2949 3663 mors
2970 3614 3210 3674 apparet,
3237 3617 3405 3671 neque
3427 3599 3708 3653 mamlesta

2120 3705 2320 3771 clades,
2372 3704 2464 3761 sed
2510 3705 2742 3773 undique
2790 3704 3000 3756 obtecta
3030 3697 3236 3768 adiacet
3269 3711 3282 3748 :
3318 3701 3595 3762 propterea
3627 3689 3709 3742 dt-

2122 3800 2216 3864 xit,
2265 3799 2512 3869 Agnoscc.
2563 3795 2721 3850 Multa
2755 3794 2844 3847 tibi
2895 3807 3028 3862 opus
3056 3801 3136 3845 est
3182 3782 3710 3844 consulcrationc.ct

2120 3889 2357 3961 diligenti
2385 3888 2712 3943 scrutatione
2738 3903 2750 3938 ε
2775 3885 2913 3940 sicut
2950 3881 3089 3936 enim
3122 3880 3268 3951 piteri
3301 3889 3437 3932 terra
3470 3877 3711 3944 laqueus.

2121 3983 2200 4037 sic
2247 3981 2486 4037 diabolus
2529 3980 2650 4034 vita:
2696 3974 3055 4045 voluptatibus
3094 3981 3304 4042 peccata
3352 3965 3710 4023 circumluit.

2122 4072 2227 4130 Sed
2277 4087 2506 4143 agnosce
2559 4078 2896 4140 perscrutans
2945 4065 3224 4135 diligeqtcr
3256 4079 3269 4115 :
3301 4072 3356 4115 et
3406 4059 3450 4113 si
3503 4059 3715 4111 lucrum

2123 4166 2434 4232 occurrerit,
2483 4178 2550 4218 ne
2596 4162 2798 4216 lucrum
2848 4157 3074 4227 aspicias
3120 4155 3315 4216 solum,
3347 4152 3439 4207 scd
3473 4159 3717 4205 scrutare

2122 4260 2421 4332 diligenter,
2447 4272 2513 4312 ne
2540 4254 2673 4310 forte
2701 4268 2845 4308 mors
2873 4261 2927 4307 et
2955 4259 3228 4320 peccatmn
3260 4248 3394 4300 intra
3418 4246 3623 4300 lucrum
3646 4241 3718 4295 sit

2124 4350 2492 4407 absconditmn
2526 4366 2540 4403 :
2572 4358 2625 4401 et
2672 4346 2716 4400 si
2754 4344 2969 4407 videris,
3001 4341 3202 4410 refugo.
3233 4338 3434 4392 llursns
3460 4350 3581 4390 cum
3622 4332 3719 4386 de—

2125 4446 2338 4503 lectatio
2367 4453 2422 4500 et
2458 4442 2700 4512 voluptas
2746 4436 3054 4499 occurrerit,
3095 4449 3162 4489 ne
3191 4432 3515 4500 voluptatem
3542 4427 3718 4481 Solum

2125 4539 2404 4609 respicras,
2444 4535 2538 4592 sed
2569 4549 2636 4590 ne
2665 4533 2802 4588 forte
2845 4529 3092 4600 iniquitas
3128 4525 3303 4595 aliqua
3333 4523 3385 4576 in
3431 4518 3722 4590 voluptatis

2127 4608 2392 4702 profundo
2419 4627 2733 4682 obumbrata
2779 4622 2868 4685 sit,
2920 4614 3202 4689 diligenter
3243 4611 3546 4678 considera,
3590 4608 3721 4664 etsi

2128 4723 2415 4785 inveneris,
2446 4719 2669 4777 resilito.
2709 4716 2832 4773 Sive
2855 4713 3096 4769 consulat
3121 4708 3404 4781 quispiam,
3452 4704 3564 4759 sive
3589 4702 3724 4756 adu~

2130 4817 2291 4882 letur,
2318 4814 2431 4868 sive
2457 4812 2800 4880 obsequatur,
2831 4807 2943 4861 sive
2988 4806 3219 4858 honores
3245 4798 3577 4869 polliceatur,
3606 4794 3724 4849 sive

2130 4908 2502 4981 quodcumque
2530 4900 2708 4966 aliud;
2740 4898 2918 4954 omnia
2961 4910 3083 4950 cum
3131 4890 3401 4961 diligentia
3444 4885 3725 4942 examine-

2132 4980 2272 5067 mus,
2314 5008 2372 5052 et
2415 4996 2647 5066 undique
2693 4991 3128 5052 consideremus,
3175 5003 3242 5040 ne
3283 4983 3420 5038 forte
3468 4980 3724 5035 damnum

2131 5092 2366 5165 aliquod,
2397 5105 2463 5145 ne
2512 5090 2647 5143 forte
2691 5083 2981 5155 periculum
3011 5077 3223 5148 aliquod
3253 5091 3318 5130 ex
3348 5071 3594 5134 consilio,
3641 5068 3726 5122 vel

2135 5162 2360 5249 honore,
2394 5183 2474 5237 vel
2507 5178 2765 5249 obsequio
2796 5175 2948 5230 nobis
2969 5173 3202 5235 eveniat,
3227 5176 3279 5222 et
3305 5181 3372 5221 ne
3400 5162 3647 5219 celeriter
3675 5171 3726 5214 et

2135 5279 2526 5336 inconsiderate
2573 5284 2933 5329 accnrramus.
2978 5265 3034 5322 Si
3062 5265 3205 5320 enim
3251 5277 3387 5315 unus
3435 5268 3636 5313 tantmn
3674 5262 3731 5307 ct

2136 5374 2240 5429 duo
2273 5370 2440 5440 laquei
2473 5368 2666 5429 forent,
2702 5362 2869 5417 facilis
2895 5369 3034 5415 esset
3060 5354 3297 5411 custodia
3324 5368 3338 5415 ;
3370 5364 3510 5403 nunc
3547 5357 3731 5400 autem

2137 5467 2370 5537 ipsorum
2423 5461 2811 5517 multitudim-m
2868 5454 3151 5509 ostendere
3203 5448 3389 5502 volens
3432 5443 3687 5500 Salomon
3718 5481 3731 5502 ,

2137 5534 2404 5630 quomodo
2433 5555 2561 5611 dicit
2582 5551 2764 5606 audias
2794 5566 2807 5601 :
2838 5549 3065 5618 Aguosce
3090 5542 3226 5614 quod
3254 5542 3305 5593 in
3333 5538 3496 5591 medio
3524 5534 3735 5631 («qucu-

2137 5669 2249 5705 rum
2279 5645 2574 5720 perlransis.
2616 5643 2729 5699 Non
2760 5641 2910 5704 dixit,
2957 5637 3115 5693 Juxta
3157 5635 3371 5703 laqueos
3400 5638 3694 5700 pertrunStB
3719 5663 3737 5691 .

2205 5768 2220 5797 ι
2258 5763 2342 5815 alii
2372 5776 2385 5811 :
2417 5759 2536 5810 nim:
2562 5759 2723 5815 timor.
2740 5758 2882 5809 timor
2900 5754 2967 5805 ad
2985 5763 3189 5809 omnem,
3211 5753 3309 5799 etc.

2205 5829 2223 5858 ¹
2264 5825 2363 5882 alii,
2391 5822 2596 5873 urbium.
