3912 6230
250 405 367 464 1εῆ

243 521 444 594 ἀγοραὶ
464 519 570 574 τῶν
599 517 873 588 πορνικῶν
899 517 992 570 καὶ
1019 515 1495 585 διακεκλασμένων
1535 512 1928 582 ἀπηλλάγησαν

243 610 526 680 ᾀσμάτων,
543 607 636 661 καὶ
651 608 896 673 ὅπουπερ
919 605 982 659 ἀν
1007 621 1089 668 τις
1114 604 1215 676 ἴδῃ,
1233 604 1375 656 λιταὶ
1389 601 1539 674 [155]
1555 600 1931 670 καὶεύφημίαι

243 695 343 751 καὶ
373 696 582 764 δάκρυα
613 694 733 748 ἀντὶ
760 693 992 762 γέλωτος
1025 691 1260 745 ἀτάκτου
1282 733 1296 757 ,
1338 691 1433 744 καὶ
1468 693 1688 761 ῥήματα
1720 687 1934 758 φιλοσο-

243 781 378 851 φίαι
407 782 596 851 έχοντα
624 782 743 834 ἀντί
771 780 1030 852 ῥημάτων
1052 777 1314 851 αἰσχρῶν,
1335 778 1432 830 καὶ
1493 775 1757 846 ἐκκλησία
1773 774 1933 843 γέγο-

243 885 338 923 νεν
355 870 486 939 ἡμῖν
507 869 542 939 ἡ
565 867 717 930 πόλις
741 867 948 926 ἅπασα,
967 865 1074 917 τῶν
1091 863 1466 936 ἐργαστηρίων
1497 861 1929 932 ἀποκεκλεισμέ-

245 973 376 1020 νων,
399 957 493 1008 καὶ
520 957 739 1008 πάντων
765 958 821 1008 ἐν
849 958 968 1018 ταῖς
999 955 1303 1023 πανδήμοις
1332 951 1554 1015 ταύταις
1583 949 1932 1022 διημερευόν-

242 1060 357 1097 των
393 1043 586 1106 λιταῖς,
630 1043 721 1097 καὶ
760 1043 850 1095 τὸν
893 1041 1026 1094 Θεὸν
1071 1042 1169 1112 μιᾷ
1211 1041 1305 1093 καὶ
1351 1043 1504 1110 κοινῇ
1538 1041 1687 1109 φωνῇ
1726 1050 1751 1078 ι
1798 1037 1936 1108 μετά

243 1129 450 1199 πολλῆς
497 1129 804 1184 καλούντων
845 1129 946 1198 τῆς
987 1126 1314 1197 προθυμίας.
1365 1129 1522 1188 Ποῖος
1563 1123 1737 1178 ταῦτα
1778 1124 1935 1193 λόγος

244 1215 442 1270 ἀνύσαι
475 1217 608 1270 ποτὲ
657 1215 880 1286 ίσχυσε;
930 1215 1059 1268 ποία
1097 1213 1450 1285 παραίνεσις;
1495 1212 1579 1276 τίς
1619 1211 1932 1282 συμϐουλή;

243 1303 416 1358 πόσον
445 1305 639 1376 χρόνου
669 1303 844 1374 μῆκος
863 1319 878 1369 ;

321 1408 492 1480 β’Διά
501 1409 674 1463 ταῦτα
685 1407 1116 1479 εὐχαριστῶμεν,
1135 1407 1228 1460 καὶ
1245 1406 1318 1477 μὴ
1329 1405 1786 1477 ἁποδυσπετῶμεν
1801 1406 1933 1478 μηδέ

242 1497 707 1568 δυσχεραίνωμεν.
735 1497 857 1549 Ὀτι
882 1495 990 1566 γάρ
1019 1495 1180 1548 καλὸν
1204 1495 1232 1546 ό
1262 1494 1443 1564 φόϐος,
1475 1494 1677 1558 ἐδίδαξε
1709 1495 1804 1565 μὲν
1832 1496 1928 1548 καλ⁸

245 1584 320 1638 τά
349 1584 632 1656 εἰρημένα·
663 1584 892 1638 ἄκουσον
920 1582 976 1636 δὲ
1005 1583 1101 1636 καὶ
1130 1581 1477 1651 Σολομῶντος
1510 1583 1641 1653 περὶ
1664 1582 1826 1635 αὐτοῦ
1852 1600 1932 1652 φι-

243 1672 604 1742 λοσοφοῦντος
624 1670 820 1733 οὕτως,
852 1670 1195 1740 Σολομῶντος
1223 1669 1318 1722 τοῦ
1349 1670 1496 1742 πάσῃ
1540 1670 1934 1741 συντραφέντος

243 1763 432 1832 τρυφῇ
461 1763 556 1813 καὶ
595 1758 796 1829 πολλῆς
834 1756 1240 1820 ἀπολαύσαντος
1267 1755 1470 1820 ἀδείας.
1502 1756 1566 1809 Τί
1600 1751 1692 1810 οὖν
1729 1758 1935 1822 ἐκεῖνός

247 1864 453 1918 φησιν;
482 1845 724 1916 Ἀγαθὸν
745 1842 1113 1915 πορευθῆναι
1139 1847 1227 1910 είς
1260 1841 1428 1899 οἷκον
1455 1843 1734 1911 πένθους,
1756 1846 1795 1914 ἢ
1827 1861 1934 1899 που

239 1934 535 2005 ρωθῆναι
562 1937 650 2000 είς
674 1930 841 1987 οἷκον
859 1931 1134 2002 γέλωτος.
1154 1932 1220 1984 Τί
1239 1931 1436 2000 λέγεις,
1463 1931 1584 1984 είπέ
1615 1949 1703 2002 μοι
1723 1950 1739 1998 ;
1761 1932 1933 1986 Ὅπου

245 2022 473 2095 θρῆνος,
498 2023 593 2077 καὶ
613 2021 849 2094 δάκρυα,
879 2023 975 2074 καὶ
997 2021 1255 2091 οἰμωγαὶ,
1285 2021 1378 2073 καὶ
1399 2017 1580 2090 ὀδύνη,
1609 2020 1704 2073 καὶ
1725 2018 1935 2091 ἀθυμία

245 2111 509 2181 τοσαύτη,
552 2109 759 2180 βέλτιον
787 2107 1042 2162 ἀπελθεῖν
1077 2107 1298 2178 μᾶλλον,
1337 2107 1370 2178 ἢ
1409 2109 1542 2160 ὅπου
1583 2108 1812 2179 χορεῖαι,
1841 2109 1936 2162 καὶ

247 2198 532 2269 κύμϐαλα,
559 2199 652 2250 καλ⁵
669 2195 863 2264 γέλως,
883 2196 974 2249 καὶ
989 2194 1187 2266 τρυφὴ,
1211 2195 1302 2248 καὶ
1318 2193 1615 2267 ἀδηφαγία,
1640 2194 1734 2248 καὶ
1755 2195 1891 2266 μέθη
1916 2214 1932 2262 ;

247 2286 386 2346 Ναὶ.
431 2284 562 2355 φησί
602 2283 650 2335 δ.
705 2283 862 2346 Τίνος
890 2282 1096 2345 ένεκεν,
1123 2281 1245 2335 είπέ
1287 2298 1397 2353 μοι,
1445 2281 1541 2334 καὶ
1572 2280 1661 2336 διά
1694 2281 1783 2346 τί;
1815 2282 1936 2337 Ὅτι

248 2373 466 2428 ἐκεῖθεν
504 2372 601 2442 μέν
629 2369 917 2442 παροινία,
948 2368 1194 2422 ἐντεῦθεν
1221 2369 1278 2421 δὲ
1319 2367 1640 2440 σωφροσύνη
1669 2370 1934 2424 τίκτεταιο

249 2461 362 2517 κᾶν
385 2459 596 2532 ἀπέλθῃ
625 2475 709 2522 τις
731 2459 812 2520 είς
836 2455 1210 2528 εὐπορωτέρου
1239 2455 1565 2527 συμπόσιον,
1588 2457 1770 2510 οὐκέτι
1799 2458 1938 2528 μετά

249 2550 357 2621 τῆς
378 2548 546 2618 αὐτῆς
571 2545 760 2618 ἡδονῆς
777 2543 964 2613 ὄψεται
989 2542 1087 2614 τὴν
1106 2543 1304 2611 οίκίαν,
1330 2543 1445 2597 ἀλλ’
1467 2543 1648 2614 ἀηδῶς
1674 2544 1772 2615 μὲν
1801 2545 1937 2616 πρὸς

249 2637 355 2709 τὴν
402 2637 634 2704 γυναῖκα
685 2630 967 2702 ἐπανήξει,
1016 2629 1198 2701 ἀηδῶς
1241 2630 1299 2684 δὲ
1343 2631 1442 2702 τῆς
1484 2630 1678 2684 ἑαυτοῦ
1723 2631 1936 2702 μεθέξει

247 2722 558 2797 τραπέζης,
607 2719 700 2774 καὶ
742 2719 1073 2790 δυσάρεστος
1111 2718 1206 2771 καὶ
1245 2720 1358 2781 τοῖς
1401 2718 1639 2782 οἰκέταις
1681 2720 1777 2772 καὶ
1825 2723 1939 2785 τοῖς

249 2810 494 2874 παιδίοις
526 2809 623 2862 καὶ
652 2807 820 2860 πᾶσιν
853 2804 1006 2858 ἔσται
1038 2806 1152 2868 τοῖς
1180 2805 1321 2858 κατά
1351 2804 1450 2876 τὴν
1477 2806 1674 2870 οίκίαν,
1703 2807 1810 2860 ἀπὸ
1839 2809 1939 2878 τῆς

248 2899 460 2971 ἐτέρων
488 2895 745 2966 εὐπορίας
782 2893 1168 2966 ἀκριϐέστερον
1207 2891 1437 2947 κατιδὼν
1473 2893 1574 2957 τὴν
1613 2896 1806 2948 ἑαυτοῦ
1844 2913 1942 2948 πε-

250 2989 404 3043 νίαν.
450 2986 561 3038 Καὶ
605 2984 665 3036 οὐ
711 2981 869 3034 τοῦτο
910 2980 1068 3051 μόνον
1107 2981 1224 3034 ἐστὶ⁹
1251 2977 1313 3033 τδ
1347 2979 1542 3043 δεινὸν,
1581 2980 1696 3034 ἀλλ’
1725 2983 1807 3036 ὅτι
1847 2984 1940 3037 καὶ

253 3073 550 3148 βασκαίνει
597 3069 854 3132 πολλάκις
892 3066 971 3137 τῷ
1020 3067 1305 3122 καλέσαντι
1345 3068 1507 3122 αὐτὸν
1539 3069 1676 3140 πρὸς
1719 3069 1816 3141 τὴν
1851 3073 1942 3124 εύ-

249 3162 452 3234 ωχίαν·
504 3159 597 3214 καὶ
633 3157 770 3220 ὅλως
809 3155 961 3209 οὐδὲν
1001 3155 1202 3222 ἀγαθὸν
1241 3154 1419 3209 λαϐὼν
1457 3156 1635 3209 οἴκαδε
1661 3158 1937 3228 ἐπανήξει.

251 3249 390 3305 Ἐπὶ
433 3247 492 3301 δὲ
532 3246 640 3299 τῶν
687 3243 1026 3298 πενθούντων
1068 3241 1220 3296 οὐδὲν
1262 3241 1501 3296 τοιοῦτον
1547 3242 1693 3296 ἔστιν
1745 3247 1936 3311 εἰπεῖν,

250 3336 397 3394 ἀλλά
437 3333 608 3406 πολλὴ
646 3333 743 3404 μὲν
781 3333 814 3402 η
844 3330 1150 3400 φιλοσοφία,
1186 3329 1354 3401 πολλὴ
1383 3330 1499 3401 δὲὴ
1534 3330 1856 3402 σωφροσύνη
1889 3343 1936 3388 ο.

255 3426 417 3494 Ἅμα
446 3421 555 3493 γάρ
580 3419 645 3474 ἀν
673 3435 756 3482 τις
779 3416 940 3488 ἐπιϐῇ
975 3415 1081 3469 τῶν
1109 3415 1398 3487 προθύρων
1417 3417 1516 3488 τῆς
1539 3417 1714 3481 οἰκίας
1731 3417 1829 3488 τῆς
1855 3435 1942 3472 νε-

253 3512 392 3585 κρδν
421 3507 673 3580 ἐχούσης,
709 3505 803 3559 καὶ
833 3505 923 3558 τὸν
949 3502 1371 3574 τετελευτηκότα
1405 3502 1488 3577 ίδῃ
1521 3504 1732 3574 ἄφωνον
1764 3505 1951 3576 κείμετ

255 3617 370 3661 νον.
403 3599 500 3651 καὶ
521 3595 618 3667 τὴν
647 3595 882 3664 γυναῖκα
910 3591 1007 3654 τάς
1031 3591 1226 3664 τρίχας
1251 3590 1553 3658 τίλλουσαν,
1584 3591 1682 3655 τάς
1709 3593 1941 3664 παρειὰς

254 3685 725 3752 καταξαίνουσαν,
767 3682 891 3743 τοὺς
942 3677 1231 3751 βραχίονας
1275 3677 1734 3748 κατατέμνονσαν,
1775 3696 1943 3734 κατα-

255 3774 562 3833 στέλλεται,
585 3766 990 3838 σκυθρωπάζει,
1013 3765 1237 3819 καὶτῶν
1264 3764 1690 3836 συγκαθημένων
1712 3766 1941 3832 ἕκαστος

255 3861 398 3934 πρὸς
421 3859 514 3913 τὸν
543 3855 768 3928 πλησίον
795 3855 946 3908 οὐδὲν
973 3854 1159 3923 ἕτερον
1185 3853 1479 3922 φθέγγεται
1507 3853 1622 3907 ἀλλ’
1644 3855 1698 3926 ἢ,
1725 3855 1806 3908 ὅτι
1831 3857 1939 3909 0'5-

251 3951 343 4004 δέν
371 3952 563 4018 ἐσμεν,
593 3946 686 3998 καὶ
709 3946 742 4015 ἡ
770 3943 937 3997 κακία
964 3941 1118 4013 ἡμῶν
1152 3941 1378 4011 ἀφατος.
1415 3941 1480 3994 Τί
1501 3940 1704 3994 τούτων
1725 3941 1938 4012 φιλοσο-

254 4037 506 4108 φώτερον
532 4032 642 4087 τῶν
679 4031 939 4103 ῥημάτων
962 4029 1154 4098 γένοιτ’
1194 4028 1281 4092 ἂν,
1310 4029 1438 4082 ὅταν
1478 4027 1572 4080 καὶ
1597 4029 1698 4099 τῆς
1724 4030 1940 4098 φύσεως

251 4124 354 4195 τὴν
392 4120 670 4174 εὐτέλειαν
701 4114 1170 4185 έπιγινώσκωμεν,
1198 4116 1291 4168 καὶ
1309 4116 1405 4185 τὴν
1431 4114 1694 4186 πονηρίαν
1717 4115 1937 4170 διαϐάλ-

252 4211 464 4280 λωμεν,
493 4207 585 4260 καιι
617 4204 782 4276 μηδὲν
819 4199 957 4255 εἶναι
986 4201 1052 4256 τά
1082 4203 1322 4274 παρόντα
1353 4201 1661 4272 νομίζωμεν
1681 4241 1697 4268 ,
1732 4203 1940 4276 ἑτέροις

258 4299 360 4368 μὲν
404 4297 647 4368 ῥήμασι,
699 4289 890 4362 γνώμῃ
939 4290 994 4343 δὲ
1037 4292 1102 4359 τῇ
1156 4289 1291 4359 αὐτῇ
1341 4289 1408 4342 τὰ
1451 4287 1543 4341 τοῦ
1596 4290 1940 4360 Σολομῶντος

253 4383 626 4454 φθεγγόμενοι
655 4381 837 4432 ἐκεῖνα
867 4377 936 4429 τὰ
961 4375 1246 4446 θαυμαστὰ
1274 4377 1364 4430 καὶ
1395 4375 1593 4446 πολλῆς
1623 4377 1939 4447 φιλοσοφίας

251 4471 523 4542 γέμοντα,
552 4469 634 4521 ὅτι
676 4466 1010 4532 Ματαιότης
1042 4463 1471 4532 ματαιοτήτων.
1509 4463 1606 4516 καὶ
1641 4463 1711 4518 τὰ
1743 4465 1940 4519 πάντα

245 4559 627 4630 ματαιότης;
655 4555 713 4606 '0
747 4556 826 4616 είς
866 4549 1012 4606 οἷκον
1043 4551 1382 4604 πενθούντων
1419 4551 1693 4616 εἰσελθὼν,
1737 4553 1940 4617 εὐθέως

249 4645 488 4718 δακρύει
515 4645 604 4696 τὸν
630 4641 931 4696 ἀπελθόντα
953 4680 967 4704 ,
1003 4639 1106 4693 κᾶν
1136 4638 1327 4710 ἐχθρὸς
1450 4636 1603 4703 Εἶδες
1627 4640 1790 4693 πόσον
1822 4640 1939 4710 βελ-

248 4734 390 4787 τίων
417 4731 558 4802 αὓτη
583 4728 799 4799 ἐκείνης
824 4730 857 4797 ἡ
895 4727 1066 4794 οἰκίας
1103 4728 1248 4780 Ἐκεῖ
1272 4726 1370 4797 μὲν
1402 4725 1532 4796 γάρ,
1568 4727 1670 4780 κᾶν
1701 4727 1852 4796 φίλος
1877 4724 1935 4800 ᾖ,

251 4821 468 4891 φθονεῖν
494 4816 727 4871 ἐνταῦθα
753 4817 834 4878 δὲ,
863 4814 968 4869 κᾶν
994 4815 1186 4886 ἐχθρὸς
1211 4809 1269 4888 ᾖ,
1297 4813 1543 4886 δακρύειν
1569 4813 1749 4878 τοῦτο,
1776 4814 1805 4867 δ
1837 4817 1940 4886 μά-

249 4908 419 4962 λιστα
450 4906 669 4960 πάντων
690 4907 718 4958 ό
745 4903 876 4968 Θεὸς
903 4901 1167 4973 ἐπιζητεῖ,
1194 4903 1254 4956 τὸ
1284 4903 1358 4972 μὴ
1386 4902 1678 4973 ἐφήδεσθαι
1707 4906 1820 4968 τοῖς
1846 4903 1937 4957 λε-

249 4994 587 5064 λυπηκόσιν.
607 4994 680 5048 Οὐ
697 4990 870 5046 ταῦτα
885 4993 941 5045 δὲ
967 4991 1123 5062 μόνον
1148 4989 1292 5043 ἐστιν
1314 4989 1520 5043 ἐκεῖθεν
1541 4990 1936 5063 καρπώσασθαι

248 5084 323 5138 τὰ
357 5081 528 5145 καλά,
561 5081 695 5135 ἀλλά
719 5082 812 5134 καὶ
843 5080 1004 5149 ἕτερα
1033 5077 1235 5131 τούτων
1271 5077 1372 5129 οὐκ
1415 5077 1639 5131 ἐλάττω.
1687 5079 1796 5132 Καὶ
1829 5077 1936 5151 γὰρ

251 5170 740 5242 ἀναμιμνήσκεται
771 5165 920 5240 μει]
965 5163 1074 5218 τῶν
1115 5163 1528 5235 ἁμαρτημάτων
1560 5165 1790 5228 ἕκαστος
1827 5166 1936 5219 τῶν

249 5257 483 5320 ἑαυτοῦ,
511 5256 606 5309 καὶ
631 5253 725 5308 τοῦ
743 5252 1094 5322 δικαστηρίου
1117 5250 1212 5304 τοῦ
1245 5250 1496 5321 φοϐεροῦ,
1525 5251 1620 5304 καὶ
1647 5252 1754 5305 τῶν
1781 5253 1937 5306 εὐθυ-

251 5348 364 5402 νῶν
386 5345 636 5402 ἐκείνων,
667 5343 877 5412 καὶτῆς
905 5340 1158 5412 κρίσεως.
1180 5337 1282 5392 κᾶν
1373 5339 1543 5410 μυρία
1568 5340 1713 5393 κακά
1737 5357 1936 5396 πέπον-

253 5433 367 5498 θῶς
414 5433 546 5502 παρ’
599 5431 820 5500 ἐτέρων,
869 5431 964 5484 καὶ
1007 5427 1178 5490 λύπας
1225 5426 1363 5479 κατὰ
1409 5427 1509 5498 τὴν
1550 5427 1723 5480 οίκίαν
1773 5428 1932 5497 έχων,

254 5524 487 5578 πάντων
507 5518 683 5573 αὐτῶν
705 5516 886 5571 λαϐὼν
911 5516 972 5570 τὸ
996 5516 1283 5588 φάρμακον
1303 5515 1474 5579 οὕτως
1497 5513 1791 5572 ἐπάνεισιν.
1819 5519 1935 5572 Ἐν-

312 5723 336 5752 ⁸
354 5726 486 5776 Sice
511 5723 623 5774 Sav.
645 5721 1132 5785 restilulmup.Yplg.
1148 5721 1196 5785 ly
1215 5725 1272 5784 τῇ
1298 5723 1383 5785 μιᾷ
1406 5723 1540 5782 κοινῇ
1566 5724 1721 5783 φωνῇ.
1737 5720 1864 5770 Em.

313 5785 348 5829 ιι
373 5787 512 5846 Hac,
535 5787 630 5842 ναὶ,
652 5784 788 5848 φησί,
807 5785 855 5832 in
871 5783 1122 5848 soloVMor.
1147 5783 1345 5848 deum}:

318 5853 344 5881 ε
373 5839 580 5899 ειν.ἐι
613 5839 754 5896 ιιιὺὶιὶ
777 5839 897 5896 ἀισε.
935 5842 1424 5908 φιλοφροσύνῃ-ξιον.
1773 5839 1931 5908 Paulo

259 5919 373 5972 post
397 5912 493 5961 Sav
538 5910 640 5971 ἄμα
659 5908 749 5970 γάρ
772 5924 897 5972 τιςι..
919 5901 1227 5972 ίδῃμᾶφωνον,
1251 5901 1332 5956 illi
1349 5906 1462 5953 ἰδὼν
1484 5901 1686 5966 ἄφωνον.
1714 5904 1758 5966 (ι
1773 5901 1932 5952 Reco-

263 5967 422 6026 i-imus
440 5973 520 6033 ιδῃ
556 5967 644 6033 βω
671 5967 802 6031 ιυῖε.
827 5969 961 6017 εἶδεν.
981 5967 1191 6028 Eum»)

1245 400 1336 456 AD
1371 395 1702 455 POPULUM
1741 394 2256 454 ANTIOCHENUM
2294 396 2532 456 HOMIL.
2572 397 2695 455 XV.

3613 396 3719 456 153

2043 513 2240 584 νοήσας
2261 513 2390 586 γὰρ,
2408 515 2490 567 ὅτι
2511 513 2705 585 μικρὸν
2730 512 2953 584 ὕστερον
2977 513 3070 567 καὶ
3087 511 3248 577 αὐτὸς
3273 513 3513 569 πείσεται
3534 513 3713 576 τοῦτο.

2045 603 2140 654 καὶ
2164 602 2362 665 πάντες
2384 603 2439 656 δὲ
2461 603 2510 655 οί
2540 601 2748 672 μεγάλα
2771 601 3066 672 φυσῶντες,
3091 601 3186 654 καὶ
3211 602 3292 655 δτι
3320 601 3624 672 πρόσκαιρα
3648 601 3719 655 τά

2045 690 2286 760 παρόντα
2309 691 2525 744 ᾶπαντα
2548 731 2562 753 ,
2593 689 2692 745 κᾶν
2727 689 2936 760 χρηστά
2967 685 3035 762 ᾖ,
3068 689 3171 743 κᾶν
3208 688 3448 760 λυπηρὰ,
3480 689 3718 759 ἀθυμίαν

2043 780 2135 830 καὶ
2160 777 2453 847 βασκανίαν
2485 778 2700 832 ἃπασαν
2729 777 3086 846 ἀποθέμενος,
3123 777 3217 830 καὶ
3244 775 3452 846 κούφην
3486 777 3718 846 ποιήσας

2041 866 2140 935 τὴν
2181 866 2376 936 ψυχὴν,
2421 866 2515 918 καὶ
2563 865 2884 937 πτερωθεὶς,
2929 863 3101 940 οὕτως
3139 863 3320 917 οἴκαδε
3364 863 3714 933 ἀναστρέψει·

2043 955 2136 1008 καὶ
2165 954 2409 1008 ἐντεῦθεν
2435 952 2780 1025 ἡμερώτερος
2810 953 2956 1006 ἔσται
2985 956 3114 1006 πᾶσι
3135 953 3319 1006 λοιπον
3339 994 3352 1015 ,
3379 953 3716 1006 ἐπιεικέστε-

2045 1059 2135 1111 ρος
2175 1043 2268 1095 καί
2306 1041 2736 1112 προσηνέστερος
2783 1041 2877 1094 καὶ
2921 1039 3371 1112 φιλοσοφώτερος,
3411 1039 3506 1093 τού
3549 1038 3716 1108 φόϐου

2039 1129 2149 1182 τῶν
2181 1129 2480 1199 μελλόντων
2515 1129 2920 1192 ἐπεισελθόντος
2959 1129 3124 1182 αὐτοῦ
3169 1132 3234 1201 τῇ
3276 1129 3419 1200 ψυχῇ
3443 1171 3456 1191 ,
3493 1129 3588 1182 καὶ
3621 1128 3718 1193 τὰς

2040 1217 2283 1281 ἀκάνθας
2303 1217 2713 1288 δαπανήσαντος
2745 1216 2977 1279 ἁπάσας.
3017 1217 3130 1270 Καὶ
3161 1217 3333 1271 ταῦτα
3374 1218 3549 1274 πάντα
3579 1219 3722 1270 έκεῖ-

2040 1323 2129 1370 νος
2157 1304 2380 1359 συνιδὼν
2414 1305 2598 1374 ἔλεγεν
2628 1305 2730 1364 ὅτι.
2770 1305 3014 1374 Ἀγαθὸν
3041 1305 3406 1374 πορευθῆναι
3432 1308 3520 1370 είς
3552 1301 3722 1359 οἷκον

2040 1393 2318 1459 πένθους,
2357 1392 2394 1460 ἢ
2428 1391 2789 1460 πορευθῆναι
2823 1394 2910 1458 εὶς
2942 1393 3113 1446 οἷκον
3145 1393 3352 1446 πότου·
3389 1391 3597 1445 ἐκεῖθεν
3627 1393 3721 1463 ρᾳ-

2042 1481 2230 1553 θυμία,
2265 1480 2512 1535 ἐντεῦθεν
2546 1481 2756 1549 ἀγωνία
2779 1481 3008 1550 γίνεταιο
3048 1479 3255 1534 ἐκεῖθεν
3291 1480 3715 1551 καταφρόνησις,

2040 1570 2286 1623 ἐντεῦθεν
2329 1569 2512 1637 φόϐος,
2559 1569 2586 1620 ό
2630 1568 2767 1640 πρὸς
2809 1567 3030 1622 ἃπασαν
3077 1567 3103 1607 ἀ
3148 1569 3298 1637 ἡμᾶς
3354 1567 3719 1635 παιδαγωγῶν

2039 1658 2258 1728 ἀρετήν.
2281 1657 2343 1710 Εί
2371 1656 2445 1727 μὴ
2467 1656 2632 1709 καλὸν
2655 1651 2724 1726 ἦν
2743 1658 2770 1710 0
2793 1655 2976 1724 φόϐος,
3005 1655 3105 1708 οὐκ
3126 1655 3190 1709 ἂν
3217 1655 3344 1718 τοὺς
3374 1654 3600 1718 πολλοὺς
3625 1656 3721 1708 καὶ

2044 1746 2288 1817 μακροὺς
2317 1743 2561 1815 ἀνήλωσε
2591 1743 2783 1812 λόγους
2814 1746 2842 1796 0
2875 1743 3107 1812 Χριστὸς
3136 1744 3264 1813 περὶ
3292 1744 3390 1813 τῆς
3417 1744 3532 1795 ἐκεῖ
3559 1743 3720 1796 κολά-

2043 1850 2180 1896 σεως
2214 1834 2310 1886 καὶ
2339 1832 2606 1904 τιμωρίας
2631 1830 3033 1901 διαλεγόμενος.
3070 1831 3127 1884 '0
3155 1831 3319 1899 φόϐος
3351 1829 3503 1884 οὐδὲν
3533 1830 3720 1901 ἔτερόν

2043 1923 2208 1986 ἐστιν,
2235 1921 2268 1992 ἢ
2291 1923 2466 1992 τεῖχος
2482 1921 2575 1974 καὶ⁵
2595 1919 2883 1989 ἀσφάλεια,
2909 1919 3004 1972 καὶ
3021 1917 3229 1988 πύργος
3253 1916 3716 1987 ἀκαταγώνιστοςο

2043 2010 2135 2063 καὶ
2162 2008 2272 2079 γὰρ
2299 2008 2501 2078 πολλῆς
2531 2009 2662 2078 ἡμῖν
2691 2005 2990 2074 ἀσφαλείας
3017 2005 3116 2071 δεῖ,
3142 2005 3230 2059 διά
3265 2005 3326 2060 τὸ
3351 2006 3552 2070 πολλάς
3579 2002 3720 2060 εἶναι

2043 2094 2315 2164 πανταχοῦ
2349 2094 2448 2156 τάς
2479 2093 2716 2164 ἐνέδρας·
2751 2092 3003 2163 καθάπερ
3024 2093 3186 2156 αὐτὸς
3204 2088 3359 2156 οὗτος
3391 2093 3550 2148 πάλιν
3581 2111 3738 2167 παρα.

2041 2183 2204 2235 αινῶν
2247 2184 2275 2235 0
2318 2179 2565 2251 Σολομὼν
2608 2180 2813 2250 ἐλεγενν
2835 2180 3170 2248 Ἐπίγνωθι,
3206 2181 3292 2234 ὅτι
3321 2181 3390 2234 ἐν
3415 2181 3584 2249 μέσῳ
3610 2198 3719 2234 παι

2042 2269 2222 2339 παίδων
2246 2268 2566 2332 διαϐαίνεις
2591 2267 2688 2321 καί
2711 2268 2808 2321 ἐπὶ
2830 2266 3142 2331 ἐπάλξεων
3171 2269 3402 2336 πόλεως
3430 2279 3452 2308 ο
3477 2282 3716 2336 περίπασ-

2043 2355 2182 2422 τεῖς.
2227 2354 2398 2408 Βαϐαὶ
2432 2356 2611 2408 πόσων
2640 2355 2799 2426 γέμει
2847 2353 3004 2408 τοῦτο
3045 2354 3106 2407 τὸ
3149 2355 3300 2426 ῥῆμα
3345 2354 3588 2422 ἀγαθῶν,
3624 2357 3720 2409 καὶ

2043 2444 2142 2498 οὐκ
2163 2443 2381 2496 ἔλαττον
2410 2442 2442 2513 ἦ
2477 2443 2537 2496 τὸ
2568 2443 2860 2513 πρότερονί

2113 2529 2509 2600 Ἐγγράψωμεν
2531 2529 2707 2582 τοίνυν
2731 2528 2960 2591 ἕκαστος
2986 2526 3078 2580 ἐπὶ
3102 2527 3199 2597 τῆς
3220 2527 3455 2585 διανοίας
3472 2527 3604 2582 αὐτὸ
3620 2527 3717 2597 τῆς

2044 2619 2336 2688 ἡμετέρας,
2361 2616 2454 2670 καὶ
2473 2632 2540 2668 πε
2550 2616 2668 2686 ριφέ
2679 2632 2859 2687 ρωμεν
2885 2615 2979 2667 ἐπὶ
2999 2613 3100 2684 τῆς
3126 2621 3344 2690 μνήμης
3373 2616 3479 2683 ἀεὶ,
3503 2616 3596 2669 καὶ
3620 2615 3717 2686 οὐχ

2046 2702 2477 2774 ἁμαρτησόμεθα
2533 2701 2762 2771 ταχέως.
2819 2699 3212 2772 Ἐγγράψωμεν
3263 2701 3524 2773 πρότερον
3589 2703 3722 2756 αὐτο

2049 2791 2186 2863 μετά
2213 2789 2497 2861 ἀκριϐείας
2527 2789 2744 2861 ἀπάσης
2789 2789 3072 2859 μαθόντεςφ
3107 2789 3168 2842 οὐ
3203 2789 3310 2860 γάρ
3345 2785 3487 2852 εἷπε,
3525 2789 3720 2854 Βλέπε,

2045 2880 2126 2933 ὅτι
2160 2881 2219 2932 ἐν
2265 2879 2413 2949 μέσῳ
2443 2876 2682 2946 παγίδων
2727 2875 3042 2940 διαϐαίνεις,
3084 2875 3218 2941 ἀλλ’,
3241 2877 3573 2946 Ἐπίγνοωθι.
3612 2878 3723 2932 Καὶ

2044 2966 2186 3029 τίνος
2217 2965 2401 3019 ἕνεκεν
2429 2959 2602 3027 εἶπεν,
2634 2963 2980 3031 Ἐπίγνωθι;
3018 2963 3431 3026 Συνεσκίασται,
3474 2967 3658 3036 φησὶν,
3685 2969 3723 3035 ἠ

2047 3053 2232 3120 παγίς·
2265 3050 2422 3106 τοῦτο
2442 3051 2550 3123 γάρ
2571 3051 2717 3103 ἐστιν
2750 3050 2783 3120 ἠ
2811 3049 2999 3118 παγὶς,
3024 3049 3151 3102 ὅταν
3183 3047 3253 3126 μὴ
3287 3051 3519 3123 φανερὸς
3547 3053 3574 3106 6
3603 3053 3722 3106 ϐλε-

2047 3136 2174 3207 θρος
2219 3137 2498 3206 φαίνηται,
2546 3135 2676 3206 μηδέ
2713 3135 2841 3207 δήλη
2885 3138 2917 3207 ή
2972 3135 3166 3207 βλάϐη,
3209 3135 3343 3190 ἀλλά
3389 3140 3723 3210 πανταχόθεν

2033 3240 2112 3276 ’πε
2124 3240 2199 3292 ριε
2211 3221 2477 3292 σταλμένη
2509 3222 2876 3292 παρακέηταιο
2897 3223 2983 3277 διά
3004 3223 3158 3276 τοῦτό
3183 3241 3366 3294 φησιν,
3387 3227 3720 3296 Ἐπίγιοωθι·

2048 3309 2245 3380 πολλῆς
2274 3325 2355 3362 σοι
2385 3308 2464 3360 δεῖ
2486 3307 2588 3377 τῆς
2624 3309 3003 3378 κατανοήσεως
3022 3310 3116 3362 καὶ
3144 3309 3404 3381 ἀκριϐοῦς
3441 3311 3540 3382 τῆς
3569 3314 3724 3384 ἐρεύ.

2046 3415 2164 3469 νης.
2204 3397 2416 3467 Ὠσπερ
2449 3395 2558 3466 γὰρ
2584 3394 2654 3448 τά
2692 3394 2879 3449 παιδία
2902 3397 2967 3466 τῇ
2997 3400 3068 3468 γῇ
3099 3395 3198 3468 τὴν
3231 3397 3468 3466 παγίδα,
3497 3399 3670 3464 οὕτως
3691 3402 3721 3452 0

2045 3484 2288 3548 διάϐολος
2326 3483 2426 3543 τὰς
2465 3481 2740 3554 ἁμαρτίας
2765 3484 2884 3546 ταῖς
2911 3481 3190 3554 βιωτικαῖς
3215 3485 3580 3558 περιέστειλεν
3601 3488 3724 3557 ήδοο

2046 3574 2184 3636 ναῖς·
2212 3571 2328 3627 ἀλλ’
2354 3569 2615 3640 ἐπίγνωθι
2643 3567 3062 3641 διερευνώμενος
3085 3570 3348 3642 ἀκριϐῶς.
3376 3573 3471 3626 καὶ
3499 3571 3593 3627 ἐὰν
3618 3573 3724 3644 ιμ.

2046 3659 2190 3732 πέσῃ
2220 3656 2432 3731 κέρδος,
2473 3656 2550 3729 μὴ
2592 3656 2652 3711 τὺ
2697 3655 2888 3728 κέρδος
2919 3656 3036 3731 ῑδῃς
3070 3656 3252 3728 μόνον,
3293 3657 3406 3713 ἀλλ’
3430 3659 3724 3732 ἐραύνησον

2049 3745 2316 3819 ἀκριϐῶς,
2354 3745 2430 3818 μή
2460 3762 2562 3799 που
2590 3743 2819 3809 θάνατος
2841 3745 2938 3800 καὶ
2967 3745 3208 3816 ἁμαρτία
3227 3748 3309 3811 είς
3332 3747 3392 3801 τὸ
3417 3747 3605 3820 κέρδος
3636 3748 3724 3802 έν-

2045 3835 2132 3889 δον
2156 3834 2549 3907 ἐγκέκρυπταιο
2577 3832 2682 3888 κάν
2710 3832 2847 3906 ίδῃς,
2869 3833 3140 3902 ἀπόφυγε.
3168 3834 3359 3898 Πάλιν,
3379 3835 3506 3888 ὅταν
3535 3836 3726 3907 τέρψις

2045 3923 2140 3976 καὶ
2173 3921 2331 3994 ἡδονὴ
2373 3920 2726 3994 παρεμπέσῃ,
2766 3919 2840 3992 μὴ
2876 3919 2974 3990 τὴν
3008 3919 3198 3990 ἡδονὴν
3228 3920 3343 3992 ἴδῃς
3374 3920 3554 3990 μόνον,
3585 3923 3724 3982 ἀλλά

2049 4015 2121 4080 μή
2171 4027 2274 4062 που
2328 4007 2640 4080 παρανομία
2693 4024 2777 4068 τις
2822 4010 2881 4061 ἐν
2921 4005 2998 4075 τῷ
3023 4005 3174 4076 βάθει
3214 4007 3312 4078 τῆς
3359 4009 3551 4080 ἡδονῆς
3598 4027 3724 4068 συν-

2046 4097 2350 4161 εσκίασται,
2399 4094 2536 4166 μετά
2575 4093 2861 4166 ἀκριϐείας
2897 4093 3167 4161 ἐξέτασον,
3203 4096 3306 4148 κᾶν
3352 4095 3539 4170 εὕρῃς,
3583 4098 3720 4155 ἀπο-

2046 4183 2304 4255 πήδησονο
2341 4182 2444 4237 κᾶν
2476 4181 2818 4253 συμϐουλεύῃ
2845 4197 2948 4248 τις,
2979 4180 3082 4234 κᾶν
3113 4181 3402 4256 κολακεύῃ,
3425 4183 3529 4239 κᾶν
3552 4184 3719 4256 θερα-

2046 4271 2205 4341 πεύῃ.
2229 4269 2333 4324 κᾶν
2363 4287 2414 4322 τι
2423 4267 2529 4340 μάς
2548 4267 2970 4339 ἐπαγγέλληται,
2994 4266 3095 4321 κᾶν
3113 4267 3291 4322 ότιοῦν
3315 4269 3520 4342 ἕτερον,
3543 4273 3720 4326 πάντα

2045 4355 2386 4424 ἐξετάζωμεν
2423 4357 2560 4428 μετά
2595 4346 2908 4427 ἀκριϐείας,
2940 4357 3033 4409 καὶ
3069 4346 3494 4428 περισκοπῶμεν
3526 4359 3722 4414 πάντο-

2045 4444 2136 4497 θεν
2168 4446 2243 4515 μή
2267 4443 2368 4497 πού
2393 4461 2476 4508 τις
2498 4443 2692 4514 βλάϐη,
2719 4445 2792 4514 μή
2815 4443 2918 4496 πού
2947 4461 3031 4508 τις
3056 4444 3298 4508 κίνδυνος
3325 4445 3433 4498 ἀπὸ
3458 4445 3556 4516 τῆς
3584 4463 3646 4498 συ
3655 4465 3720 4517 ρ.

2045 4531 2240 4601 ϐουλῆς
2259 4571 2272 4595 ,
2306 4531 2338 4602 ἢ
2369 4532 2468 4602 τῆς
2500 4531 2687 4600 τιμῆς,
2725 4530 2757 4602 ἦ
2796 4530 2897 4600 τῆς
2927 4530 3220 4604 θεραπείας
3252 4531 3383 4601 ἡμῖν
3413 4531 3716 4602 ἐγγίνηται,

2045 4620 2138 4672 καὶ
2165 4619 2238 4690 μὴ
2262 4619 2469 4689 ταχέως
2505 4618 2598 4672 καὶ
2635 4617 3056 4690 ἀπερισκέπτως
3089 4617 3485 4690 ἐπιτρέχωμεν.
3529 4620 3592 4674 Et
3620 4622 3722 4692 μὲν

2044 4707 2152 4776 γάρ
2185 4707 2283 4777 μία
2310 4707 2404 4760 καὶ
2438 4706 2531 4760 δύο
2575 4706 2734 4776 μόνον
2769 4702 2909 4778 ἦσαν
2945 4707 3004 4760 αί
3047 4706 3295 4775 παγίδες,
3329 4704 3550 4772 εὐκολος
3583 4704 3650 4779 ἦν
3682 4713 3716 4780 η

2045 4795 2277 4864 φυλακὴο
2312 4792 2405 4847 νῦν
2429 4791 2485 4846 δὲ
2511 4792 2571 4847 τδ
2599 4793 2798 4864 πλῆθος
2821 4792 3000 4848 αὐτῶν
3028 4793 3366 4861 ἐνδείξασθαι
3397 4794 3718 4867 βουλόμενος

2043 4879 2358 4952 ὸΣολομὼν,
2389 4881 2619 4936 ἄκουσον
2651 4880 2767 4946 πῶς
2801 4880 2950 4954 [155]
2990 4898 3155 4953 φησιν
3193 4881 3238 4922 ί·
3265 4884 3599 4952 Ἐπίτνωθι,
3628 4884 3718 4940 ὅτι

2043 4967 2294 5038 ἐνμέσῳ
2327 4968 2593 5038 παγίδων
2622 4968 2962 5036 διαϐαίνεις·
2986 4970 3087 5022 οὐκ
3121 4965 3297 5035 εἶπεν,
3320 4971 3404 5024 ὅτι
3425 4972 3582 5042 Παρά
3611 4990 3718 5024 πα-

2043 5055 2195 5123 γίδας
2220 5055 2533 5119 διαϐαίνεις,
2566 5055 2680 5108 ἀλλ’
2712 5057 2818 5110 Ἐν
2831 5055 3001 5126 μέσῳ
3021 5057 3309 5128 παγίδων.
3345 5057 3716 5129 Ἐκατέροιθεν

2043 5144 2174 5214 ἡμῖν
2204 5143 2271 5195 τά
2301 5142 2546 5214 βάραθρα
2565 5182 2580 5204 ,
2611 5129 2946 5215 ἑκατέρωθεν
2964 5145 3014 5198 οί
3046 5144 3206 5198 δόλοι.
3237 5142 3490 5198 Ἐνέϐαλέ
3519 5159 3600 5208 τις
3633 5146 3715 5209 είς

2042 5230 2266 5302 ἀγοράν,
2291 5226 2427 5284 εἶδεν
2446 5229 2659 5304 ἐχθρὸν,
2689 5231 3030 5303 ἐφλέγμανεν
3055 5233 3162 5287 ἀπὺ
3191 5232 3292 5302 τῆς
3315 5232 3490 5301 ἂψεως
3519 5232 3709 5304 μόνηςο

2041 5315 2146 5373 είδε
2175 5319 2328 5389 φίλον
2355 5319 2740 5390 εὐδοκιμοῦντα
2763 5359 2779 5384 ,
2812 5320 3131 5391 ὲϐάσκηνεν⁹
3158 5315 3265 5373 εῐδε
3303 5318 3511 5390 πένητα
3530 5358 3545 5383 ,
3574 5336 3711 5373 κατ-

2040 5406 2306 5479 εφρόνησε
2343 5408 2435 5461 καὶ
2469 5409 2770 5479 ὑπερείδενο
2805 5403 2913 5463 εἶδε
2953 5408 3231 5470 πλούσιον,
3257 5408 3352 5461 καὶ
3391 5406 3707 5478 ἐφθόνησενο

2039 5489 2146 5548 εἶδέ
2208 5510 2331 5548 τινα
2378 5495 2818 5567 ἐπηρεαζόμενον
2845 5535 2860 5559 ,
2910 5494 3374 5564 ἀπεδυσπέτησενο
3428 5489 3538 5548 εἶδέ
3587 5511 3712 5550 τινα

2039 5581 2433 5653 ἐπηρεάζοντα,
2464 5579 2836 5654 ἐδυσχέρανεν·
2855 5577 2961 5635 είδε
2983 5583 3215 5650 γυναῖκα
3230 5581 3525 5654 εὔμορφον,
3542 5581 3706 5638 ἐάλω.

2040 5665 2194 5734 Εἶδες
2236 5670 2396 5723 πόσαι
2437 5670 2492 5723 al
2535 5669 2793 5738 παγίδας,
2842 5669 3119 5742 ἀγαπητές
3165 5669 3265 5726 Διά
3315 5669 3473 5726 τοῦτό
3517 5685 3705 5742 φησινο

2097 5837 2126 5906 ’ἓ
2149 5841 2248 5906 Alii
2267 5843 2503 5906 tapetum
2519 5840 2681 5903 φόϐος.
2703 5840 2847 5904 φόϐος
2868 5841 2985 5906 πρὸς
3003 5843 3088 5894 επ.

2104 5902 2126 5925 ⁹
2147 5902 2242 5952 Alii
2264 5902 2467 5954 πόλεων.

2103 5959 2125 6008 1
2153 5962 2252 6013 Alii
2270 5965 2476 6012 ἄκουσον
2499 5961 2544 6012 τί
2555 5979 2712 6024 φησιν.
