3912 6230
198 413 301 470 ιετ

205 535 535 607 Ἑπιτνωθι,
566 534 653 589 ὅτι
683 533 752 588 ἐν
773 530 941 603 μέσῳ
986 530 1250 599 παγίδων
1285 527 1624 591 διαϐαίνεις.
1658 524 1864 607 Καίέν

194 604 607 691 οἰκίανπαγίδες,
635 617 730 670 καὶ
748 616 842 669 ἐπὶ
863 613 1141 686 τραπέζης
1167 609 1408 678 παγίδες,
1439 607 1535 662 καὶ
1562 608 1655 660 ἐπὶ
1681 604 1863 658 συλλό-

193 736 305 790 γων
335 719 582 789 παγίδες.
613 716 878 779 Πολλάκις
903 712 1320 785 ἀπερισκέπτως
1345 728 1430 774 τις
1464 708 1664 781 μεταξὺ
1694 707 1863 776 φίλων

196 821 415 894 θαρρῶν
456 817 758 890 ἐφθέγξατό
795 835 848 870 τι
880 815 988 869 τῶν
1021 814 1121 866 οὐκ
1159 811 1483 883 ὀφειλόντων
1519 807 1863 879 ἐξενεχθῆναι

197 921 477 993 ῥημάτων,
505 920 600 974 καὶ
625 917 864 972 κίνδυνον
889 916 1087 988 ἤνεγκε
1111 911 1384 978 τοσοῦτον,
1412 909 1551 964 ὥστε
1575 908 1864 980 ὁλόκληρον

195 1020 495 1093 ἀνατρέψαι
514 1021 612 1092 τὴν
636 1018 830 1073 οἰκίαν.

263 1146 333 1209 γ’.
350 1136 688 1208 Πανταχόθεν
703 1136 880 1189 τοίνυν
898 1129 1297 1204 διερευνώμεθα
1311 1128 1380 1182 τὰ
1399 1128 1694 1199 πράγματα
1728 1124 1867 1197 μετὰ

194 1240 496 1313 ἀκριϐείας.
548 1237 813 1301 Πολλάκις
856 1237 950 1289 καλ.
993 1233 1128 1305 γυνὴ
1171 1234 1358 1302 γέγονε
1405 1231 1573 1300 παγὶς
1623 1231 1736 1292 τοῖς
1789 1228 1864 1299 μὴ

197 1340 545 1412 προσέχουσι,
577 1338 835 1402 πολλάκις
861 1335 1068 1396 παιδία,
1112 1332 1368 1395 πολλάκις
1410 1331 1574 1401 φίλοι,
1609 1328 1866 1392 πολλάκις

195 1443 456 1513 γείτονες.
502 1440 615 1497 Καὶ
660 1438 802 1503 τίνος
846 1436 1032 1490 ἐνεκεν
1081 1431 1340 1486 τοσαῦται
1375 1428 1622 1498 παγίδες,
1670 1425 1862 1497 φησίν;

198 1546 317 1600 Ἵνα
350 1544 425 1617 μὴ
456 1541 701 1599 κάτωθεν
734 1537 1046 1610 πετώμεθα,
1073 1535 1208 1590 ἀλλά
1230 1534 1300 1588 τὰ
1318 1532 1430 1588 ἄνω
1458 1530 1728 1602 ζητῶμεν.
1758 1526 1869 1580 Καὶ

197 1647 310 1719 γάρ
326 1646 395 1700 τὰ
411 1642 652 1707 πετεινὰ,
669 1643 773 1706 ἕως
792 1641 858 1695 ἂν
872 1641 961 1693 τδν
983 1637 1183 1709 ὑψηλὸν
1205 1634 1343 1706 ἀέρα
1361 1632 1556 1702 τέμνῃ,
1577 1629 1637 1682 οὐ
1661 1626 1869 1698 ταχέως

199 1747 499 1801 ἁλίσκεται·
542 1742 685 1799 οὓτω
722 1741 817 1796 κο.)⁵
852 1741 938 1802 σὺ,
981 1736 1085 1800 ἕως
1125 1736 1189 1789 ἂν
1223 1733 1359 1805 πρὸς
1398 1730 1468 1785 τὰ
1505 1731 1616 1784 ἄνω
1644 1727 1867 1797 βλέπῃς,

198 1847 322 1901 οὔτε
350 1847 454 1900 ὑπὸ
495 1844 740 1913 παγίδος,
774 1839 898 1894 οὔτε
934 1839 1023 1907 ὑφ’
1057 1835 1248 1931 ξτέρας
1283 1832 1427 1894 τινὸς
1455 1828 1640 1900 ἀλώσῃ
1676 1824 1873 1898 ῥᾳδίως

199 1946 512 2017 ἐπιϐουλῆς.
535 1944 775 2013 ’Ῑξευτής
811 1943 958 1994 ἐστιν
992 1941 1021 1993 0
1061 1924 1324 1998 διάϐολος
1360 1929 1518 2002 γενοῦ
1551 1928 1726 1981 τοίνυν
1761 1924 1871 1981 τῶν

200 2048 409 2102 ἐκείνου
448 2045 715 2115 καλάμων
753 2041 1100 2113 ὑψηλότερος.
1123 2037 1182 2091 '0
1220 2034 1355 2106 προς
1389 2031 1448 2085 τὸ
1495 2029 1627 2099 ὕψος
1664 2025 1872 2089 ἀναϐὰς

201 2148 386 2201 οὐκέτι
411 2146 559 2200 οὐδὲν
586 2144 925 2215 θαυμάσεται
945 2140 1052 2192 τῶν
1080 2133 1349 2208 βιωτικῶν
1370 2129 1726 2203 πραγμάτωνο
1752 2125 1873 2181 ἀλλ’

203 2248 410 2319 ὥσπερ,
429 2244 645 2298 ἐπειδὰν
669 2245 750 2307 είς
773 2242 871 2313 τὴν
899 2236 1140 2311 κορυφὴν
1161 2233 1560 2303 ἀναδράμωμεν
1579 2228 1685 2283 τῶν
1709 2228 1870 2300 ὀρῶν,

206 2340 378 2416 μικρά
416 2341 512 2395 καὶ
551 2341 585 2410 ἡ
621 2338 777 2400 πόλις
818 2338 951 2407 ἡμῖν
991 2331 1128 2387 εἶναι
1162 2331 1308 2384 δοκεῖ
1341 2327 1435 2382 καὶ
1471 2324 1543 2378 τὰ
1574 2324 1749 2395 τείχη,
1782 2328 1875 2379 καὶ

207 2438 508 2508 μυρμήκων
536 2434 692 2503 δίκην
726 2432 817 2485 ἐπὶ
844 2431 942 2501 τῆς
976 2430 1078 2498 γῆς
1104 2428 1154 2479 οί
1184 2425 1373 2495 ἄνδρες
1401 2422 1534 2492 ἡμῖν
1573 2416 1875 2489 βαδίζοντες

204 2533 500 2603 φαίνονται·
555 2527 728 2591 οὕτως
761 2524 978 2580 ἐπειδὰν
1018 2523 1107 2575 ἐπὶ
1149 2520 1247 2590 τὴν
1291 2516 1498 2587 ὑψηλὴν
1536 2513 1740 2568 ἔννοιαν
1777 2511 1876 2581 τῆς

206 2624 522 2696 φιλοσοφίας
558 2621 810 2693 ἀνέλθῃς,
838 2618 991 2672 οὐδέν
1017 2634 1077 2670 σε
1098 2614 1209 2669 τῶν
1238 2613 1329 2666 ἐπὶ
1357 2613 1454 2684 τῆς
1482 2611 1587 2680 γῆς
1610 2606 1876 2679 ἐκπλῆξαι

205 2724 518 2794 δυνήσεται,
562 2717 700 2771 ἀλλά
747 2713 918 2787 μικρά
965 2711 1145 2765 πάντα
1178 2711 1449 2779 φανεῖται,
1486 2710 1582 2760 καὶ
1624 2704 1874 2771 πλοῦτος,

208 2819 302 2872 καὶ
337 2814 484 2881 δόξα,
528 2813 624 2868 καὶ
657 2809 968 2872 δυναστεία,
1010 2808 1103 2861 καὶ
1153 2805 1286 2876 τιμὴ
1332 2805 1428 2857 καὶ
1464 2803 1518 2856 εἴ
1550 2820 1604 2856 τι
1639 2800 1878 2855 τοιοῦτον

208 2914 412 2982 ἕτερον,
453 2911 580 2964 ὅταν
615 2906 687 2962 τά
726 2910 783 2960 ἐν
823 2906 1071 2976 οὐρανοῖς
1103 2901 1326 2973 βλέπῃςο
1357 2898 1608 2969 καθάπερ
1646 2894 1738 2951 οὖν
1784 2897 1879 2952 καὶ

209 3008 406 3080 Παύλῳ
439 3005 611 3078 μικρά
644 3003 821 3058 πάντα
854 3000 1122 3070 ἐφαίνετο,
1152 2999 1247 3052 καὶ
1273 2997 1480 3069 νεκρῶν
1510 2995 1880 3067 ἀχρηστότερα

211 3106 278 3160 τὰ
299 3101 529 3176 λαμπρὰ
553 3100 648 3156 τοῦ
672 3099 940 3171 παρόντος
959 3095 1095 3167 βίου.
1114 3095 1212 3149 Διά
1234 3092 1391 3146 τοῦτο
1413 3091 1505 3145 καὶ
1530 3091 1657 3144 ἐϐόα
1681 3090 1874 3159 λέγων·

212 3201 376 3272 Ἐμοὶ
407 3202 635 3269 κόσμος
658 3197 1040 3264 ὲσταύρωται’
1075 3191 1162 3246 διὰ
1186 3189 1341 3244 τοῦτο
1376 3189 1469 3243 καὶ
1487 3190 1618 3260 ἡμῖν
1650 3187 1881 3258 παρῄνει

212 3300 403 3367 λέγων’
437 3296 514 3351 Τὰ
542 3294 664 3349 ἇνω
690 3291 978 3363 φρονεῖτε.
1012 3290 1196 3351 Ἀνω;
1227 3288 1354 3340 ποῖα
1378 3285 1576 3353 λέγεις,
1608 3283 1727 3336 εἰπέ
1762 3298 1879 3352 μοι;

213 3399 344 3451 ὅπου
369 3394 541 3466 ἥλιος,
566 3393 700 3446 ὅπου
732 3389 963 3460 σελήνης
994 3385 1128 3455 Οὐχὶ
1149 3423 1165 3450 ,
1195 3383 1376 3454 φησίν.
1405 3380 1568 3435 Ἀλλά
1595 3379 1695 3433 ποῦ
1715 3396 1730 3444 ;
1751 3380 1883 3433 ὅπου

215 3493 456 3563 ἄγγελοι,
484 3490 617 3545 ὅπου
643 3482 994 3558 ἁρχάγγελοι,
1032 3482 1166 3536 ὅπου
1196 3479 1265 3533 τὰ
1291 3477 1555 3550 χερουϐὶμ
1579 3477 1673 3530 καὶ
1703 3476 1773 3530 τὰ
1798 3492 1885 3529 σε·

218 3590 426 3663 ρωφίμς
472 3587 636 3657 Οὐχὶ.
687 3583 874 3654 φησίν.
920 3579 1084 3634 ’Δλλά
1122 3576 1261 3643 ποῦς
1321 3577 1513 3631 Ὅπου
1552 3578 1586 3630 ό
1632 3576 1886 3644 Χριστός

215 3677 652 3747 ἐστινέν-δεξιᾷ
669 3678 775 3733 τοῦ
799 3675 947 3731 Θεοῦ
967 3672 1319 3743 καθήμενος.
1342 3671 1668 3741 Πειθώμεθα
1686 3672 1882 3737 τοίνυν,

218 3774 437 3836 κάκεῖνο
457 3775 719 3848 διηνεκῶς
740 3769 1103 3842 λογιζώμεθα,
1124 3771 1206 3822 δτι
1240 3766 1491 3837 καθάπερ
1515 3765 1593 3836 τῷ
1624 3765 1887 3836 στρουθίῳ

218 3873 410 3943 ὄφελος
434 3870 584 3926 οὐδὲν
607 3867 715 3924 τῶν
749 3864 966 3939 πτερῶν
1009 3862 1115 3917 ὑπὸ
1155 3861 1258 3933 τῆς
1294 3861 1518 3931 παγίδος
1545 3860 1743 3924 ἁλόντι,
1774 3861 1887 3914 ἀλλ’

218 3971 339 4039 εἰκῆ
362 3968 456 4022 καὶ
483 3967 659 4039 μάτην
681 3981 781 4019 πτε
791 3961 1065 4036 ρύσσεται·
1095 3958 1237 4013 οὕτω
1258 3957 1352 4013 καὶ
1376 3959 1457 4011 σοὶ
1481 3957 1591 4011 τῶν
1615 3956 1890 4028 λογισμῶν

220 4065 371 4120 οῦδὲν
403 4063 611 4134 ὄφελος,
643 4042 738 4116 ἐὰν
773 4058 913 4115 κατά
944 4056 1146 4128 κράτος
1177 4053 1282 4109 ὑπὸ
1307 4052 1407 4124 τῆς
1436 4053 1676 4124 πονηρᾶς
1704 4051 1892 4106 ἐπιθυ-

224 4143 354 4233 μίας
392 4142 556 4231 ἁλῷς,
606 4141 721 4212 ἀλλ’
760 4157 861 4211 ὅσα
912 4155 978 4210 ἂν
1014 4153 1336 4225 σκιρτήσῃς,
1382 4150 1573 4214 ἐάλως.
1603 4149 1700 4205 Διά
1737 4149 1892 4204 τοῦτο

221 4259 397 4331 πτερά
415 4259 527 4321 τοῖς
549 4254 868 4327 στρουθίοις,
896 4252 982 4306 ἵνα
1001 4249 1213 4322 ἐκφύγῃ
1235 4249 1335 4313 τάς
1357 4248 1606 4317 παγίδας·
1631 4246 1720 4301 διὰ
1736 4246 1894 4300 τοῦτο

222 4354 474 4427 λογισμοὶ
500 4356 614 4416 τοῖς
640 4348 964 4420 ἀνθρώποις,
992 4348 1077 4400 ἵνα
1104 4346 1385 4418 ἐκφύγωσι
1407 4345 1475 4399 τά
1499 4344 1891 4416 ἁμαρτήματα.

226 4448 360 4501 Τίνα
378 4443 469 4500 οὖν
492 4445 686 4516 ἕξομεν
714 4440 1062 4513 συγγνώμην,
1083 4442 1204 4497 τίνα
1228 4442 1287 4496 δὲ
1306 4439 1620 4510 ἀπολογίαν,
1641 4440 1767 4494 ὅταν
1786 4438 1894 4492 τῶν

227 4543 436 4611 ἀλόγων
463 4535 613 4611 ὦμεν
643 4537 986 4608 ἀνοητότεροι
1005 4552 1019 4600 ;

281 4642 366 4696 .‘0
396 4640 495 4712 μὲν
516 4639 637 4709 γὰρ
668 4635 924 4708 στρουθὸς
956 4633 1105 4700 ἅπαξ
1141 4635 1304 4698 ἁλοὺς
1339 4634 1445 4687 ὑπὸ
1490 4634 1734 4702 παγίδος,
1776 4628 1896 4686 εἶτα

226 4734 521 4807 διαφυγὼν,
562 4735 655 4788 καὶ
706 4732 903 4801 ἔλαφος
935 4731 990 4783 δὲ
1030 4734 1112 4793 εἰς
1137 4730 1397 4783 δίκτυονο
1445 4729 1761 4801 ἐμπεσοῦσα
1804 4728 1896 4783 καὶ

228 4833 492 4904 διαδρᾶσα
517 4871 530 4894 ,
589 4828 862 4892 δυσκόλως
913 4826 1210 4880 ἁλώσονται
1271 4827 1431 4880 πάλιν
1498 4829 1608 4889 τοῖς
1673 4827 1855 4889 αὐτοῖς
1879 4841 1892 4854 °

229 4928 446 4999 ἑκάστῳ
478 4923 583 4997 γὰρ
613 4925 646 4996 ἡ
674 4926 839 4994 πεῖρα
870 4920 1187 4985 διδάσκαλος
1218 4918 1517 4989 ἀσφαλείας
1748 4921 1895 4990 γίνε-

230 5040 344 5080 ται.
385 5021 576 5094 Ἡμεῖς
618 5019 677 5075 δὲ
711 5017 971 5082 πολλάκις
1001 5021 1112 5080 τοῖς
1140 5017 1325 5081 αὐτοῖς
1364 5015 1607 5082 ἁλόντες,
1640 5019 1754 5080 τοῖς
1800 5016 1899 5075 a0-

230 5120 344 5182 τοῖς
373 5116 796 5191 περιπίπτομεν,
822 5115 913 5168 καί
946 5113 1067 5167 οὐδὲ
1097 5113 1205 5167 τῶν
1235 5112 1443 5181 ἀλόγων
1463 5112 1522 5165 τὸ
1547 5112 1899 5184 προνοητικὸν

233 5216 327 5270 καλ⁵
375 5212 853 5288 μεμεριμνημένον
899 5212 948 5266 οἱ
1000 5211 1143 5281 λόγῳ
1186 5209 1505 5281 τιμηθέντες
1542 5207 1896 5279 μιμούμεθα.

235 5310 474 5375 ῐΙοσάκις
523 5306 616 5366 οὖν
677 5309 876 5372 ἰδόντες
913 5308 1180 5375 γυναῖκα,
1224 5304 1392 5375 μυρία
1443 5303 1717 5372 ἐπάθομεν
1754 5302 1903 5356 δεινὰ

236 5405 417 5459 οἴκαδε
452 5405 904 5476 ἀναχωρήσαντες
926 5441 941 5466 ,
979 5400 1071 5455 καὶ
1108 5400 1205 5471 τὴν
1247 5398 1538 5469 ἐπιθυμίαν
1577 5396 1898 5468 δεξάμενοι,

240 5504 335 5554 καὶ
365 5501 460 5554 ἐπὶ
491 5501 711 5564 πολλαῖς
738 5498 1086 5569 ὀδυνηθέντες
1113 5496 1367 5568 ἡμέραις,
1395 5495 1510 5548 ἀλλ’
1532 5495 1680 5566 ὅμως
1711 5495 1902 5573 00.6w-

242 5596 623 5669 φρονιζόμεθα,
678 5597 815 5652 ἀλλά
850 5595 1002 5668 μόλις
1038 5594 1100 5647 τὸ
1154 5593 1417 5664 πρότερον
1464 5589 1903 5662 θεραπεύσαντες

238 5696 418 5760 ἕλκος,
444 5693 604 5748 πάλιν
628 5697 741 5757 τοῖς
764 5695 948 5757 αὐτοῖς
970 5691 1390 5762 περιπίπτῳεν,
1418 5689 1514 5742 καὶ
1541 5687 1646 5741 ὑπὸ
1674 5687 1784 5741 τῶν
1802 5688 1902 5742 αὐ-

241 5790 347 5842 τῶν
376 5787 731 5858 ἀλισκόμεθα,
755 5790 848 5842 καὶ
867 5789 954 5843 διὰ
982 5788 1236 5859 βραχεῖαν
1255 5785 1446 5856 ἡδονὴν
1463 5784 1660 5856 ὅψεως,
1681 5784 1900 5856 διηνεκῆ

243 5901 363 5937 τινα
391 5883 486 5936 καὶ
517 5883 728 5953 χρόνιον
749 5884 1088 5956 ὑπομένομεν
1115 5882 1328 5953 ὀδύνην.
1365 5882 1504 5935 Ἀλλ’
1523 5881 1616 5936 ὲΞιν
1642 5880 1901 5952 μάθωμεν

302 6000 323 6024 ⁸
344 6001 443 6051 Alii
468 6004 531 6059 εἷς
555 6003 737 6051 δίκτυα.

945 407 1003 463 S.
1043 404 1326 461 JOANNIS
1361 397 1854 457 CHRYSOSTOMI
1892 393 2208 452 ARCHIEP.
2248 386 2790 449 CONSTANTINOP.

3528 381 3630 438 158

1972 508 2208 581 συνεχῶς
2243 505 2447 581 ταύτην
2490 503 2761 571 ἐπιλέγειν
2804 502 3014 562 ἑαυτοῖς
3052 498 3152 567 τὴν
3193 495 3379 567 ῥῆσιν,
3415 496 3635 548 πάντων

1971 600 2387 673 ἀποστησάμεθα
2433 598 2541 653 τῶν
2573 597 2789 651 δεινῶν·
2822 595 2987 662 παγὶς
3016 593 3247 663 μεγίστη
3295 590 3491 654 κάλλος
3532 607 3635 657 γυ-

1972 702 2154 763 ναικός
2175 717 2188 730 ·
2226 698 2422 769 μᾶλλον
2452 695 2650 765 δ’έούχὶ
2678 692 2872 754 κάλλος
2905 688 3185 759 γυναικὸς,
3219 686 3332 741 ἀλλ’
3364 688 3398 757 ὴ
3431 687 3635 740 ἀκόλα-

1973 810 2096 856 στος
2121 792 2271 862 δψις·
2310 791 2384 862 μὴ
2412 789 2521 861 γὰρ
2565 788 2630 861 δὴ
2657 787 2726 841 τὰ
2759 785 3058 858 πράγματα
3098 782 3491 853 διαϐάλλωμεν,
3519 779 3637 833 ἀλλ’

1971 888 2120 958 ἡμᾶς
2151 885 2247 939 καὶ
2277 883 2374 956 τὴν
2397 883 2673 955 ἡμετέραν
2704 881 2978 953 ρᾳθυμίαν
2997 896 3012 912 ο
3064 879 3197 950 μηδὲ
3235 877 3504 946 λέγωμεν,
3540 875 3635 946 Μὴ

1971 983 2219 1037 ἔστωσαν
2239 984 2516 1051 γυναῖκες,
2545 979 2681 1032 ἀλλὰ
2712 978 2803 1048 Μὴ
2835 977 3078 1031 ἔστωσαν
3102 977 3344 1046 μοιχείαο
3385 971 3518 1044 μηδὲ
3549 971 3638 1024 λέ-

1974 1093 2187 1148 γωμεν,
2219 1076 2311 1147 Μὴ
2341 1074 2481 1128 έστω
2509 1073 2722 1137 κάλλος,
2752 1070 2887 1126 άλλά
2918 1071 3009 1140 Μὴ
3035 1069 3173 1122 ἔστω
3209 1066 3460 1138 πορνεία·
3501 1065 3636 1136 μηδὲ

1971 1170 2238 1241 λέγωμεν,
2270 1171 2360 1240 Μὴ
2387 1168 2526 1222 ἔστω
2556 1166 2752 1231 κοιλία,
2779 1164 2916 1219 ἀλλά
2939 1164 3030 1235 Μὴ
3071 1162 3210 1215 ἔστω
3230 1161 3506 1231 ἀδηφαγία
3528 1178 3541 1190 ·
3572 1159 3635 1211 ού

1972 1266 2133 1338 γάρὴ
2158 1266 2334 1321 κοιλία
2349 1266 2445 1337 τὴν
2474 1263 2781 1336 ἀδηφαγίαν
2805 1264 2968 1323 ποιεῖ,
3000 1259 3168 1329 ἀλλ’ἢ
3198 1256 3439 1328 ἡμετέρα
3472 1255 3639 1328 ρᾳθυ-

1977 1362 2093 1433 μία.
2122 1363 2213 1434 Μὴ
2232 1363 2477 1432 λέγωμεν
2497 1360 2585 1413 διὰ
2598 1360 2659 1412 τὸ
2679 1361 2870 1428 φαγεῖν
2892 1356 2986 1410 καὶ
3007 1358 3149 1408 πιεῖν
3172 1355 3349 1408 πάντα
3365 1354 3433 1407 τά
3454 1354 3603 1407 κακά
3620 1370 3635 1384 ο

1974 1461 2034 1514 ού
2088 1459 2196 1531 γὰρ
2239 1458 2328 1512 διὰ
2380 1457 2570 1520 τοῦτο,
2610 1455 2747 1509 ἀλλά
2789 1453 2876 1508 διὰ
2928 1452 3023 1524 τὴν
3073 1451 3342 1523 ρᾳθυμίαν
3394 1451 3491 1503 κα)⁸
3538 1450 3639 1518 τὴν

1974 1556 2275 1629 ἀπληστίαν
2304 1555 2404 1628 τὴν
2427 1552 2723 1625 ἡμετέραν.
2762 1551 2876 1604 Ούκ
2911 1549 3081 1618 ἔφαγε
3108 1547 3238 1617 γοῦν
3276 1546 3394 1599 οὐδὲ
3427 1545 3579 1599 ἔπιεν
3610 1549 3641 1599 0

1974 1653 2237 1717 διάϐολος,
2262 1653 2356 1706 καὶ
2387 1649 2688 1705 κατέπεσεν
2707 1667 2722 1683 ·
2748 1647 2917 1717 ἔφαγε
2942 1647 3034 1700 καὶ⁵
3060 1645 3212 1699 ἔπιεν
3232 1647 3260 1698 ὁ
3285 1644 3519 1706 Παῦλος,
3544 1641 3641 1693 καὶ

1976 1752 2071 1814 είς,
2093 1749 2181 1803 τὸν
2230 1748 2455 1820 οὐρανὸν
2505 1746 2721 1818 ἀνῆλθε.
2756 1744 2941 1798 Πόσων
2994 1744 3177 1797 ἀκούω
3220 1741 3515 1810 λεγόντων,
3546 1739 3640 1809 Μὴ

1977 1844 2115 1899 ἔστω
2152 1845 2346 1899 πενίαί
2385 1843 2853 1915 Ἐπιστομίζωμεν
2905 1840 3086 1893 τοίνυν
3134 1840 3261 1901 τοὺς
3305 1837 3375 1890 τά
3414 1835 3642 1890 τοιαῦτα

1976 1939 2454 2009 δυσχεραίνοντας⁶
2485 1937 2802 2009 βλασφημία
2844 1936 2953 2007 γάρ
2980 1935 3043 1988 τὸ
3078 1934 3149 1987 τά
3196 1933 3420 1986 τοιαῦτα
3460 1930 3643 1999 λέγειν

1978 2036 2111 2091 ἐστί.
2168 2036 2430 2107 Λέγωμεν
2484 2035 2660 2088 τοίνυν
2699 2033 2834 2105 πρὸς
2881 2029 3100 2093 αὐτούς’
3133 2028 3220 2100 Μὴ
3265 2027 3405 2080 ἔστω
3450 2043 3644 2097 μικρο-

1976 2129 2176 2200 ψυχίαο
2223 2129 2382 2183 πενία
2423 2129 2531 2201 γάρ
2562 2129 2731 2201 μυρία
2765 2128 2846 2187 είς
2868 2125 2959 2195 τὸν
3006 2125 3118 2196 βίον
3145 2123 3301 2199 ἡμῶν
3347 2124 3643 2193 είσήγαγεν

1980 2222 2199 2293 ἀγαθά,
2235 2224 2329 2278 καὶ
2379 2224 2548 2295 χωρὶς
2601 2223 2788 2286 πενίας
2832 2223 2859 2274 ὁ
2912 2219 3141 2284 πλοῦτος
3200 2219 3493 2291 ἄχρηστος.
3551 2216 3642 2286 Μὴ

1979 2318 2157 2372 τοίνυν
2209 2320 2346 2391 μήτε
2383 2317 2570 2371 τοῦτον
2606 2321 2743 2388 μήτε
2793 2317 3007 2386 ἐκείνην
3035 2312 3438 2383 διαϐάλλωμεν·
3483 2309 3645 2363 πενία

1981 2415 2088 2485 γὰρ
2112 2414 2206 2468 καὶ
2253 2409 2479 2475 πλοῦτος
2533 2410 2673 2466 ὅπλα
2708 2411 2824 2463 ἐστὶ
2858 2410 2995 2482 πρὸς
3039 2407 3239 2480 ἀρετὴν
3277 2407 3515 2477 ἑκάτερα
3544 2404 3643 2473 φέ-

1986 2527 2166 2580 ροντα,
2202 2509 2268 2563 ἂν
2289 2508 2578 2581 ἐθέλωμεν.
2599 2510 2809 2578 ’Ὥσπερ
2825 2505 2918 2562 οὖν
2936 2508 2965 2559 0
2994 2508 3239 2574 γενναῖος
3282 2500 3644 2574 στρατιώτης,

1982 2601 2092 2659 οἷον
2141 2605 2207 2660 ἂν
2237 2605 2400 2659 ὅπλον
2432 2603 2570 2676 λάϐῃ
2591 2641 2606 2668 ,
2637 2602 2738 2673 τὴν
2769 2600 2974 2655 οἰκείαν
3009 2599 3209 2672 ἀρετὴν
3246 2597 3642 2652 ἐπιδείκνυται·

1983 2700 2154 2765 οὕτως
2195 2703 2224 2755 0
2248 2699 2507 2769 άνανδρος
2531 2699 2626 2752 καλ⁸
2656 2698 2829 2761 δειλὸς
2856 2698 2944 2767 ὑφ’
2972 2696 3249 2766 ἑκατέρων
3274 2693 3643 2764 ἐμποδίζεται.

1984 2796 2094 2849 Καὶ
2144 2796 2230 2849 ἵνα
2267 2794 2464 2868 μάθῃς,
2498 2795 2582 2847 ὅτι
2624 2792 2780 2845 τοῦτό
2816 2793 2965 2846 ἐστιν
3014 2790 3235 2861 ἀληθὲς,
3268 2785 3647 2859 ἀναμνήσθητε

1989 2906 2078 2959 μοι
2102 2889 2196 2942 τοῦ
2230 2888 2371 2954 Ἰὼϐ,
2398 2888 2458 2952 ὃς
2487 2887 2622 2958 ὁμοῦ
2669 2888 2763 2940 καὶ
2800 2886 3052 2950 πλούσιος
3087 2886 3181 2941 καὶ
3215 2885 3384 2955 πένης
3412 2883 3604 2952 γέγονε
3628 2921 3647 2949 ,

1986 2987 2081 3039 καὶ
2108 2987 2343 3058 ἑκάτερα
2379 2985 2448 3037 τὰ
2491 2984 2629 3037 ὅπλα
2678 2982 3114 3054 μετεχειρίσατο,
3145 2981 3240 3034 καὶ
3281 2981 3340 3034 ὲν
3371 2961 3648 3047 ἑκατέροις
3688 2984 3691 2987 ’

1986 3081 2278 3151 ἐκράτησε.
2334 3079 2565 3132 Καῖὅτε
2619 3076 2718 3148 μὲν
2757 3076 3012 3139 πλούσιος
3038 3071 3125 3147 ῆν,
3156 3075 3363 3143 ἔλεγεν*
3407 3072 3470 3127 Ἠ
3501 3072 3651 3138 θύρα

1981 3194 2100 3246 μου
2133 3175 2311 3229 παντί
2348 3174 2585 3229 ἐλθόντι
2609 3172 2874 3241 ,ὴνέῳκτο
2898 3188 2913 3202 ·
2957 3173 3047 3225 ὅτε
3082 3170 3138 3222 δὲ
3184 3170 3351 3238 πένης
3393 3168 3649 3237 γέγονεν,

1989 3269 2194 3340 ἔλεγεν·
2232 3271 2293 3323 Ὀ
2320 3270 2527 3337 Κύριος
2553 3268 2792 3331 ἔδωκεν,
2827 3270 2859 3320 ό
2879 3266 3094 3334 Κύριος
3118 3265 3395 3333 ἀφείλετο
3420 3280 3433 3293 ·
3465 3263 3545 3326 ὡς
3574 3260 3653 3325 τῷ

1988 3366 2183 3433 Κυρίῳ
2209 3363 2440 3429 ἔδοξεν,
2476 3363 2629 3416 οὕτω
2660 3360 2760 3414 καὶ
2803 3359 3060 3429 ἐγένετο.
3095 3357 3223 3410 Ὅτε
3280 3354 3531 3418 πλούσιος
3562 3350 3651 3425 ἦν,

1991 3460 2190 3532 πολλὴν
2242 3459 2339 3531 τὴν
2392 3457 2718 3529 φιλοξενίαν,
2755 3457 2844 3509 ὅτε
2871 3455 3038 3526 πένης
3068 3452 3280 3523 γέγονε,
3310 3450 3512 3520 πολλὴν
3554 3451 3653 3520 τὴν

1993 3557 2270 3629 ὑπομονὴν
2300 3553 2630 3619 ἐπεδείξατο.
2674 3552 2785 3605 Καὶ
2817 3552 2880 3605 σὺ
2903 3550 3080 3603 τοίνυν
3122 3547 3380 3610 πλούσιος
3409 3542 3488 3612 ei;
3525 3545 3656 3597 πολ-

1992 3655 2088 3724 λὴν
2111 3652 2451 3706 ἐπιδείκνυσο
2479 3649 2577 3722 τὴν
2606 3647 2992 3719 ἐλεημοσύνην.
3026 3648 3201 3718 Πένης
3233 3645 3493 3714 γέγονας;
3528 3639 3657 3695 πολ-

1993 3748 2089 3820 λὴν
2117 3748 2215 3820 τὴν
2244 3747 2540 3817 καρτερίαν
2579 3746 2673 3798 καὶ
2712 3745 2811 3817 τὴν
2850 3745 3147 3815 ὑπομονήν.
3175 3743 3313 3798 Οὔτε
3345 3743 3455 3813 γὰρ
3487 3739 3659 3794 πλοῦ-

1994 3858 2084 3905 τος
2125 3840 2314 3904 κακὸν,
2345 3837 2467 3891 οὗτε
2496 3838 2655 3891 πενία
2690 3836 2873 3900 ἁπλῶς
2892 3854 2906 3868 ’
2935 3837 3069 3890 ἀλλὰ
3100 3838 3251 3908 παρά
3279 3835 3375 3908 τὴν
3401 3834 3661 3906 προαίρει

1998 3954 2082 3991 σιν
2106 3934 2214 3989 τῶν
2245 3934 2538 4006 χρωμένων
2566 3931 2803 4001 ἑκάτερα
2832 3930 3004 3985 ταῦτα
3028 3931 3257 4000 γίνεται.
3311 3918 3317 3925 ’

2065 4030 2128 4089 δ’.
2154 4030 2538 4101 Παιδεύσωμεν
2558 4029 2736 4082 τοίνυν
2759 4026 2982 4091 ἑαυτοὺς
3015 4026 3089 4097 μὴ
3121 4026 3374 4088 τοιαύτας
3395 4024 3522 4093 περὶ
3552 4022 3663 4076 τῶν

1999 4127 2339 4199 πραγμάτων
2365 4124 2509 4196 ἔχειν
2539 4124 2638 4187 τὰς
2665 4124 2894 4194 κρίσεις,
2936 4123 3070 4195 μηδὲ
3093 4123 3161 4175 τά
3205 4121 3341 4192 ἔργα
3372 4118 3466 4172 τοῦ
3500 4116 3661 4177 Θεοῦ,

2000 4218 2138 4273 ἀλλά
2177 4218 2275 4290 τὴν
2307 4216 2623 4289 προαίρεσιν
2660 4216 2758 4286 τὴν
2790 4215 3035 4286 πονηρὰν
3061 4214 3170 4269 τῶν
3216 4211 3516 4285 ἀνθρώπων
3548 4209 3668 4263 δια-

2001 4308 2233 4364 ϐάλλειν.
2291 4308 2395 4361 Τὸν
2461 4305 2792 4378 μικρόψυχον
2846 4305 2967 4358 οὐδὲ
3013 4308 3042 4359 0
3098 4304 3326 4367 πλοῦτος
3380 4301 3664 4371 ὠφελῆσαι

1999 4400 2257 4455 δύναταιο
2291 4400 2381 4454 τὸν
2420 4396 2793 4468 μεγαλόψυχον
2841 4398 2962 4451 οὐδὲ
3009 4398 3043 4469 ἡ
3087 4397 3248 4451 πενία
3289 4394 3665 4451 καταϐλάπτει

2002 4494 2155 4548 ποτέ.

2084 4598 2426 4669 Ἐπιγνῶμεν
2448 4598 2626 4652 τοίνυν
2651 4597 2750 4661 τάς
2772 4597 3027 4666 παγίδας,
3051 4597 3144 4650 καὶ
3171 4593 3452 4667 πόρρωθεν
3486 4592 3665 4647 αὐτῶν

2007 4693 2306 4767 βαδίζωμεν
2327 4709 2340 4721 ·
2378 4691 2692 4761 ὲπιγνῶμεν
2719 4692 2845 4754 τοὺς
2874 4691 3174 4762 κρημνοὺς,
3199 4689 3294 4743 καὶ
3329 4687 3466 4759 μηδὲ
3499 4687 3669 4755 ἐγγὺς

2003 4784 2302 4856 γινώμεθα.
2346 4783 2516 4836 Τοῦτο
2551 4782 2850 4852 ἀσφαλείας
2882 4784 3012 4853 ἡμῖν
3044 4781 3196 4834 ἔσται
3226 4779 3375 4853 [15η
3403 4781 3668 4852 μεγίστης

2005 4877 2280 4943 ὑπόθεσις,
2300 4876 2359 4929 τὸ
2386 4877 2460 4947 μὴ
2481 4876 2549 4928 τά
2571 4877 2943 4947 ἁμαρτήματα
2968 4872 3188 4944 φεύγειν
3210 4873 3390 4944 μόνον,
3415 4873 3551 4926 ἀλλὰ
3576 4875 3670 4927 καὶ

2003 4967 2074 5020 τὰ
2097 4967 2364 5038 ἀδιάφορα
2395 4967 2494 5035 μὲν
2534 4962 2671 5019 εἶναι
2711 4964 2988 5031 δοκοῦντα,
3020 4965 3156 5035 πρὸς
3185 4964 3242 5016 δὲ
3270 4964 3370 5027 τὰς
3398 4966 3672 5035 ἁμαρτίας

2004 5061 2149 5131 ἡμᾶς
2172 5058 2615 5120 ύποσκελίιζοντα.
2643 5054 2768 5112 Οἵόν
2789 5076 2842 5112 τι
2874 5058 3035 5126 λέγω·
3073 5057 3146 5109 Τὸ
3172 5057 3336 5127 γελᾷν
3363 5057 3458 5110 καὶ
3486 5058 3675 5110 ἀστεῖα

2006 5153 2181 5221 λέγειν
2212 5153 2270 5204 οὐ
2294 5152 2441 5204 δοκεῖ
2471 5150 2571 5222 μὲν
2599 5134 3017 5221 ὡμολογημένον
3036 5149 3338 5220 ἁμάρτημα
3365 5145 3526 5211 εἶναι,
3550 5148 3674 5213 ἄγει

2006 5244 2065 5297 δὲ
2115 5244 2196 5305 εἰς
2241 5241 2661 5312 ὡμολογημένον
2710 5242 3042 5312 ἁμάρτημα·
3088 5239 3347 5302 πολλάκις
3399 5237 3531 5306 γοῦν
3568 5239 3676 5291 ἀπὸ

2007 5335 2242 5404 γέλωτος
2266 5332 2467 5403 αἰσχρά
2490 5333 2555 5402 ρή
2566 5349 2708 5402 ματα
2732 5333 2996 5395 τίκτεται,
3024 5331 3133 5384 ἀπὸ
3157 5331 3415 5402 ῥημάτων
3434 5330 3676 5399 αἰσχρῶν

2009 5427 2236 5499 πράξεις
2279 5426 2624 5495 αίσχρότεραι
2649 5440 2660 5453 ·
2693 5422 2950 5481 πολλάκις
2992 5420 3098 5474 ἀπὸ
3151 5424 3408 5491 ῥημάτων
3452 5422 3545 5473 καὶ
3587 5420 3679 5488 γέ-

2008 5519 2178 5580 λωτος
2225 5517 2463 5589 λοιδορία
2509 5517 2604 5569 καὶ
2642 5514 2817 5585 ὕϐρις,
2864 5513 2973 5568 ἀπὸ
3021 5513 3287 5584 λοιδορίας
3328 5514 3423 5565 καὶ
3466 5512 3678 5584 ὕϐρεως

2012 5608 2216 5680 πληγαὶ
2269 5610 2364 5664 καὶ
2406 5607 2717 5680 τραύματα,
2772 5606 2881 5660 ἀπὸ
2928 5606 3257 5677 τραυμάτων
3300 5605 3393 5658 καὶ
3454 5605 3680 5674 πληγῶν

2013 5703 2219 5771 σφαγαὶ
2250 5703 2344 5755 καὶ
2378 5701 2548 5769 φόνοι.
2584 5701 2681 5753 Ἂν
2712 5701 2891 5753 τοίνυν
2930 5699 3129 5769 μέλλῃς
3169 5699 3296 5768 περὶ
3326 5698 3556 5751 σεαυτοῦ
3586 5717 3686 5751 κα-

2011 5799 2121 5864 λῶς
2155 5798 2524 5871 βουλεύεσθαι,
2559 5797 2682 5867 οὐχὶ
2717 5794 2785 5848 τά
2825 5796 3025 5866 αἰσχρά
3072 5795 3292 5866 ῥήματα
3338 5794 3522 5865 μόνον,
3561 5793 3682 5847 οὐδὲ

2011 5894 2079 5946 τά
2101 5892 2304 5963 αίσχρά
2330 5891 2649 5963 πράγματα,
2674 5888 2795 5941 οὐδὲ
2818 5886 2919 5949 τὰς
2945 5887 3158 5957 πληγὰς
3176 5887 3271 5940 καλ⁵
3295 5887 3366 5940 τά
3387 5887 3684 5958 τραύματα

2016 5991 2107 6042 καὶ
2145 5990 2269 6049 τοὺς
2312 5984 2523 6053 φόνους,
2572 5981 2707 6035 άλλά
2751 5980 2844 6035 καὶ
2879 5979 3039 6033 αὑτὸν
3069 5979 3158 6032 τὸν
3200 5978 3427 6049 ἄκαιρον
3466 5979 3684 6048 γέλωτα
