3920 6224
322 351 417 407 i57

330 556 596 623 utrimque
646 549 774 605 doli.
829 546 1095 602 Processit
1138 542 1401 613 quispiam
1448 541 1500 593 in
1548 538 1756 599 forum,
1790 536 1921 589 vidit

331 647 627 707 inimicum,
667 639 868 696 exarsit
907 648 975 693 es
1020 642 1238 704 aSpectu
1281 632 1397 687 solo
1449 647 1463 683 :
1519 628 1648 684 vidit
1689 627 1919 681 amicum

332 737 540 791 laudent
578 738 989 802 consequentcm
1010 767 1026 792 ,
1056 723 1274 778 invidit:
1296 720 1428 776 vidit
1458 733 1771 791 pauperem,
1795 732 1923 771 con-

332 834 631 896 tempsnt,ct
644 821 887 891 despexit
902 838 915 871 :
929 818 1164 883 divitem,
1180 814 1433 871 etinvidit
1446 832 1459 867 :
1474 811 1774 881 quempiam
1793 810 1924 864 vidit

331 916 580 973 arrectum
598 913 870 985 injuria,et
886 924 1026 981 :egre
1044 908 1162 962 tulit
1180 925 1195 960 :
1211 904 1514 976 quempiam
1527 902 1658 958 vidit
1671 899 1922 956 infestan-
1971 926 1977 929 -

333 1023 464 1077 tem,
487 1020 540 1064 et
569 1008 867 1077 indignatus
896 1012 979 1058 est
1006 1020 1020 1055 :
1048 1001 1179 1056 vidit
1205 999 1500 1070 speciosam
1519 998 1820 1059 mulierem,
1837 1009 1926 1049 ca-

337 1110 457 1174 ptus
474 1109 574 1157 est.
600 1097 783 1152 Vidcn’
799 1104 928 1165 quot
946 1093 1118 1162 laquei
1138 1092 1162 1145 ll
1187 1091 1312 1147 Ideo
1332 1089 1709 1160 dicit,Agnoscs
1723 1086 1858 1159 quod
1874 1087 1925 1139 in

1267 338 1355 394 AD
1394 329 1716 392 POI‘ULUM
1756 327 2241 387 ANTIOCHENUM
2306 328 2532 383 llOMlL.
2582 327 2694 383 XV.

327 465 444 528 sed,
476 460 544 516 In
573 459 736 515 medio
763 458 1071 528 laqueorum.
1104 452 1380 521 Utrimque
1415 446 1570 503 nobis
1598 444 1877 517 voragines
1899 486 1913 508 ,
1966 467 1971 470 ο

3507 321 3603 376 15c

2026 460 2338 514 pugnamur,
2365 453 2420 500 et
2456 454 2674 516 propter
2703 444 2918 499 brevem
2949 444 3092 499 visus
3123 443 3446 516 voluptatem
3486 446 3606 501 diu-

2024 547 2234 592 turnum
2273 538 2557 606 quemdam
2585 546 2637 592 et
2661 526 2968 613 continuum
2997 536 3234 591 dolorem
3257 537 3604 617 sustinemus.

2024 630 2130 686 Sed
2154 630 2198 685 si
2229 629 2533 699 frequenter
2568 630 2721 684 nobis
2743 629 2844 683 hoc
2874 636 3117 700 repetere
3144 620 3343 684 dictum
3364 628 3611 687 didiceri-

2027 735 2166 788 mus,
2185 720 2434 775 omnibus
2461 721 2613 774 malis
2643 720 3047 775 abstinebimns.
3073 719 3321 791 Laqueus
3350 722 3615 778 maximus

2026 813 2264 867 mulieris
2302 811 2512 866 forma:
2559 813 2667 866 imo
2705 826 2837 867 vero
2867 826 2973 867 non
3016 812 3257 867 mulieris
3298 811 3490 880 forma,
3516 812 3614 869 sed

2028 905 2255 960 lascivus
2301 914 2564 975 aspectus.
2595 903 2709 959 Non
2752 905 2893 959 enim
2954 918 3039 960 res
3080 905 3488 970 calumniemur,
3515 903 3612 960 sed

2029 1011 2128 1051 nos
2166 1005 2219 1052 et
2247 1006 2485 1051 nostrum
2518 1005 2820 1065 torporem;
2866 1009 3039 1068 neque
3061 994 3300 1051 dicamus
3332 1012 3345 1049 :
3392 994 3471 1054 Ne
3511 995 3620 1051 sint

2031 1088 2307 1154 mulieres,
2340 1087 2455 1153 sed,
2487 1085 2565 1141 Ne
2587 1085 2693 1141 sint
2716 1086 2976 1142 adulteria
3000 1104 3014 1141 :
3060 1102 3232 1158 neque
3258 1085 3518 1153 dicamus,
3541 1085 3622 1142 No

339 1192 501 1245 medio
528 1190 818 1259 laqueorum
850 1185 1053 1238 transis.
1083 1183 1145 1241 Et
1185 1180 1329 1236 domi
1356 1179 1552 1250 laquei,
1584 1179 1715 1234 etin
1742 1192 1929 1232 mensa
2026 1182 2093 1238 sit
2125 1180 2481 1250 pulchritudo,
2510 1178 2625 1247 sed,
2660 1178 2735 1234 Ne
2774 1180 2844 1234 sit
2892 1179 3172 1235 foruicatio
3213 1198 3226 1232 :
3270 1195 3446 1251 neque
3471 1180 3623 1235 dica-

338 1283 534 1352 laquei,
581 1290 637 1334 et
682 1278 735 1333 in
778 1274 1124 1331 concionibus
1166 1271 1362 1341 laquei.
1388 1269 1595 1341 Scepius
1623 1268 1929 1324 inconside-

338 1385 455 1427 rate
479 1372 595 1441 quis
623 1370 759 1424 inter
787 1368 986 1421 amicos
1018 1363 1312 1430 conﬁdens,
1335 1362 1585 1433 loquutus
1605 1372 1688 1416 est
1715 1359 1930 1431 aliquod

302 1454 305 1455 ν
338 1465 624 1520 verborum
667 1477 784 1533 qum
814 1458 1036 1529 proferri
1067 1471 1170 1512 non
1193 1454 1421 1520 debent,
1455 1462 1510 1509 et
1567 1453 1671 1533 tale
1716 1453 1933 1523 pertulit

341 1555 634 1627 periculum
657 1594 671 1618 ,
700 1561 758 1606 ut
800 1560 960 1605 totam
989 1549 1206 1604 domum
1230 1547 1585 1602 subverteret.

418 1648 471 1701 '5.
500 1645 747 1714 Undique
778 1643 934 1714 igitur
959 1656 1046 1695 res
1064 1655 1186 1694 cum
1215 1637 1485 1708 diligentia
1514 1642 1932 1706 perscrutemur.

349 1740 415 1793 Et
445 1753 579 1792 uxor
604 1751 746 1805 saepe
781 1749 886 1788 non
927 1730 1325 1786 advertentibus
1363 1728 1585 1799 laqueus
1627 1736 1711 1781 est
1750 1725 1888 1781 facta
1916 1766 1932 1792 ,

348 1843 493 1900 sarpe
518 1826 635 1893 ﬁlii,
667 1840 811 1894 saepe
838 1823 1018 1889 amici,
1050 1821 1211 1876 vicini
1255 1834 1419 1889 smpe.
1450 1819 1513 1873 Et
1539 1832 1641 1887 qua
1681 1816 1749 1871 de
1773 1831 1831 1871 re
1861 1824 1940 1870 tot

349 1920 568 1992 laquei?
612 1919 687 1974 Ne
713 1918 960 1975 deorsum
991 1915 1252 1980 volemus,
1300 1911 1396 1967 sed
1424 1910 1701 1982 superiora
1727 1922 1939 1979 quaera-

310 2002 313 2003 ⁷
355 2028 494 2067 tuus.
526 2010 734 2066 Etenim
766 2009 995 2064 volatilia
1020 2007 1194 2063 donec
1217 2006 1381 2060 altum
1406 2018 1585 2058 aerem
1607 2010 1810 2066 secant,
1835 2016 1943 2055 non

310 2090 321 2099 ’
356 2104 509 2158 facile
538 2102 821 2172 capiuntur
853 2117 866 2152 :
897 2101 966 2154 ita
995 2108 1051 2152 tu
1076 2097 1249 2153 donec
1273 2095 1341 2151 ad
1383 2095 1657 2165 superiora
1685 2108 1940 2163 respexe-

356 2196 450 2257 ris,
486 2209 585 2248 nec
613 2193 802 2262 laqueo
833 2204 933 2246 nec
958 2189 1079 2244 ullis
1120 2188 1272 2243 facile
1315 2187 1541 2256 capieris
1567 2183 1794 2240 insidiis.
1833 2184 1945 2238 Au-

357 2300 484 2356 ceps
512 2295 593 2339 est
614 2282 856 2338 diabolus
886 2298 898 2336 :
931 2280 1007 2334 sis
1032 2279 1190 2349 igitur
1216 2277 1380 2347 ipsius
1404 2276 1622 2331 calamis
1641 2274 1942 2330 sublimior.

358 2379 459 2443 Qui
503 2375 744 2430 ascendit
792 2373 846 2427 in
894 2372 1081 2435 altum,
1131 2386 1236 2425 non
1283 2368 1514 2438 amplius
1559 2367 1718 2421 ullam
1765 2380 1945 2420 rerum

358 2468 705 2524 admirabitur
756 2466 1147 2527 humanarum,
1201 2462 1297 2517 scd
1353 2462 1490 2515 sicut
1558 2470 1835 2529 postquam
1894 2457 1945 2511 in

320 2550 331 2555 ’
359 2561 618 2615 inoutium
646 2557 902 2614 verticem
928 2554 1348 2616 ascenderimus,
1380 2568 1535 2622 parva
1561 2552 1713 2607 nobis
1739 2558 1794 2605 et
1824 2550 1950 2604 urbs

360 2663 415 2707 et
445 2652 639 2708 Intenia
678 2658 960 2721 apparent,
1003 2655 1059 2703 et.
1104 2645 1443 2701 formicarum
1475 2658 1621 2699 more
1653 2643 1804 2697 nobis
1852 2642 1952 2695 viri

361 2762 528 2815 super
563 2754 759 2800 terram
806 2743 886 2799 ire
912 2743 1159 2797 videntur
1187 2758 1203 2795 :
1233 2741 1312 2795 sic
1339 2746 1613 2808 postquam
1643 2737 1710 2791 ad
1755 2738 1952 2791 celsam

363 2836 721 2909 philosophiae
763 2834 1136 2906 cogitationem
1180 2831 1508 2897 ascenderis,
1550 2830 1681 2884 nihil
1708 2838 1953 2884 terreno-

365 2945 483 2983 rum
516 2938 569 2983 te
615 2926 905 2997 percellere
934 2924 1149 2996 poterit,
1179 2922 1276 2979 sed
1306 2938 1466 2995 parva
1492 2921 1812 2977 videbuntur
1835 2934 1956 2974 om—

367 3022 478 3089 nia,
507 3028 560 3075 et
605 3020 823 3086 divitias,
855 3028 906 3073 et
932 3017 1121 3088 gloria,
1148 3025 1200 3073 et
1231 3016 1486 3088 potentia,
1513 3023 1570 3069 et
1606 3012 1802 3079 honor,
1832 3018 1889 3065 et
1911 3010 1957 3065 si

367 3113 495 3185 quid
523 3112 667 3166 aliud
714 3110 1037 3181 huiusmodi,
1071 3125 1193 3164 cum
1231 3108 1462 3163 cmlestia
1492 3105 1748 3175 respicias
1776 3119 1791 3158 :
1823 3104 1961 3159 sicut

369 3205 575 3261 scilicet
599 3214 653 3259 et
679 3203 844 3258 Paulo
888 3217 1051 3273 parva
1078 3202 1257 3256 omnia
1290 3199 1623 3265 videbantur,
1659 3206 1714 3252 et
1740 3196 1963 3251 mortuis

370 3295 639 3350 inutiiiora
681 3309 765 3359 ea,
805 3310 924 3364 quae
953 3293 1005 3347 in
1047 3291 1297 3362 praesenti
1342 3293 1446 3343 vita
1496 3297 1621 3344 sunt
1648 3286 1949 3357 splendida.

374 3388 666 3456 Propterea
692 3385 977 3451 clamabat,
1004 3384 1190 3440 dicens
1218 3401 1234 3436 :
1265 3382 1397 3437 Mihi
1437 3382 1654 3436 mundus
1690 3381 1964 3449 cruci/im

375 3485 448 3531 est
473 3470 616 3548 (Gal.
645 3475 699 3530 6.
750 3475 839 3547 14)
876 3493 891 3529 :
924 3474 1045 3529 ideo
1075 3484 1130 3530 et
1158 3489 1256 3531 nos
1282 3472 1604 3528 admonebat
1628 3471 1713 3527 his
1737 3471 1915 3526 verbis
1947 3487 1963 3526 :

379 3564 507 3631 Qua:
548 3582 747 3620 sursum
793 3573 909 3619 sunt
952 3564 1116 3635 sapite
1159 3563 1372 3634 (Cofoss.
1406 3564 1458 3618 5.
1490 3560 1570 3632 2).
1604 3560 1729 3626 Qua:
1767 3576 1968 3614 sursum

376 3669 494 3713 sunt
517 3659 543 3713 .9
568 3659 742 3729 qualia
769 3658 924 3720 dicis.
957 3657 1043 3712 dic
1069 3656 1245 3713 mihi?
1273 3656 1362 3711 ubi
1385 3657 1486 3720 sol,
1519 3656 1608 3710 ubi
1631 3656 1798 3710 luna?
1826 3655 1965 3721 Non,

380 3752 567 3823 inquit.
599 3749 705 3807 Sed
735 3749 867 3805 ubi?
894 3749 980 3805 ubi
1007 3750 1204 3820 angeli,
1235 3749 1323 3804 ubi
1348 3749 1674 3818 archangeli,
1707 3748 1796 3802 ubi
1830 3748 1969 3804 Che-

380 3844 554 3897 rnbim
600 3851 656 3897 et
698 3840 1020 3911 Seraphim?
1066 3840 1205 3906 Non,
1261 3840 1433 3910 inquit
1521 3839 1625 3895 Sed
1675 3839 1808 3894 ubi?
1859 3838 1960 3894 Ubi

381 3933 613 3990 Christus
632 3943 703 3988 est
722 3934 775 3987 in
794 3934 999 3988 dextera
1022 3932 1114 3987 Dei
1128 3933 1305 3988 sedens
1329 3931 1486 4004 (Ibid.
1506 3948 1558 3987 v.
1584 3933 1658 4004 1).
1683 3932 1972 3988 Pareamus

384 4026 560 4096 igitur.
592 4033 648 4079 et
688 4023 817 4080 illud
843 4023 1058 4080 assidue
1088 4024 1488 4086 ratiocinemur,
1529 4023 1672 4092 quod
1701 4023 1841 4077 sicut
1862 4023 1974 4078 avi-

383 4116 519 4171 cula:
546 4114 738 4185 laqueo
779 4122 950 4184 capta:
997 4115 1199 4169 alarum
1244 4115 1442 4169 utilitas
1468 4115 1634 4178 nulla,
1660 4115 1754 4169 sed
1779 4113 1971 4170 frustra

386 4216 442 4262 et
466 4205 735 4261 incassum
768 4206 883 4261 alas
911 4204 1147 4260 concutit
1175 4223 1188 4257 :
1216 4204 1291 4259 ita
1323 4205 1414 4260 tibi
1441 4205 1586 4259 nulla
1610 4205 1973 4259 ratiocinatio-

389 4315 515 4354 uum
542 4299 761 4364 utilitas,
789 4298 833 4353 si
861 4298 928 4354 ab
967 4298 1207 4368 improba
1233 4297 1444 4367 penitus
1472 4296 1760 4366 cupiditate
1787 4307 1974 4366 captus

390 4392 485 4459 sis,
530 4391 624 4447 sed
653 4401 1137 4461 quantumcumque
1182 4390 1456 4453 resilieris,
1508 4400 1694 4461 captus
1740 4404 1819 4445 es.
1851 4389 1976 4445 ideo

391 4482 489 4536 alae
518 4489 644 4536 sunt
683 4482 925 4548 aviculis,
957 4489 1017 4536 ut
1043 4480 1295 4552 elfugiant
1324 4481 1542 4550 laqueos
1574 4499 1587 4534 :
1616 4482 1975 4537 idcoratioci-

393 4574 634 4627 nationes
664 4572 990 4639 hominibus,
1021 4582 1080 4627 ut
1106 4580 1323 4641 peccata
1367 4571 1587 4641 fugiant.
1619 4572 1788 4640 Quam
1820 4572 1978 4642 igitur

393 4663 600 4717 veniam
652 4664 983 4731 habebimus,
1032 4678 1192 4733 quam
1243 4677 1373 4719 vero
1419 4662 1808 4732 defensionem,
1856 4681 1977 4720 cum

394 4753 563 4809 brutis
587 4754 754 4809 simus
780 4754 1179 4810 dementiores?

467 4842 795 4913 Experientia
832 4845 1044 4899 cautela
1085 4844 1344 4916 magistra.
1371 4873 1444 4885 ——
1482 4845 1703 4901 Avicula
1749 4860 1981 4916 namque

396 4936 560 4989 semel
607 4944 760 5005 capta
804 4936 1016 5006 laqueo.
1055 4952 1176 4991 mox
1216 4938 1417 5007 elapsa,
1444 4945 1501 4993 et
1534 4952 1726 4992 cervus
1767 4937 1818 4992 in
1866 4944 1982 4992 rete

396 5027 649 5083 decidens
671 5036 726 5083 et
750 5027 1027 5099 effugiens,
1059 5029 1246 5084 iisdem
1291 5031 1484 5086 iterum
1517 5029 1732 5086 difllcile
1760 5031 1970 5100 capiun-

401 5129 527 5173 tur:
560 5134 684 5174 nam
731 5120 924 5189 cuique
966 5119 1026 5175 fit
1068 5122 1396 5190 experientia
1443 5122 1667 5176 cautela;
1707 5124 1979 5191 magistra.

399 5208 507 5264 Nos
547 5210 742 5280 saepius
784 5210 971 5265 iisdem
1000 5212 1161 5281 capti,
1190 5211 1242 5265 in
1283 5211 1471 5266 eadem
1511 5212 1785 5267 cedimus:
1814 5227 1985 5280 neque

403 5303 677 5357 brutorum
705 5302 1092 5373 providentiam
1118 5312 1175 5358 et
1197 5303 1608 5359 sollicitudinem
1640 5318 1738 5357 nos
1779 5304 1986 5358 ratione

402 5391 636 5446 decorati
666 5392 954 5447 imitamur.
993 5392 1213 5459 Quoties
1242 5393 1442 5464 quippe
1460 5392 1743 5449 mulierem
1769 5396 1983 5461 conspi—

403 5482 537 5547 tati,
580 5497 856 5537 innumera
887 5484 1024 5552 passi
1055 5499 1241 5539 sumus
1267 5486 1466 5554 gravia,
1491 5483 1706 5539 domum
1732 5493 1986 5554 concepta

405 5572 604 5628 reversi
631 5573 942 5643 cupiditate,
977 5584 1031 5630 et
1071 5576 1253 5630 multis
1280 5576 1465 5632 diebus
1505 5576 1688 5632 dolore
1725 5576 1988 5633 confecti?

407 5662 789 5719 Verumtamen
833 5680 939 5719 non
980 5667 1317 5737 corrigimur,
1354 5666 1448 5722 sed
1474 5666 1559 5721 vix
1601 5667 1779 5737 priore
1806 5680 1990 5724 curato

407 5756 649 5825 vulnere,
680 5771 864 5812 rursus
890 5757 940 5813 in
971 5757 1155 5815 eadem
1196 5758 1444 5828 labimur,
1471 5770 1525 5816 et
1565 5760 1634 5818 ab
1671 5760 1858 5818 iisdem
1891 5777 1985 5819 ex-

2033 1286 2170 1335 mns,
2203 1271 2280 1326 Ne
2309 1272 2378 1325 sit
2406 1281 2612 1335 venter,
2657 1271 2774 1336 sed,
2803 1270 2919 1326 Non
2961 1271 3030 1326 sit
3054 1271 3308 1342 crapula:
3344 1287 3451 1327 non
3475 1269 3619 1327 enim

2033 1371 2219 1417 venter
2261 1363 2532 1432 crapulam
2584 1361 2726 1428 facit,
2765 1362 2861 1418 sed
2907 1362 3224 1434 negligentia
3270 1372 3474 1418 nostra.
3504 1362 3621 1418 Non

2034 1454 2308 1520 dicamus,
2357 1455 2492 1521 Quia
2543 1456 2840 1510 cemeditur
2896 1464 2952 1510 et
3008 1455 3224 1522 bibitur,
3269 1455 3447 1510 omnia
3501 1455 3625 1511 hinc

2036 1546 2176 1601 mala
2204 1563 2218 1598 :
2252 1561 2359 1601 non
2389 1547 2532 1602 enim
2574 1557 2793 1617 propter
2822 1547 2943 1612 hoc,
2971 1546 3065 1602 sed
3096 1557 3312 1619 propter
3355 1555 3625 1619 torporem

2036 1645 2093 1690 et
2121 1637 2404 1706 ingluviem
2452 1649 2710 1693 nostram.
2739 1637 2853 1693 Non
2884 1639 3115 1694 comedit
3148 1640 3343 1711 quippe
3370 1655 3469 1696 nec
3496 1640 3630 1696 bibit

2038 1726 2301 1795 diabolus,
2330 1737 2385 1783 et
2423 1729 2657 1783 cecidit:
2687 1730 2921 1785 comedit
2947 1740 3001 1784 et
3047 1730 3180 1785 bibit
3226 1730 3441 1800 Paulus,
3481 1742 3537 1788 et
3576 1733 3628 1789 in

2039 1819 2228 1874 cmlum
2271 1821 2531 1876 ascendit.
2567 1822 2708 1890 Quot
2743 1822 2982 1878 dicentes
3018 1823 3196 1891 audio,
3235 1823 3351 1879 Non
3382 1824 3452 1880 sit
3497 1841 3631 1895 pan-

2042 1913 2259 1981 pertas?
2304 1912 2688 1969 Obmutescere
2730 1914 2984 1969 faciamus
3027 1915 3185 1986 igitur
3225 1932 3340 1984 eos,
3380 1918 3468 1989 qui
3510 1919 3633 1974 talia

2043 2019 2183 2075 aegre
2231 2005 2448 2059 ferunt:
2477 2005 2806 2076 blaSphemia
2843 2008 2984 2062 enim
3027 2016 3110 2064 est
3141 2009 3266 2063 talia
3295 2006 3494 2066 dicere.
3540 2012 3634 2067 Di-

2045 2111 2228 2152 camus
2254 2098 2416 2168 igitur
2443 2098 2596 2169 ipsis,
2630 2099 2747 2155 Non
2774 2101 2845 2156 sit
2873 2102 3281 2172 pusillanimitas
3308 2122 3322 2160 :
3354 2115 3638 2177 paupertas

2045 2190 2189 2244 enim
2216 2191 2495 2246 innumera
2518 2192 2640 2246 vitae
2664 2191 2805 2247 bona
2827 2193 3004 2248 intulit
3028 2203 3250 2262 nostrae,
3278 2204 3335 2252 et
3367 2198 3483 2254 sine
3506 2213 3635 2270 pau-

2049 2290 2256 2350 pertate
2291 2280 2505 2336 inutiles
2533 2290 2656 2336 sunt
2684 2281 2903 2337 divitiae.
2941 2282 3020 2339 Ne
3048 2283 3436 2342 calumniemur
3461 2287 3639 2359 itaque

2047 2386 2148 2425 nec
2176 2371 2292 2438 has,
2323 2385 2425 2426 nec
2466 2370 2608 2425 illam
2640 2388 2655 2425 :
2688 2381 2971 2442 paupertas
3000 2374 3143 2429 enim
3187 2386 3242 2431 et
3267 2375 3467 2433 divitiae
3516 2392 3641 2434 sunt

2052 2476 2217 2527 arma,
2244 2460 2311 2516 ad
2336 2462 2586 2517 virtutem
2612 2472 2839 2534 utraque
2868 2463 3116 2532 ferentia,
3141 2466 3186 2521 si
3212 2467 3458 2524 velimus.
3491 2470 3641 2527 Sient

2054 2554 2212 2624 igitur
2258 2567 2550 2623 generosus
2596 2554 2770 2620 miles,
2802 2554 3172 2627 quodcumque
3199 2556 3399 2615 ferrum
3444 2562 3640 2631 capiat,

2055 2643 2323 2713 propriam
2353 2644 2603 2698 virtutem
2638 2646 2873 2701 ostendit
2906 2663 2922 2702 :
2968 2647 3045 2703 sic
3073 2649 3302 2706 imbellis
3328 2660 3383 2708 et
3424 2650 3645 2724 ignavus

2054 2736 2123 2790 ab
2147 2735 2396 2790 omnibus
2436 2734 2745 2806 impeditur.
2774 2736 2842 2792 Et
2868 2745 2926 2792 ut
2949 2736 3124 2794 discas
3150 2738 3253 2796 hoc
3289 2756 3475 2797 verum
3503 2757 3645 2811 esse,

2058 2831 2198 2885 illius
2228 2830 2358 2884 mihi
2386 2828 2489 2885 Job
2518 2830 2823 2898 recordare,
2850 2830 2941 2901 qui
2986 2830 3145 2887 simul
3174 2843 3231 2890 et
3259 2832 3408 2890 dives
3435 2844 3488 2891 et
3514 2851 3646 2906 pau-

2060 2938 2155 2993 per
2174 2922 2344 2978 faetus
2364 2931 2467 2991 est,
2487 2931 2542 2979 et
2566 2932 2789 2992 utraque
2808 2939 2956 2979 arma
2978 2929 3242 2992 tractavit,
3263 2935 3317 2983 et
3342 2927 3393 2982 in
3413 2929 3650 2999 utrisque

2061 3013 2205 3068 vicit.
2236 3014 2306 3068 Et
2330 3013 2544 3084 quando
2574 3014 2727 3069 dives
2758 3014 2971 3085 quidem
3015 3027 3152 3084 erat,
3184 3017 3393 3075 dicebat
3421 3037 3435 3074 :
3476 3018 3650 3075 Ianua

2062 3121 2173 3159 mea
2211 3105 2351 3160 omni
2397 3105 2612 3159 venienti
2652 3106 2749 3176 fuit
2786 3116 2962 3175 aperta
3010 3106 3131 3178 (Job
3160 3109 3400 3181 51.32);
3440 3112 3653 3180 quando

2062 3210 2193 3251 vero
2222 3210 2426 3265 pauper
2447 3194 2631 3250 factus
2659 3206 2763 3263 est,
2795 3197 3043 3252 dicebat:
3076 3199 3324 3255 Dominus
3347 3200 3506 3267 dedit,
3540 3201 3651 3258 Do-

2064 3289 2233 3343 minus
2271 3287 2510 3354 abstulit;
2539 3290 2667 3343 sicut
2705 3288 2926 3344 Domiuo
2974 3291 3186 3360 placuit,
3230 3292 3302 3345 ita
3345 3297 3534 3364 factum
3575 3306 3650 3351 est

2067 3380 2190 3443 (Job
2207 3383 2229 3435 i
2245 3421 2256 3434 .
2272 3379 2387 3452 2i).
2405 3380 2535 3435 Dum
2553 3381 2649 3434 fuit
2669 3381 2836 3445 dives,
2850 3382 3068 3436 multam
3089 3382 3655 3454 hoSpitalitatem,cum

2068 3470 2239 3525 factus
2262 3479 2344 3525 est
2374 3484 2593 3540 pauper,
2625 3470 2845 3524 multam
2874 3471 3182 3541 patientiam
3218 3473 3479 3530 exhibuit.
3511 3476 3578 3533 Et
3600 3486 3658 3541 tu

2069 3563 2226 3633 igitur
2265 3564 2311 3617 si
2346 3562 2495 3617 dives
2524 3578 2604 3629 es,
2639 3563 2856 3617 multam
2883 3562 3192 3621 demonstra
3229 3566 3657 3641 eleenwsynam:

2071 3655 2114 3708 si
2145 3669 2347 3725 pauper
2390 3653 2563 3709 factus
2599 3670 2680 3721 es,
2706 3655 2972 3725 patientire
2999 3658 3228 3714 multum
3258 3668 3314 3714 et
3339 3659 3659 3717 tolerantiae.

2072 3745 2254 3815 Neque
2293 3746 2433 3801 enim
2471 3746 2670 3802 divitiae
2695 3748 2894 3802 malum
2916 3790 2932 3815 ,
2967 3765 3068 3806 nec
3095 3760 3377 3823 paupertas
3402 3755 3663 3824 simplici-

2073 3845 2175 3903 ter,
2201 3837 2292 3892 sed
2310 3841 2460 3907 juxta
2486 3839 2811 3895 voluntatem
2841 3842 3099 3896 utentium
3128 3843 3244 3897 hzec
3268 3852 3491 3919 utraque
3508 3845 3662 3902 lium.

2146 3930 2200 3982 4.
2228 3928 2337 3982 Nos
2362 3929 2522 3999 igitur
2547 3930 2692 3997 ipsos
2719 3931 3077 3994 instituamus.
3108 3940 3294 3987 utnon
3336 3934 3457 3989 talia
3483 3935 3552 3991 de
3574 3951 3664 3992 ro-

2074 4019 2173 4074 bus
2198 4018 2669 4089 feramusjudicia,
2701 4035 2875 4090 neque
2905 4022 2998 4076 Dei
3027 4037 3211 4092 Opera,
3244 4023 3337 4079 sed
3364 4025 3663 4095 improbam

2078 4110 2349 4165 hominum
2371 4112 2695 4168 voluntatem
2713 4129 3046 4169 accusemus.
3071 4114 3252 4186 Neque
3274 4119 3664 4188 pusillanimem

2076 4202 2274 4258 divitia:
2316 4213 2537 4274 possunt
2575 4205 2847 4275 adjuvare,
2879 4221 2980 4262 nec
3019 4210 3357 4279 magnanimo
3386 4214 3667 4285 pauperies

2078 4309 2311 4364 unquam
2344 4305 2519 4350 nocet.

2145 4385 2453 4441 .Occasiones
2491 4387 2726 4441 vitanda.
2756 4416 2825 4427 -—
2850 4388 3215 4457 Agnoscamns
3241 4391 3400 4462 igitur
3423 4393 3666 4466 laqueos,

2080 4484 2136 4529 et
2157 4476 2224 4531 ab
2256 4476 2383 4544 ipsis
2413 4477 2593 4546 procul
2621 4492 2833 4531 eamus:
2857 4493 3208 4547 agnoscamus
3232 4483 3542 4552 praecipitia,
3566 4501 3668 4542 nec

2081 4569 2587 4637 appropinqnemus.
2621 4568 2733 4623 Hoc
2775 4571 3005 4624 maxime
3048 4574 3349 4629 securitatis
3377 4576 3528 4633 nobis
3566 4578 3672 4637 erit

2083 4658 2314 4723 occasio,
2346 4673 2451 4712 non
2498 4667 2700 4713 tantum
2746 4670 2965 4729 peccata
3007 4661 3210 4734 fugere,
3240 4680 3423 4721 verum
3470 4676 3524 4724 et
3551 4685 3673 4742 qua:

2083 4750 2328 4805 videntur
2375 4750 2723 4806 indifferentia
2754 4753 2970 4823 quidem
3016 4770 3156 4823 esse,
3206 4757 3301 4814 sed
3347 4759 3415 4815 ad
3459 4773 3671 4831 peccata

2089 4856 2188 4895 nos
2215 4842 2576 4912 supplantant.
2608 4844 2849 4915 Exempli
2877 4860 3037 4901 causa
3064 4846 3260 4918 ridere,
3301 4859 3354 4906 et
3374 4851 3559 4922 jocosa
3593 4854 3676 4911 di-

2085 4947 2209 4988 cere
2233 4933 2419 5001 verba,
2449 4950 2555 4989 non
2599 4935 2937 4991 manifestum
2971 4938 3185 5009 quidem
3237 4952 3510 5011 peccatum
3556 4959 3678 5001 esse

2089 5024 2314 5090 videtur,
2354 5025 2449 5080 sed
2487 5026 2541 5080 in
2582 5026 2923 5083 manifestum
2963 5030 3164 5085 crimen
3211 5030 3456 5088 inducit:
3485 5049 3676 5104 nempe

2088 5117 2284 5186 swpius
2321 5132 2387 5173 ex
2431 5117 2544 5172 risu
2592 5119 2762 5188 turpia
2807 5133 3100 5177 nascuntur
3143 5123 3326 5188 verba,
3357 5139 3388 5179 a
3435 5125 3677 5196 turpibus

2090 5209 2266 5265 verbis
2295 5210 2535 5265 actiones
2577 5212 2862 5281 turpiores.
2889 5213 3098 5284 Saepius
3136 5230 3203 5271 ex
3246 5212 3423 5273 verbis
3466 5226 3522 5273 et
3565 5218 3677 5275 risu

2090 5300 2334 5357 convicia
2377 5311 2432 5356 et
2458 5304 2828 5372 contumeliae;
2874 5304 2941 5360 de
2981 5307 3224 5362 convicio
3266 5316 3320 5362 et
3356 5311 3689 5365 contumelia.

2094 5394 2261 5465 plagae
2275 5403 2330 5450 et
2356 5395 2599 5460 vulnera,
2620 5396 2689 5452 de
2705 5396 3014 5454 vulneribus
3035 5408 3089 5454 et
3103 5399 3270 5470 plagis
3297 5400 3471 5457 credes
3496 5413 3551 5459 et
3573 5403 3678 5460 ho-

2095 5485 2330 5540 micidia.
2352 5486 2408 5541 Si
2438 5486 2534 5541 tibi
2564 5488 2724 5558 igitur
2751 5489 2887 5544 bene
2905 5490 3241 5544 consulturus
3266 5505 3344 5556 es,
3368 5507 3473 5548 non
3506 5495 3690 5566 turpia

2097 5584 2299 5631 tantum
2330 5578 2513 5644 verba,
2541 5593 2714 5648 neque
2742 5580 2913 5648 turpia
2948 5588 3149 5634 tantum
3188 5578 3348 5648 facta,
3376 5599 3547 5657 neque
3570 5588 3682 5657 pla-

2096 5683 2188 5738 gas
2227 5677 2282 5724 et
2307 5669 2525 5725 vulnera
2555 5678 2609 5725 et
2646 5669 2951 5736 homicidia,
2994 5684 3256 5730 verum'et
3282 5674 3457 5746 ipsum
3488 5680 3682 5736 intem-

2099 5761 2359 5833 pestivum
2388 5762 2552 5818 risum
2595 5770 2652 5817 et
2686 5761 2846 5818 verba
2897 5761 3067 5835 fugies
3113 5766 3389 5836 scurrilia,
3426 5770 3692 5839 quoniam.
