3912 6230
351 317 452 372 I39

347 425 785 498 subsequentium
819 427 1082 486 malorum
1112 429 1265 487 radix
1287 429 1410 485 talia
1437 444 1558 486 esse
1584 429 1778 486 solent.
1801 429 1932 486 Pro-

347 529 526 589 pterea
568 521 765 578 Paulus
815 521 1028 593 inquit:
1069 521 1456 594 Stultiloquium
1476 531 1530 576 et
1554 523 1838 577 scurrilitas
1873 535 1937 576 ne

342 610 556 682 prodeat
580 628 642 666 ea:
667 628 753 666 ore
775 623 935 667 vestro
975 609 1190 683 (Eph‘es.
1221 612 1277 668 5.
1306 612 1386 683 5).
1413 613 1526 668 Etsi
1571 627 1800 682 namque
1841 626 1937 682 per

345 716 404 756 se
431 717 650 772 parvum
682 702 852 772 ipsum
877 717 997 758 esse
1019 702 1248 771 videtur,
1277 718 1588 772 magnorum
1615 712 1797 759 tamen
1822 719 1935 759 ma-

343 792 515 846 lorum
557 807 716 847 causa
753 793 907 847 nobis
949 792 1202 848 efﬁcitur.
1247 795 1477 850 Rursum
1506 795 1712 851 deliciis
1745 811 1935 851 vacare

342 897 448 937 non
492 882 703 937 videtur
732 883 947 953 quidem
989 898 1110 940 esse
1155 885 1358 940 crimen
1387 885 1727 942 manifestum
1755 897 1808 942 et
1836 902 1934 943 ex-

343 988 626 1042 pressum;
671 984 907 1030 attamen
958 976 1127 1034 multa
1168 979 1322 1033 nobis
1350 979 1486 1048 parit
1514 979 1674 1044 mala,
1701 979 1932 1035 ebrieta-

339 1078 469 1132 tem,
499 1068 755 1131 l‘urorem,
787 1071 1086 1135 avaritiam,
1130 1071 1364 1141 rapinas.
1397 1071 1753 1143 Sumptuosus
1789 1074 1932 1129 enim

336 1171 392 1215 et
419 1161 612 1227 lautus,
652 1172 707 1217 et
736 1163 1033 1219 ministeria
1060 1165 1236 1220 ventri
1269 1165 1580 1222 ministrans
1623 1166 1934 1221 intolerabi-

341 1249 430 1318 lia,
460 1250 623 1306 furari
652 1268 796 1322 sa'pe
821 1255 1028 1324 cogitur
1052 1263 1106 1309 et
1131 1256 1302 1310 aliena
1332 1271 1522 1326 rapere
1550 1265 1606 1312 et
1629 1257 1932 1326 opprimere

338 1353 392 1398 et
421 1343 643 1398 violare.
693 1344 747 1399 Si
802 1345 1021 1400 delicias
1065 1348 1243 1417 itaque
1290 1347 1480 1417 fugias,
1512 1357 1569 1404 et
1612 1349 1848 1403 avaritiae
1877 1358 1933 1405 et

341 1436 538 1506 rapina:
566 1445 619 1491 et
644 1438 914 1493 ebrietatis
943 1449 994 1492 et
1024 1440 1484 1495 innumerabilium
1517 1441 1774 1495 malorum
1804 1457 1928 1496 sus-

340 1530 505 1584 tulisti
563 1530 864 1597 materiam,
905 1532 1196 1602 iniquitatis
1234 1533 1466 1588 radicem
1494 1549 1523 1586 a
1555 1533 1813 1603 principio
1844 1549 1931 1588 re-

337 1636 548 1677 secans.
583 1621 873 1692 Propterea
901 1632 955 1677 et
983 1623 1177 1678 Paulus
1205 1623 1414 1678 dicebat
1445 1641 1459 1677 :
1497 1625 1623 1691 Qua:
1650 1625 1702 1678 in
1733 1624 1931 1679 deliciis

338 1722 414 1766 est
437 1713 608 1776 vidua,
636 1714 802 1766 virens
829 1723 1027 1767 mortua
1056 1727 1129 1767 est
1157 1713 1221 1782 (1.
1254 1713 1388 1769 Tim.
1415 1715 1467 1769 5.
1499 1715 1579 1784 6).
1623 1715 1678 1769 lu
1723 1715 1930 1770 theatra

339 1818 550 1856 rursum
596 1805 907 1870 ascendere,
937 1816 990 1859 et
1020 1820 1278 1874 equitrum
1325 1804 1617 1860 certamina
1661 1814 1927 1875 spectare,

338 1902 395 1946 et
435 1894 580 1948 alcas
620 1904 847 1948 tractare
892 1912 996 1948 non
1045 1896 1251 1950 videtur
1289 1897 1468 1950 tnultis
1506 1907 1782 1966 peccatum
1811 1913 1930 1953 esse

340 1984 704 2046 manifestum,
743 1986 836 2044 sed
865 1986 1070 2044 infinita
1106 1987 1226 2040 vita:
1262 1988 1396 2041 mala
1427 1988 1564 2042 solet
1589 1987 1807 2044 inferre.
1835 1989 1930 2044 Et-

339 2077 482 2130 enim
527 2077 577 2129 in
625 2077 846 2134 theatris
878 2077 1178 2134 iuunoratin
1219 2077 1642 2142 fornicationem,
1684 2080 1930 2148 petulan-

339 2166 486 2233 tiam,
501 2176 554 2222 et
573 2182 786 2221 omnem
807 2167 1243 2222 incontinentiam
1271 2169 1477 2239 peperit
1497 2186 1512 2222 :
1537 2179 1591 2224 et
1610 2170 1928 2224 circensium

339 2259 700 2326 spectaculum
747 2274 967 2328 pugnas.
999 2259 1260 2326 convicia,
1289 2260 1528 2326 vulnera,
1556 2260 1926 2326 contumelias,

335 2350 490 2420 juges
539 2348 845 2403 inimicitias
891 2348 1111 2404 adduxit
1146 2370 1159 2406 :
1191 2361 1244 2406 et
1290 2352 1430 2406 circa
1480 2351 1625 2406 aleas
1669 2353 1926 2418 studium,

338 2442 716 2511 blasphemias,
746 2443 1003 2512 iacturas,
1039 2443 1162 2507 iras,
1186 2445 1446 2509 convicia,
1479 2444 1790 2516 infinitaque
1825 2445 1930 2500 alia

341 2537 426 2590 bis
455 2537 697 2606 graviora
742 2551 887 2605 smpc
918 2537 1188 2606 produxit.
1237 2537 1314 2591 Ne
1343 2545 1546 2592 tantum
1597 2538 1774 2607 itaque
1800 2553 1928 2608 pec-

340 2639 455 2679 cata
485 2627 766 2696 fugiamus,
797 2643 979 2680 verum
1008 2637 1061 2682 et
1083 2642 1144 2681 ea
1175 2628 1385 2697 quidem
1418 2646 1534 2696 quae
1573 2629 1929 2684 indilierentia

338 2717 605 2782 vitientur,
625 2718 717 2773 sed
747 2719 999 2787 paulatim
1022 2719 1073 2777 iu
1099 2720 1211 2774 haec
1231 2731 1445 2789 peccata
1475 2736 1571 2774 nos
1599 2721 1927 2790 pertrahunt.

341 2807 473 2861 Nam
501 2809 589 2878 qui
637 2808 786 2876 juxta
841 2810 1190 2879 praecipitium
1247 2812 1503 2879 ambulat,
1543 2815 1794 2883 quamvis
1822 2831 1929 2870 non

338 2901 570 2962 decidat,
604 2902 802 2966 Iretuit,
849 2910 903 2966 et
945 2918 1315 2972 stupentnuero
1358 2905 1426 2958 ab
1480 2905 1593 2974 ipso
1643 2905 1930 2962 subversus

341 3004 580 3047 tremore
607 2993 802 3050 decidit
833 3012 845 3048 :
879 2995 947 3046 ita
977 3003 1033 3049 et
1057 2995 1144 3064 qui
1177 3010 1280 3049 non
1314 2996 1495 3067 procul
1536 3007 1749 3068 peccata
1775 2998 1927 3069 fugit,

339 3086 434 3141 sed
465 3101 620 3140 secus
661 3087 775 3156 ipsa
819 3074 984 3153 vadit,
1027 3102 1147 3142 cum
1197 3088 1390 3144 timore
1431 3090 1592 3157 vivet,
1626 3100 1677 3144 et
1733 3090 1784 3144 in
1815 3090 1930 3160 ipsa

341 3177 549 3231 labetur
587 3178 800 3247 smpius.
843 3177 975 3234 Nam
1003 3178 1092 3248 qui
1118 3179 1318 3233 alienas
1343 3179 1553 3236 curiose
1577 3188 1784 3250 spectat
1816 3181 1930 3235 for-

343 3284 478 3334 mas,
511 3269 753 3340 quamvis
795 3286 900 3324 non
949 3270 1266 3336 mcechetur,
1301 3281 1476 3325 tamen
1523 3274 1848 3341 concupivit,
1875 3282 1931 3328 et

339 3365 630 3418 secundum
649 3363 840 3419 Clu-isu
862 3365 1181 3420 sententiam
1201 3365 1370 3420 factus
1389 3375 1469 3419 est
1485 3365 1690 3420 adulter
1713 3365 1926 3439 (Matth.

339 3455 394 3508 ti.
423 3454 554 3526 28);
601 3456 798 3525 saepius
839 3464 1018 3510 autem
1048 3457 1116 3512 ab
1159 3456 1272 3527 ipsa
1318 3455 1746 3526 concupiscentia
1775 3466 1831 3512 et
1876 3458 1929 3512 in

337 3557 617 3620 peccatum
648 3563 705 3601 re
736 3547 849 3615 ipsa
871 3547 1132 3603 defertur.
1158 3547 1266 3603 Nos
1313 3549 1470 3620 igitur
1516 3549 1660 3618 ipsos
1688 3549 1873 3620 procul
1898 3565 1928 3604 a

339 3619 576 3710 peccatis
605 3639 949 3693 retineamus.
980 3641 1069 3694 Vis
1097 3649 1400 3711 temperans
1428 3643 1586 3697 esse?
1627 3660 1695 3698 ne
1725 3651 1928 3697 tantum

341 3730 511 3801 fugias
557 3730 896 3794 adulterium,
921 3731 1015 3787 sed
1055 3734 1213 3786 etiam
1262 3734 1586 3802 petulantem
1630 3721 1927 3806 aspectum.

339 3821 435 3876 Vis
464 3837 493 3876 a
526 3822 706 3877 verbis
733 3823 975 3892 turpibus
1003 3824 1234 3880 abesse?
1277 3840 1345 3880 ne
1385 3827 1546 3880 verba
1589 3835 1794 3881 tantttm
1821 3837 1930 3882 tur-

340 3916 427 3988 pia
459 3915 648 3987 fugias,
681 3932 864 3970 verum
905 3925 959 3971 et
986 3917 1152 3971 risum
1181 3917 1436 3986 solutum,
1468 3926 1524 3973 et
1551 3934 1766 3974 omnem
1795 3934 1929 3974 con-

343 4008 746 4078 cupiscentiam.
772 4008 862 4063 Vis
885 4009 1119 4064 caedibus
1145 4024 1265 4064 esse
1294 4011 1518 4079 procul?
1541 4011 1664 4082 fuge
1689 4013 1928 4070 convicia

340 4118 569 4172 quoque.
603 4101 696 4156 Vis
726 4099 794 4155 ab
833 4102 1090 4156 ebrietate
1140 4101 1412 4171 separari?
1455 4102 1578 4174 fuge
1625 4103 1847 4160 delicias
1873 4114 1930 4161 et

341 4196 514 4249 lautas
560 4207 792 4256 mensas,
825 4202 879 4248 ct
909 4193 1165 4249 radicitus
1196 4195 1381 4250 vitium
1410 4196 1664 4264 exstirpa.
1709 4197 1928 4268 Magnus

340 4286 562 4358 laqueus
602 4293 685 4339 est
726 4283 919 4354 linguae
967 4285 1293 4355 petulantia,
1335 4295 1390 4340 et
1435 4285 1592 4342 freno
1636 4288 1926 4345 admodum

342 4379 604 4448 indigens.
631 4377 920 4445 Propterea
951 4387 1005 4432 et
1025 4378 1238 4447 quidam
1270 4379 1438 4449 inquit
1466 4398 1479 4431 :
1509 4379 1742 4450 Laqueus
1781 4382 1928 4451 [artis

343 4473 446 4528 viro
479 4472 686 4542 propria
713 4469 869 4536 labia,
896 4480 941 4524 et
971 4472 1171 4540 capitur
1196 4472 1356 4527 verbis
1385 4475 1487 4528 oris
1517 4476 1710 4545 proprii
1743 4474 1926 4546 (Prov.

343 4567 394 4618 υ.
443 4563 530 4632 2).

416 4655 470 4715 5.
513 4653 538 4707 1
548 4665 706 4710 terum
726 4665 903 4713 contra
923 4655 1239 4725 juramenta.
1262 4688 1329 4697 —
1357 4657 1526 4728 Supra
1554 4669 1745 4715 czetera
1771 4660 1929 4730 igitur

343 4758 534 4808 cuncta
563 4746 804 4807 membra
836 4747 972 4802 hanc
1004 4746 1368 4810 moderemur.
1403 4751 1539 4804 hanc
1568 4750 1922 4815 refrenemus,

347 4850 404 4902 et
431 4837 670 4897 convicia
697 4838 1156 4908 contumeliasque
1183 4855 1246 4893 ac
1276 4841 1596 4910 turpiloquia
1625 4852 1678 4897 et
1707 4842 1928 4896 maledi-

343 4942 429 4989 cta
451 4947 514 4986 ex
543 4946 635 4984 ore
658 4930 938 4999 pellamus,
962 4939 1016 4987 et
1039 4930 1229 4984 malam
1252 4931 1680 5000 iuramentorum
1705 4949 1932 4990 consuc-

351 5021 587 5084 tudinem
614 5037 628 5074 :
652 5035 862 5080 rursum
894 5023 1038 5075 cnim
1083 5037 1182 5080 nos
1219 5023 1284 5077 ad
1329 5023 1574 5079 eamdem
1604 5025 1928 5082 admonitio-

351 5130 474 5170 nem
502 5128 678 5172 scrmo
701 5111 934 5170 deduxit.
964 5113 1029 5168 Et
1056 5113 1269 5184 quidem
1300 5115 1413 5170 heri
1439 5132 1559 5170 cum
1573 5126 1750 5172 vestra
1767 5117 1944 5173 chari-

345 5215 459 5267 utte
507 5204 794 5267 constitui,
841 5218 926 5264 me
975 5218 1080 5264 non
1129 5206 1356 5275 amplius
1403 5205 1470 5261 de
1526 5206 1628 5262 hoc
1678 5209 1931 5266 mandato

351 5298 614 5352 dicturum
649 5313 663 5351 :
696 5295 948 5366 quoniam
977 5295 1225 5351 omnibus
1253 5297 1618 5366 superioribus
1643 5297 1833 5365 diebus
1859 5301 1930 5355 de

349 5389 446 5444 illo
475 5387 806 5443 sufﬁcienter
835 5385 1120 5448 dissertum
1147 5396 1230 5442 est
1254 5405 1267 5442 :
1291 5387 1388 5443 sed
1418 5388 1545 5457 quid
1575 5387 1800 5445 faciam?
1827 5391 1932 5444 Do-

355 5499 456 5539 nec
501 5499 597 5539 vos
636 5492 910 5540 correctos
949 5482 1180 5548 videam,
1221 5497 1326 5538 non
1376 5497 1596 5552 possum
1639 5498 1668 5536 a
1709 5486 1935 5540 consilio

350 5571 528 5627 dando
570 5574 838 5631 abstinere
865 5575 883 5606 ¹
915 5590 929 5628 :
969 5572 1220 5648 quoniam
1259 5579 1315 5627 et
1357 5571 1555 5629 Paulus
1597 5574 1687 5645 qui
1731 5574 1934 5631 Galatia

419 5709 433 5738 ί
472 5706 611 5772 savii.
639 5715 693 5757 et
711 5707 900 5772 plurimi
917 5714 1045 5770 Mss,
1071 5720 1162 5760 non
1177 5705 1440 5760 sustineo...
1468 5705 1719 5768 abstinere.
1747 5710 1931 5772 δια-ειη

354 5781 444 5826 ποετ
465 5767 678 5834 plutei...
700 5767 950 5822 abstinere.

1094 319 1153 375 S.
1192 318 1472 376 JOANNIS
1508 317 1990 376 CHRYSOSTOMI
2028 318 2344 380 ARCHIEP.
2386 327 2920 391 CONSTANTINOP.

3511 345 3617 405 160

2046 429 2205 500 dicit,
2235 433 2486 510 Deinceps
2521 440 2719 499 labores
2740 447 2866 500 mihi
2905 462 3052 501 nemo
3090 451 3306 519 prwbeat
3333 450 3531 526 (Galat.
3562 461 3622 518 ti.

2042 525 2168 619 ill,
2201 543 2410 585 rursum
2454 533 2584 603 ipsis
2626 547 2848 606 apparet
2886 553 3206 611 congressus
3249 555 3303 600 et
3344 525 3628 619 loquutus.

2042 615 2353 687 Huiusmodi
2396 633 2522 680 sunt
2565 637 2783 696 paterna
2814 630 3018 686 viscera
3040 675 3054 699 ,
3081 635 3181 690 etsi
3218 615 3528 696 recessuros
3556 658 3624 699 se

2039 719 2218 779 patres
2243 727 2364 768 esse
2391 713 2600 785 dicant,
2631 735 2738 774 non
2782 720 3083 791 absistunt,
3124 725 3298 784 donec
3341 741 3621 809 σοι-νεαρ)

2039 798 2269 855 viderint
2294 801 2433 859 ﬁlios
2454 819 2600 862 suos.
2631 809 2870 866 AudiStis
2891 815 3202 884 prophetam
3227 819 3294 873 de
3314 798 3632 890 inmmerito

2039 893 2197 948 hodie
2225 896 2378 951 nobis
2405 897 2753 969 loquentem?
2783 901 3003 975 Respexi
3043 910 3204 964 oculis
3233 914 3384 975 meis,
3415 923 3462 966 et
3488 915 3629 984 vidi,

2038 985 2208 1055 inquit
2232 1028 2247 1052 ,
2289 999 2338 1042 et
2400 1007 2512 1045 ecce
2559 992 2670 1062 falx
2724 995 2900 1051 volans
2952 999 3281 1072 longitudinis
3337 1006 3628 1062 cubitorum

2035 1077 2233 1148 viginti,
2280 1089 2326 1134 et
2370 1081 2654 1139 latitudinis
2702 1087 2980 1144 cubitorum
3032 1092 3220 1148 decem.
3255 1093 3324 1149 Et
3376 1097 3504 1152 dixit
3556 1099 3631 1154 ad

2034 1185 2140 1234 me,
2192 1171 2330 1237 Quid
2376 1183 2430 1227 tu
2475 1176 2650 1231 vides?
2673 1188 2721 1232 et
2758 1179 2896 1245 dixi,
2935 1180 3091 1237 Video
3144 1185 3328 1254 falcem
3375 1191 3629 1246 volantem

2035 1262 2368 1333 longitudinis
2407 1267 2688 1322 cubitorum
2739 1271 2953 1340 viginti,
3000 1285 3046 1328 et
3095 1275 3382 1333 latitudinis
3429 1281 3631 1336 cubito-

2034 1370 2146 1406 rum
2194 1355 2382 1410 decem.
2431 1359 2498 1412 Et
2549 1361 2858 1431 ingredietur
2899 1366 3137 1432 domum,
3184 1369 3390 1440 inquit,
3432 1374 3629 1444 juran-

2035 1444 2095 1496 tis
2122 1447 2322 1500 nomine
2349 1465 2480 1514 meo,
2512 1459 2558 1503 et
2585 1452 2806 1508 destruet
2834 1457 2886 1508 in
2916 1458 3102 1524 medio,
3133 1469 3180 1513 et
3204 1461 3447 1529 suffodiet
3476 1465 3622 1536 lapi-

2034 1534 2120 1588 des
2137 1544 2185 1589 et
2208 1537 2347 1607 ligna
2368 1538 2549 1606 (Zach.
2573 1543 2625 1597 5.
2650 1544 2784 1613 1-4).
2806 1545 2942 1612 Quid
2967 1550 3178 1605 tandem
3203 1563 3287 1608 est
3309 1534 3552 1611 dictum?
3569 1566 3627 1612 et

2033 1640 2135 1694 qua
2164 1626 2233 1682 de
2255 1643 2416 1685 causa
2446 1632 2500 1685 in
2526 1635 2702 1703 specie
2725 1637 2898 1704 falcis,
2918 1649 2972 1694 et
3001 1640 3153 1696 falcis
3175 1645 3402 1701 volantis
3426 1647 3624 1716 iuran-

2037 1726 2115 1771 tes
2141 1733 2370 1789 sequens
2396 1737 2555 1790 pmna
2583 1725 2826 1782 videtur?
2868 1728 2936 1784 Ut
2964 1730 3220 1788 ultionem
3251 1734 3620 1794 inevitabilem

2034 1824 2174 1876 esse,
2195 1821 2248 1866 et
2268 1815 2584 1883 supplicium
2605 1817 2860 1876 declinari
2883 1838 2986 1878 non
3017 1840 3172 1890 posse
3193 1828 3395 1884 videas.
3420 1831 3626 1889 Ensem

2033 1900 2176 1956 enim
2203 1903 2473 1960 volantem
2505 1907 2724 1963 forsitan
2751 1911 2940 1982 aliquis
2969 1913 3206 1985 ellugcre
3248 1921 3444 1988 poterit
3469 1938 3482 1974 :
3515 1921 3624 1976 fal-

2033 2005 2150 2045 cem
2189 2001 2367 2048 autem
2411 1996 2464 2050 in
2501 1998 2699 2054 collum
2741 2001 3016 2074 delapsam
3055 2017 3109 2061 et
3153 2024 3249 2079 pro
3270 2010 3508 2068 funiculo
3537 2013 3623 2070 fa-

2031 2093 2191 2150 ctam,
2221 2103 2380 2143 nemo
2406 2088 2588 2161 fugere
2618 2102 2823 2163 potest:
2854 2113 2974 2151 cum
2999 2108 3177 2156 autem
3208 2111 3263 2158 et
3291 2104 3392 2158 alae
3414 2106 3620 2175 adsint,

2032 2190 2152 2244 qua:
2177 2178 2362 2234 salutis
2385 2181 2606 2237 ulterius
2631 2185 2790 2253 spes?
2825 2186 2936 2252 Qua
2968 2204 3096 2244 vero
3125 2191 3193 2247 de
3217 2207 3376 2248 causa
3409 2195 3622 2265 lapides

2031 2277 2088 2322 et
2127 2267 2266 2339 ligna
2301 2270 2531 2340 iurantis
2569 2274 2844 2332 dissolvit?
2872 2278 2942 2334 Ut
2985 2282 3135 2336 ruina
3180 2284 3300 2340 aliis
3342 2287 3607 2343 correctio

2034 2359 2146 2414 fiat.
2166 2361 2298 2427 Quia
2316 2365 2461 2419 enim
2481 2365 2748 2434 iurantem
2767 2380 3034 2427 mortuum
3053 2384 3190 2430 terra
3211 2379 3369 2433 condi
3396 2396 3623 2438 necesse

2033 2463 2114 2508 est
2135 2497 2151 2520 ,
2183 2455 2374 2510 domus
2397 2457 2656 2515 dissoluta
2684 2471 2739 2516 et
2773 2463 2824 2518 in
2865 2466 3074 2520 ruinam
3107 2484 3261 2524 versa
3288 2483 3620 2540 prmtereuno

2037 2548 2176 2602 tibus
2201 2550 2449 2604 omnibus
2476 2561 2529 2606 et
2557 2556 2899 2611 cernentibus
2928 2557 3222 2615 admonitio
3245 2564 3345 2618 erit
3363 2605 3378 2628 ,
3411 2574 3468 2618 ut
3510 2581 3619 2621 non

2033 2637 2220 2692 eadem
2251 2640 2500 2706 audeant,
2535 2658 2604 2698 ne
2629 2644 2814 2700 eadem
2847 2651 3135 2716 patiantur,
3160 2652 3352 2722 illaque
3381 2654 3620 2712 defuncti

2033 2732 2235 2786 crimen
2263 2746 2477 2802 semper
2502 2745 2705 2805 arguet.
2734 2735 2850 2791 Non
2880 2739 2948 2793 ita
2978 2741 3161 2810 pungit
3185 2745 3349 2808 ensis,
3373 2745 3510 2799 sicut
3534 2745 3626 2815 ju-

2033 2823 2259 2876 ramenti
2277 2835 2460 2878 natura
2479 2843 2493 2878 :
2513 2841 2616 2880 non
2635 2827 2712 2881 sic
2727 2828 2921 2883 occidit
2935 2831 3162 2900 gladius,
3181 2835 3318 2888 sicut
3327 2834 3623 2904 iuramenti

2037 2914 2212 2984 plaga.
2243 2914 2461 2971 Juratus
2491 2918 2590 2974 etsi
2619 2921 2800 2976 vivere
2823 2921 3091 2990 videatur,
3110 2927 3219 2993 iam
3249 2937 3493 2983 mortuus
3511 2939 3616 2996 est,

2033 3013 2088 3058 et
2115 3006 2306 3061 vulnus
2331 3010 2576 3078 excepit:
2601 3020 2655 3065 et
2693 3012 2830 3066 sicut
2867 3013 2955 3083 qui
3005 3025 3202 3070 restem
3229 3017 3405 3086 capit,
3441 3020 3621 3088 prius-

2032 3115 2192 3168 quam
2237 3101 2453 3158 civitate
2493 3103 2814 3172 egrediatur,
2861 3115 2915 3160 et
2939 3107 3006 3162 ad
3043 3109 3390 3178 prtecipitium
3416 3112 3617 3177 veniat,

2033 3199 2088 3243 et
2114 3200 2368 3246 tortorem
2397 3192 2572 3247 videat
2598 3193 2964 3250 imminentem
2988 3237 3002 3261 ,
3035 3205 3275 3252 mortuus
3299 3210 3381 3254 est
3400 3241 3416 3263 ,
3457 3201 3617 3256 simul

2034 3298 2096 3338 ac
2127 3285 2360 3352 praetorii
2395 3285 2587 3355 ianuas
2613 3302 2862 3355 egressus
2887 3297 2971 3343 est
2996 3307 3010 3342 :
3040 3291 3119 3345 sic
3143 3300 3196 3346 et
3215 3290 3448 3360 iuratus.
3491 3293 3620 3350 Huic

2035 3384 2363 3443 reputemus,
2392 3387 2447 3431 et
2477 3393 2544 3431 ne
2568 3376 2761 3432 fratres
2786 3378 3114 3448 adjuremus.
3148 3382 3284 3450 Quid
3314 3383 3447 3439 facis
3466 3426 3481 3451 ,
3515 3385 3619 3441 ho-

2036 3466 2161 3519 tno?
2188 3481 2349 3536 super
2377 3483 2618 3522 mensam
2651 3468 2868 3538 adjuras
2897 3485 3108 3525 sacram
3131 3513 3145 3538 ,
3174 3483 3228 3528 et
3257 3475 3344 3528 ubi
3373 3474 3622 3532 Christus

2037 3557 2240 3625 positus
2263 3567 2346 3611 est
2373 3557 2711 3624 immolatus,
2753 3559 2863 3615 illic
2904 3560 3122 3617 fratrem
3153 3574 3300 3617 tuum
3333 3566 3622 3622 immolas?

2035 3647 2293 3704 Latrones
2313 3648 2528 3718 quidem
2555 3649 2607 3703 in
2637 3651 2736 3705 viis
2761 3660 2995 3707 mactant
3019 3670 3032 3705 :
3058 3661 3115 3707 tu
3141 3669 3270 3709 vero
3296 3671 3478 3710 coram
3505 3673 3621 3712 ma-

2037 3749 2115 3792 tre
2146 3737 2314 3794 lilinm
2354 3739 2598 3794 immolas
2637 3741 2983 3808 sceleratius,
3015 3758 3173 3814 quam
3199 3743 3328 3799 Cain
3353 3786 3367 3809 ,
3400 3755 3616 3814 patrans

2036 3831 2419 3886 homicidium?
2461 3831 2558 3887 llle
2583 3849 2776 3903 nempe
2805 3832 3024 3889 fratrem
3055 3851 3210 3889 suum
3243 3837 3296 3889 in
3323 3836 3538 3892 deserto
3562 3846 3618 3894 et

2035 3923 2286 3993 prmseuti
2313 3933 2484 3978 morte
2515 3926 2800 3990 mactavit;
2847 3936 2902 3979 tu
2932 3942 3058 3980 vero
3087 3926 3302 3982 fratrem
3331 3937 3479 3983 tuum
3509 3930 3615 3984 im-

2034 4016 2206 4070 molas
2232 4016 2283 4070 in
2312 4015 2492 4071 medio
2513 4015 2776 4082 ecclesiae,
2809 4016 2969 4086 idque
2995 4025 3167 4071 morte
3195 4017 3366 4072 futura
3396 4020 3618 4075 immor-

2035 4108 2148 4162 tali.
2177 4107 2314 4162 Num
2339 4107 2480 4162 enim
2511 4117 2791 4177 propterea
2823 4107 2959 4162 facta
2989 4117 3072 4162 est
3100 4110 3324 4164 ecclesia
3343 4151 3357 4174 ,
3384 4121 3440 4164 ut
3464 4110 3618 4180 iure-

2036 4201 2191 4256 mus?
2216 4200 2502 4267 Propterea
2531 4199 2668 4254 facta
2689 4208 2794 4264 est,
2822 4209 2878 4252 ut
2905 4215 3139 4254 oremus.
3171 4199 3304 4254 Num
3329 4195 3474 4256 enim'
3498 4202 3619 4258 ideo

2037 4306 2218 4346 mensa
2249 4289 2414 4360 posita
2443 4299 2557 4354 est,
2589 4300 2645 4343 ut
2673 4290 3018 4358 adiuremus?
3050 4290 3173 4345 Ideo
3211 4302 3379 4360 posna
3413 4303 3530 4360 est,
3561 4301 3620 4348 ut

2036 4392 2251 4453 peccata
2277 4383 2568 4445 solvamus,
2600 4399 2703 4436 non
2734 4392 2791 4436 ut
2817 4383 3113 4451 alligemus.

2104 4476 2403 4530 Juramenta
2436 4475 2826 4545 Evangeliorum
2853 4487 3102 4530 contactu.
3125 4508 3196 4517 —
3215 4477 3295 4533 Tu
3316 4493 3442 4533 vero
3463 4479 3510 4534 si
3537 4480 3622 4535 ni-

2036 4566 2110 4622 hil
2138 4566 2302 4634 aliud,
2331 4567 2521 4621 saltem
2554 4567 2747 4621 librum
2779 4571 2952 4636 ipsum
2983 4583 3250 4635 reverere,
3281 4585 3436 4638 quem
3466 4571 3518 4625 in
3539 4571 3622 4641 iu-

2037 4668 2335 4713 rameututn
2366 4659 2600 4728 porrigis
2620 4658 3076 4729 :etEvangelium,
3101 4662 3243 4728 quod
3273 4663 3408 4722 intra
3430 4678 3621 4718 manus

2037 4750 2253 4820 capiens
2293 4750 2474 4818 iurare
2512 4750 2703 4818 iubes,
2733 4751 2972 4819 explica,
3005 4760 3059 4804 et
3099 4751 3320 4806 audiens
3374 4754 3502 4819 quid
3548 4755 3620 4809 ibi

2037 4841 2279 4896 Christus
2307 4840 2376 4895 de
2397 4840 2717 4910 iuramentis
2743 4843 3000 4906 disserat,
3031 4842 3282 4898 horresce
3313 4853 3369 4898 et
3397 4846 3617 4902 desiste.

2037 4933 2174 5000 Quid
2205 4933 2363 5003 igitur
2389 4933 2495 4988 illic
2524 4933 2591 4987 de
2616 4924 2931 5001 iuramentis
2957 4934 3166 5002 inquit?
3189 4934 3298 5005 Ego
3320 4946 3484 4988 autem
3507 4937 3624 4990 dico

2037 5027 2174 5081 vobis
2207 5027 2412 5080 omnino
2454 5041 2556 5079 non
2586 5027 2768 5096 jurare
2796 5024 3012 5095 (Matth.
3039 5025 3091 5079 5.
3120 5025 3235 5096 54).
3273 5026 3351 5080 Tu
3383 5042 3513 5080 vero
3542 5027 3624 5080 le-

2039 5135 2158 5191 gem
2201 5118 2386 5188 iurare
2433 5117 2802 5186 prohibentem
2825 5158 2837 5177 .
2871 5117 2922 5170 in
2951 5117 3313 5186 iurantentum
3343 5118 3538 5186 ponis?
3579 5117 3626 5172 (l

2039 5211 2439 5276 contumeliam,
2466 5225 2499 5264 ο
2521 5210 2810 5264 insaniam!
2838 5209 2976 5262 idem
3001 5211 3142 5264 enim
3173 5209 3325 5276 facis,
3355 5226 3418 5266 ac
3440 5211 3483 5265 si
3505 5212 3628 5281 quis

2039 5305 2395 5376 legislaturem
2445 5301 2747 5357 interﬁcere
2791 5301 3195 5370 prohibentem,
3238 5300 3410 5370 ipsum
3457 5302 3625 5357 caedis

2041 5397 2141 5453 sibi
2185 5396 2387 5450 socium
2431 5408 2552 5448 esse
2588 5392 2791 5463 iubeat.
2839 5391 2954 5447 Non
3005 5393 3075 5446 ita
3121 5407 3276 5460 gemo
3305 5403 3359 5446 et
3399 5391 3630 5461 depioro

2042 5487 2320 5558 quospiam
2350 5487 2404 5541 in
2435 5485 2536 5540 viis
2557 5483 2826 5556 iugulatos
2856 5483 3096 5548 audiens,
3124 5485 3262 5539 sicut
3286 5499 3442 5553 gemo
3468 5494 3522 5538 et
3551 5483 3633 5538 lao
3663 5478 3666 5480 ⁷

2043 5579 2240 5653 crymis
2268 5592 2564 5649 prosequor
2585 5585 2640 5631 et
2668 5574 2945 5642 horresco,
2983 5589 3102 5629 cum
3138 5573 3293 5628 video
3317 5574 3630 5646 quempiam

2044 5686 2208 5742 prope
2236 5685 2477 5727 mensam
2509 5668 2646 5723 hanc
2672 5667 2976 5723 venientem
2999 5707 3012 5732 ,
3040 5676 3090 5721 et
3125 5681 3314 5722 manus
3342 5666 3627 5735 itnponeno

2055 5773 2181 5830 tem,
2209 5757 2580 5832 etEvangeliis
2603 5761 2861 5816 contactis
2887 5757 3172 5829 iurantem.
3228 5758 3302 5814 De
3350 5757 3626 5829 pecuniis,
