  <div class='ocr_page' id='page_1' title='image "/cluster/home/n/w/nwhite01/storage/ocr_20150623/49/mdp.39015028539461/164.png"; bbox 0 0 3912 6230; ppageno 0'>
   <div class='ocr_carea' id='block_1_1' title="bbox 156 332 255 387">
    <p class='ocr_par' dir='ltr' id='par_1_1' title="bbox 156 332 255 387">
     <span class='ocr_line' id='line_1_1' title="bbox 156 332 255 387; baseline -0.01 0"><span class='ocrx_word' id='word_1_1' title='bbox 156 332 255 387; x_wconf 72' lang='grc'><strong>159</strong></span> 
     </span>
    </p>
   </div>
   <div class='ocr_carea' id='block_1_2' title="bbox 156 434 1834 509">
    <p class='ocr_par' dir='ltr' id='par_1_2' title="bbox 156 434 1834 509">
     <span class='ocr_line' id='line_1_2' title="bbox 156 434 1834 509; baseline -0.007 -9"><span class='ocrx_word' id='word_1_2' title='bbox 156 446 251 500; x_wconf 83' lang='grc' dir='ltr'><strong>καί</strong></span> <span class='ocrx_word' id='word_1_3' title='bbox 275 443 417 499; x_wconf 73' lang='grc' dir='ltr'><strong>αὐτὰ</strong></span> <span class='ocrx_word' id='word_1_4' title='bbox 437 442 507 496; x_wconf 69' lang='grc' dir='ltr'><strong>τὲ</strong></span> <span class='ocrx_word' id='word_1_5' title='bbox 534 442 727 498; x_wconf 83' lang='grc' dir='ltr'><strong>ἀστεῖα</strong></span> <span class='ocrx_word' id='word_1_6' title='bbox 758 437 1042 509; x_wconf 71' lang='grc' dir='ltr'><strong>ἀποφεύξῃ</strong></span> <span class='ocrx_word' id='word_1_7' title='bbox 1079 439 1319 509; x_wconf 74' lang='grc' dir='ltr'><strong>ῥήματα,</strong></span> <span class='ocrx_word' id='word_1_8' title='bbox 1340 436 1531 508; x_wconf 82' lang='grc' dir='ltr'><strong>ἐπειδὴ</strong></span> <span class='ocrx_word' id='word_1_9' title='bbox 1565 435 1674 489; x_wconf 75' lang='grc' dir='ltr'><strong>τῶν</strong></span> <span class='ocrx_word' id='word_1_10' title='bbox 1697 434 1834 506; x_wconf 78' lang='grc' dir='ltr'><strong>μετὰ</strong></span> 
     </span>
    </p>
   </div>
   <div class='ocr_carea' id='block_1_3' title="bbox 154 518 1835 598">
    <p class='ocr_par' dir='ltr' id='par_1_3' title="bbox 154 518 1835 598">
     <span class='ocr_line' id='line_1_3' title="bbox 154 518 1835 598; baseline -0.009 -12"><span class='ocrx_word' id='word_1_11' title='bbox 154 532 332 587; x_wconf 82' lang='grc' dir='ltr'><strong>ταῦτα</strong></span> <span class='ocrx_word' id='word_1_12' title='bbox 364 528 552 584; x_wconf 81' lang='grc' dir='ltr'>κακῶν</span> <span class='ocrx_word' id='word_1_13' title='bbox 588 527 714 598; x_wconf 77' lang='grc' dir='ltr'><strong>ῥίζα</strong></span> <span class='ocrx_word' id='word_1_14' title='bbox 770 523 944 577; x_wconf 79' lang='grc' dir='ltr'><strong>ταῦτα</strong></span> <span class='ocrx_word' id='word_1_15' title='bbox 997 525 1233 593; x_wconf 80' lang='grc' dir='ltr'><strong>ἐγένετο.</strong></span> <span class='ocrx_word' id='word_1_16' title='bbox 1269 525 1367 578; x_wconf 82' lang='grc' dir='ltr'><strong>Διά</strong></span> <span class='ocrx_word' id='word_1_17' title='bbox 1384 523 1544 577; x_wconf 86' lang='grc' dir='ltr'><strong>τοῦτο</strong></span> <span class='ocrx_word' id='word_1_18' title='bbox 1570 524 1598 575; x_wconf 87' lang='lat'><strong>6</strong></span> <span class='ocrx_word' id='word_1_19' title='bbox 1624 518 1835 582; x_wconf 75' lang='grc' dir='ltr'><strong>Παῦλος</strong></span> 
     </span>
    </p>
   </div>
   <div class='ocr_carea' id='block_1_4' title="bbox 156 607 1835 690">
    <p class='ocr_par' dir='ltr' id='par_1_4' title="bbox 156 607 1835 690">
     <span class='ocr_line' id='line_1_4' title="bbox 156 607 1835 690; baseline -0.008 -16"><span class='ocrx_word' id='word_1_20' title='bbox 156 637 315 690; x_wconf 76' lang='grc' dir='ltr'><strong>φησι·</strong></span> <span class='ocrx_word' id='word_1_21' title='bbox 341 614 689 688; x_wconf 75' lang='grc' dir='ltr'><strong>Μωρολογία</strong></span> <span class='ocrx_word' id='word_1_22' title='bbox 713 611 810 666; x_wconf 80' lang='grc' dir='ltr'><strong>καὶ</strong></span> <span class='ocrx_word' id='word_1_23' title='bbox 839 613 1203 679; x_wconf 78' lang='grc' dir='ltr'><strong>εὐτραπελία</strong></span> <span class='ocrx_word' id='word_1_24' title='bbox 1221 610 1307 682; x_wconf 79' lang='grc' dir='ltr'><strong>μὴ</strong></span> <span class='ocrx_word' id='word_1_25' title='bbox 1334 609 1748 681; x_wconf 70' lang='grc' dir='ltr'><strong>ἐκπορευέσθω</strong></span> <span class='ocrx_word' id='word_1_26' title='bbox 1765 607 1835 660; x_wconf 75' lang='grc' dir='ltr'><strong>ἐκ</strong></span> 
     </span>
    </p>
   </div>
   <div class='ocr_carea' id='block_1_5' title="bbox 157 697 1836 775">
    <p class='ocr_par' dir='ltr' id='par_1_5' title="bbox 157 697 1836 775">
     <span class='ocr_line' id='line_1_5' title="bbox 157 697 1836 775; baseline -0.01 -12"><span class='ocrx_word' id='word_1_27' title='bbox 157 706 269 763; x_wconf 79' lang='grc' dir='ltr'><strong>τοῦ</strong></span> <span class='ocrx_word' id='word_1_28' title='bbox 299 707 600 775; x_wconf 80' lang='grc' dir='ltr'><strong>στόματος</strong></span> <span class='ocrx_word' id='word_1_29' title='bbox 625 698 815 771; x_wconf 79' lang='grc' dir='ltr'><strong>ὑμῶν.</strong></span> <span class='ocrx_word' id='word_1_30' title='bbox 856 698 922 753; x_wconf 85' lang='grc' dir='ltr'><strong>Εἰ</strong></span> <span class='ocrx_word' id='word_1_31' title='bbox 963 698 1077 770; x_wconf 85' lang='grc' dir='ltr'><strong>γὰρ</strong></span> <span class='ocrx_word' id='word_1_32' title='bbox 1113 699 1208 752; x_wconf 78' lang='grc' dir='ltr'><strong>καὶ</strong></span> <span class='ocrx_word' id='word_1_33' title='bbox 1234 699 1369 752; x_wconf 80' lang='grc' dir='ltr'><strong>αὐτὸ</strong></span> <span class='ocrx_word' id='word_1_34' title='bbox 1396 699 1517 754; x_wconf 82' lang='grc' dir='ltr'><strong>καθ’</strong></span> <span class='ocrx_word' id='word_1_35' title='bbox 1550 697 1714 751; x_wconf 75' lang='grc' dir='ltr'><strong>ἑαυτὸ</strong></span> <span class='ocrx_word' id='word_1_36' title='bbox 1743 711 1836 766; x_wconf 79' lang='grc' dir='ltr'><strong>μι-</strong></span> 
     </span>
    </p>
   </div>
   <div class='ocr_carea' id='block_1_6' title="bbox 158 782 1835 868">
    <p class='ocr_par' dir='ltr' id='par_1_6' title="bbox 158 782 1835 868">
     <span class='ocr_line' id='line_1_6' title="bbox 158 782 1835 868; baseline -0.01 -17"><span class='ocrx_word' id='word_1_37' title='bbox 158 796 294 868; x_wconf 83' lang='grc' dir='ltr'><strong>κρὸν</strong></span> <span class='ocrx_word' id='word_1_38' title='bbox 321 789 460 848; x_wconf 76' lang='grc' dir='ltr'><strong>εἶναι</strong></span> <span class='ocrx_word' id='word_1_39' title='bbox 496 792 665 854; x_wconf 86' lang='grc' dir='ltr'><strong>δοκεῖ,</strong></span> <span class='ocrx_word' id='word_1_40' title='bbox 697 787 833 844; x_wconf 87' lang='grc' dir='ltr'><strong>ἀλλά</strong></span> <span class='ocrx_word' id='word_1_41' title='bbox 865 786 1116 857; x_wconf 83' lang='grc' dir='ltr'><strong>μεγάλων</strong></span> <span class='ocrx_word' id='word_1_42' title='bbox 1158 788 1290 859; x_wconf 77' lang='grc' dir='ltr'><strong>ἡμῖν</strong></span> <span class='ocrx_word' id='word_1_43' title='bbox 1327 786 1515 841; x_wconf 80' lang='grc' dir='ltr'><strong>κακῶν</strong></span> <span class='ocrx_word' id='word_1_44' title='bbox 1550 787 1720 840; x_wconf 79' lang='grc' dir='ltr'><strong>αἴτιον</strong></span> <span class='ocrx_word' id='word_1_45' title='bbox 1747 782 1835 852; x_wconf 84' lang='grc' dir='ltr'><strong>γί-</strong></span> 
     </span>
    </p>
   </div>
   <div class='ocr_carea' id='block_1_7' title="bbox 158 868 1836 946">
    <p class='ocr_par' dir='ltr' id='par_1_7' title="bbox 158 868 1836 946">
     <span class='ocr_line' id='line_1_7' title="bbox 158 868 1836 946; baseline -0.009 -8"><span class='ocrx_word' id='word_1_46' title='bbox 158 899 334 938; x_wconf 80' lang='grc' dir='ltr'><strong>νεται.</strong></span> <span class='ocrx_word' id='word_1_47' title='bbox 390 880 562 934; x_wconf 89' lang='grc' dir='ltr'><strong>Πάλιν</strong></span> <span class='ocrx_word' id='word_1_48' title='bbox 612 876 675 930; x_wconf 80' lang='grc' dir='ltr'><strong>τὸ</strong></span> <span class='ocrx_word' id='word_1_49' title='bbox 708 876 922 945; x_wconf 77' lang='grc' dir='ltr'><strong>τρυφᾷν</strong></span> <span class='ocrx_word' id='word_1_50' title='bbox 978 873 1041 927; x_wconf 86' lang='grc' dir='ltr'><strong>ού</strong></span> <span class='ocrx_word' id='word_1_51' title='bbox 1073 873 1220 928; x_wconf 88' lang='grc' dir='ltr'><strong>δοκεῖ</strong></span> <span class='ocrx_word' id='word_1_52' title='bbox 1259 874 1358 944; x_wconf 76' lang='grc' dir='ltr'><strong>μὲν</strong></span> <span class='ocrx_word' id='word_1_53' title='bbox 1399 873 1649 946; x_wconf 76' lang='grc' dir='ltr'><strong>ἔγκλημα</strong></span> <span class='ocrx_word' id='word_1_54' title='bbox 1696 868 1836 925; x_wconf 74' lang='grc' dir='ltr'><strong>εἶναι</strong></span> 
     </span>
    </p>
   </div>
   <div class='ocr_carea' id='block_1_8' title="bbox 160 957 1834 1041">
    <p class='ocr_par' dir='ltr' id='par_1_8' title="bbox 160 957 1834 1041">
     <span class='ocr_line' id='line_1_8' title="bbox 160 957 1834 1041; baseline -0.007 -17"><span class='ocrx_word' id='word_1_55' title='bbox 160 969 398 1041; x_wconf 77' lang='grc' dir='ltr'><strong>φανερὸν</strong></span> <span class='ocrx_word' id='word_1_56' title='bbox 421 967 516 1021; x_wconf 80' lang='grc' dir='ltr'><strong>καὶ</strong></span> <span class='ocrx_word' id='word_1_57' title='bbox 541 962 981 1035; x_wconf 77' lang='grc' dir='ltr'><strong>ὡμολογημένον,</strong></span> <span class='ocrx_word' id='word_1_58' title='bbox 1014 960 1224 1032; x_wconf 85' lang='grc' dir='ltr'><strong>μεγάλα</strong></span> <span class='ocrx_word' id='word_1_59' title='bbox 1241 961 1300 1015; x_wconf 74' lang='grc' dir='ltr'><strong>δὲ</strong></span> <span class='ocrx_word' id='word_1_60' title='bbox 1317 962 1450 1033; x_wconf 83' lang='grc' dir='ltr'><strong>ἡμῖν</strong></span> <span class='ocrx_word' id='word_1_61' title='bbox 1474 962 1650 1015; x_wconf 80' lang='grc' dir='ltr'><strong>τίκτει</strong></span> <span class='ocrx_word' id='word_1_62' title='bbox 1667 957 1834 1024; x_wconf 71' lang='grc' dir='ltr'><strong>κακά,</strong></span> 
     </span>
    </p>
   </div>
   <div class='ocr_carea' id='block_1_9' title="bbox 162 1049 1837 1130">
    <p class='ocr_par' dir='ltr' id='par_1_9' title="bbox 162 1049 1837 1130">
     <span class='ocr_line' id='line_1_9' title="bbox 162 1049 1837 1130; baseline -0.008 -16"><span class='ocrx_word' id='word_1_63' title='bbox 162 1059 360 1130; x_wconf 80' lang='grc' dir='ltr'><strong>μέθην,</strong></span> <span class='ocrx_word' id='word_1_64' title='bbox 398 1053 684 1127; x_wconf 76' lang='grc' dir='ltr'><strong>παροινίαν</strong></span> <span class='ocrx_word' id='word_1_65' title='bbox 708 1061 750 1116; x_wconf 84' lang='grc'><strong>⁸,</strong></span> <span class='ocrx_word' id='word_1_66' title='bbox 782 1049 1120 1117; x_wconf 82' lang='grc' dir='ltr'><strong>πλεονεξίαν,</strong></span> <span class='ocrx_word' id='word_1_67' title='bbox 1144 1050 1419 1121; x_wconf 85' lang='grc' dir='ltr'><strong>ἁρπαγάς.</strong></span> <span class='ocrx_word' id='word_1_68' title='bbox 1458 1050 1518 1104; x_wconf 83' lang='lat'><strong>&#39;0</strong></span> <span class='ocrx_word' id='word_1_69' title='bbox 1537 1050 1647 1121; x_wconf 82' lang='grc' dir='ltr'><strong>γάρ</strong></span> <span class='ocrx_word' id='word_1_70' title='bbox 1660 1049 1837 1103; x_wconf 83' lang='grc' dir='ltr'><strong>δαπα-</strong></span> 
     </span>
    </p>
   </div>
   <div class='ocr_carea' id='block_1_10' title="bbox 159 1135 1839 1218">
    <p class='ocr_par' dir='ltr' id='par_1_10' title="bbox 159 1135 1839 1218">
     <span class='ocr_line' id='line_1_10' title="bbox 159 1135 1839 1218; baseline -0.008 -18"><span class='ocrx_word' id='word_1_71' title='bbox 159 1147 327 1218; x_wconf 78' lang='grc' dir='ltr'><strong>νηρὸς</strong></span> <span class='ocrx_word' id='word_1_72' title='bbox 352 1144 449 1197; x_wconf 88' lang='lat' dir='ltr'><strong><em>zeal</em></strong></span> <span class='ocrx_word' id='word_1_73' title='bbox 493 1138 809 1210; x_wconf 83' lang='grc' dir='ltr'><strong>πολυτελὴς,</strong></span> <span class='ocrx_word' id='word_1_74' title='bbox 844 1138 938 1191; x_wconf 80' lang='grc' dir='ltr'><strong>καὶ</strong></span> <span class='ocrx_word' id='word_1_75' title='bbox 992 1137 1334 1208; x_wconf 80' lang='grc' dir='ltr'><strong>λειτουργίας</strong></span> <span class='ocrx_word' id='word_1_76' title='bbox 1388 1139 1455 1209; x_wconf 79' lang='grc' dir='ltr'><strong>τῇ</strong></span> <span class='ocrx_word' id='word_1_77' title='bbox 1496 1136 1696 1207; x_wconf 59' lang='grc' dir='ltr'><strong>γαστρὶ⁸</strong></span> <span class='ocrx_word' id='word_1_78' title='bbox 1728 1135 1839 1188; x_wconf 90' lang='grc' dir='ltr'><strong>λει-</strong></span> 
     </span>
    </p>
   </div>
   <div class='ocr_carea' id='block_1_11' title="bbox 158 1224 1834 1305">
    <p class='ocr_par' dir='ltr' id='par_1_11' title="bbox 158 1224 1834 1305">
     <span class='ocr_line' id='line_1_11' title="bbox 158 1224 1834 1305; baseline 0.002 -30"><span class='ocrx_word' id='word_1_79' title='bbox 158 1231 411 1305; x_wconf 77' lang='grc' dir='ltr'><strong>τουργῶν</strong></span> <span class='ocrx_word' id='word_1_80' title='bbox 428 1229 757 1300; x_wconf 75' lang='grc' dir='ltr'><strong>ἀφορήτους,</strong></span> <span class='ocrx_word' id='word_1_81' title='bbox 777 1226 873 1279; x_wconf 87' lang='lat' dir='ltr'><strong><em>zeal</em></strong></span> <span class='ocrx_word' id='word_1_82' title='bbox 892 1225 1144 1281; x_wconf 76' lang='grc' dir='ltr'><strong>κλέπτειν</strong></span> <span class='ocrx_word' id='word_1_83' title='bbox 1166 1225 1533 1294; x_wconf 76' lang='grc' dir='ltr'><strong>ἀναγκάζεται</strong></span> <span class='ocrx_word' id='word_1_84' title='bbox 1557 1224 1834 1290; x_wconf 76' lang='grc' dir='ltr'><strong>πολλάκις,</strong></span> 
     </span>
    </p>
   </div>
   <div class='ocr_carea' id='block_1_12' title="bbox 158 1311 1834 1391">
    <p class='ocr_par' dir='ltr' id='par_1_12' title="bbox 158 1311 1834 1391">
     <span class='ocr_line' id='line_1_12' title="bbox 158 1311 1834 1391; baseline -0.01 -11"><span class='ocrx_word' id='word_1_85' title='bbox 158 1325 261 1380; x_wconf 82' lang='lat' dir='ltr'><strong><em>zeal</em></strong></span> <span class='ocrx_word' id='word_1_86' title='bbox 281 1323 352 1376; x_wconf 84' lang='grc' dir='ltr'><strong>τὰ</strong></span> <span class='ocrx_word' id='word_1_87' title='bbox 383 1320 585 1391; x_wconf 83' lang='grc' dir='ltr'><strong>ἐτέρων</strong></span> <span class='ocrx_word' id='word_1_88' title='bbox 613 1314 901 1388; x_wconf 86' lang='grc' dir='ltr'><strong>ἁρπάζειν,</strong></span> <span class='ocrx_word' id='word_1_89' title='bbox 929 1314 1025 1367; x_wconf 87' lang='lat' dir='ltr'><strong><em>zeal</em></strong></span> <span class='ocrx_word' id='word_1_90' title='bbox 1040 1313 1510 1378; x_wconf 65' lang='grc' dir='ltr'><strong>πλεονεκτεῖν,Μὶ</strong></span> <span class='ocrx_word' id='word_1_91' title='bbox 1534 1311 1834 1383; x_wconf 83' lang='grc' dir='ltr'><strong>βιάζεσθαι.</strong></span> 
     </span>
    </p>
   </div>
   <div class='ocr_carea' id='block_1_13' title="bbox 163 1399 1840 1477">
    <p class='ocr_par' dir='ltr' id='par_1_13' title="bbox 163 1399 1840 1477">
     <span class='ocr_line' id='line_1_13' title="bbox 163 1399 1840 1477; baseline -0.008 -11"><span class='ocrx_word' id='word_1_92' title='bbox 163 1413 269 1466; x_wconf 74' lang='grc' dir='ltr'><strong>Ἂν</strong></span> <span class='ocrx_word' id='word_1_93' title='bbox 284 1410 467 1464; x_wconf 82' lang='grc' dir='ltr'><strong>τοίνυν</strong></span> <span class='ocrx_word' id='word_1_94' title='bbox 494 1405 674 1477; x_wconf 58' lang='lat' dir='ltr'><strong>cpia];</strong></span> <span class='ocrx_word' id='word_1_95' title='bbox 710 1403 772 1456; x_wconf 84' lang='grc' dir='ltr'><strong>τὸ</strong></span> <span class='ocrx_word' id='word_1_96' title='bbox 798 1403 1034 1473; x_wconf 78' lang='grc' dir='ltr'><strong>τρυφᾷν,</strong></span> <span class='ocrx_word' id='word_1_97' title='bbox 1065 1401 1160 1456; x_wconf 77' lang='grc' dir='ltr'><strong>καὶ</strong></span> <span class='ocrx_word' id='word_1_98' title='bbox 1191 1399 1507 1466; x_wconf 82' lang='grc' dir='ltr'><strong>πλεονεξίας</strong></span> <span class='ocrx_word' id='word_1_99' title='bbox 1535 1400 1631 1454; x_wconf 87' lang='lat' dir='ltr'><strong><em>zeal</em></strong></span> <span class='ocrx_word' id='word_1_100' title='bbox 1662 1400 1840 1471; x_wconf 82' lang='grc' dir='ltr'><strong>ἁρπα-</strong></span> 
     </span>
    </p>
   </div>
   <div class='ocr_carea' id='block_1_14' title="bbox 159 1486 1836 1569">
    <p class='ocr_par' dir='ltr' id='par_1_14' title="bbox 159 1486 1836 1569">
     <span class='ocr_line' id='line_1_14' title="bbox 159 1486 1836 1569; baseline -0.009 -16"><span class='ocrx_word' id='word_1_101' title='bbox 159 1499 270 1569; x_wconf 79' lang='grc' dir='ltr'><strong>γῆς</strong></span> <span class='ocrx_word' id='word_1_102' title='bbox 300 1498 397 1550; x_wconf 88' lang='lat' dir='ltr'><strong><em>zeal</em></strong></span> <span class='ocrx_word' id='word_1_103' title='bbox 432 1493 603 1565; x_wconf 80' lang='grc' dir='ltr'><strong>μέθης</strong></span> <span class='ocrx_word' id='word_1_104' title='bbox 627 1490 724 1545; x_wconf 83' lang='lat' dir='ltr'><strong><em>zeal</em></strong></span> <span class='ocrx_word' id='word_1_105' title='bbox 752 1489 963 1561; x_wconf 85' lang='grc' dir='ltr'><strong>μυρίων</strong></span> <span class='ocrx_word' id='word_1_106' title='bbox 989 1487 1176 1543; x_wconf 83' lang='grc' dir='ltr'><strong>κακῶν</strong></span> <span class='ocrx_word' id='word_1_107' title='bbox 1197 1487 1295 1559; x_wconf 81' lang='grc' dir='ltr'><strong>τὴν</strong></span> <span class='ocrx_word' id='word_1_108' title='bbox 1318 1486 1575 1542; x_wconf 80' lang='grc' dir='ltr'><strong>ὑπόθεσιν</strong></span> <span class='ocrx_word' id='word_1_109' title='bbox 1607 1487 1836 1554; x_wconf 84' lang='grc' dir='ltr'><strong>ἀνεῖλες,</strong></span> 
     </span>
    </p>
   </div>
   <div class='ocr_carea' id='block_1_15' title="bbox 160 1572 1841 1657">
    <p class='ocr_par' dir='ltr' id='par_1_15' title="bbox 160 1572 1841 1657">
     <span class='ocr_line' id='line_1_15' title="bbox 160 1572 1841 1657; baseline -0.008 -18"><span class='ocrx_word' id='word_1_110' title='bbox 160 1582 451 1657; x_wconf 74' lang='grc' dir='ltr'><strong>πόρρωθεν</strong></span> <span class='ocrx_word' id='word_1_111' title='bbox 485 1582 587 1650; x_wconf 81' lang='grc' dir='ltr'><strong>τὴν</strong></span> <span class='ocrx_word' id='word_1_112' title='bbox 613 1576 767 1649; x_wconf 82' lang='grc' dir='ltr'><strong>ῥίζαν</strong></span> <span class='ocrx_word' id='word_1_113' title='bbox 801 1572 1050 1646; x_wconf 87' lang='grc' dir='ltr'><strong>ἐκτεμὼν</strong></span> <span class='ocrx_word' id='word_1_114' title='bbox 1090 1575 1190 1647; x_wconf 77' lang='grc' dir='ltr'><strong>τῆς</strong></span> <span class='ocrx_word' id='word_1_115' title='bbox 1227 1574 1516 1645; x_wconf 86' lang='grc' dir='ltr'><strong>πονηρίας.</strong></span> <span class='ocrx_word' id='word_1_116' title='bbox 1547 1573 1647 1627; x_wconf 85' lang='grc' dir='ltr'><strong>Διά</strong></span> <span class='ocrx_word' id='word_1_117' title='bbox 1681 1573 1841 1627; x_wconf 89' lang='grc' dir='ltr'><strong>τοῦτο</strong></span> 
     </span>
    </p>
   </div>
   <div class='ocr_carea' id='block_1_16' title="bbox 159 1656 1842 1730">
    <p class='ocr_par' dir='ltr' id='par_1_16' title="bbox 159 1656 1842 1730">
     <span class='ocr_line' id='line_1_16' title="bbox 159 1656 1842 1730; baseline -0.008 -6"><span class='ocrx_word' id='word_1_118' title='bbox 159 1656 262 1724; x_wconf 77' lang='lat' dir='ltr'><strong><em>zeal</em></strong></span> <span class='ocrx_word' id='word_1_119' title='bbox 292 1670 324 1720; x_wconf 93' lang='lat'><strong>6</strong></span> <span class='ocrx_word' id='word_1_120' title='bbox 365 1664 579 1726; x_wconf 80' lang='grc' dir='ltr'><strong>Παῦλος</strong></span> <span class='ocrx_word' id='word_1_121' title='bbox 623 1660 829 1730; x_wconf 71' lang='grc' dir='ltr'><strong>ἔλεγεν,</strong></span> <span class='ocrx_word' id='word_1_122' title='bbox 873 1659 958 1712; x_wconf 81' lang='grc' dir='ltr'><strong>ὅτι</strong></span> <span class='ocrx_word' id='word_1_123' title='bbox 994 1659 1057 1714; x_wconf 84' lang='grc' dir='ltr'><strong>Ἠ</strong></span> <span class='ocrx_word' id='word_1_124' title='bbox 1098 1656 1473 1713; x_wconf 77' lang='grc' dir='ltr'><strong>σπαταλῶσα</strong></span> <span class='ocrx_word' id='word_1_125' title='bbox 1502 1658 1661 1728; x_wconf 84' lang='grc' dir='ltr'><strong>χήρα</strong></span> <span class='ocrx_word' id='word_1_126' title='bbox 1685 1657 1842 1719; x_wconf 82' lang='grc' dir='ltr'><strong>ζῶσα</strong></span> 
     </span>
    </p>
   </div>
   <div class='ocr_carea' id='block_1_17' title="bbox 158 1746 1836 1822">
    <p class='ocr_par' dir='ltr' id='par_1_17' title="bbox 158 1746 1836 1822">
     <span class='ocr_line' id='line_1_17' title="bbox 158 1746 1836 1822; baseline -0.009 -11"><span class='ocrx_word' id='word_1_127' title='bbox 158 1755 440 1822; x_wconf 76' lang='grc' dir='ltr'><strong>τέθνηκε.</strong></span> <span class='ocrx_word' id='word_1_128' title='bbox 471 1750 545 1804; x_wconf 82' lang='grc' dir='ltr'><strong>Τὸ</strong></span> <span class='ocrx_word' id='word_1_129' title='bbox 572 1750 653 1814; x_wconf 89' lang='grc' dir='ltr'><strong>εἰς</strong></span> <span class='ocrx_word' id='word_1_130' title='bbox 681 1748 748 1802; x_wconf 71' lang='grc' dir='ltr'><strong>τά</strong></span> <span class='ocrx_word' id='word_1_131' title='bbox 776 1746 979 1818; x_wconf 88' lang='grc' dir='ltr'><strong>θέατρα</strong></span> <span class='ocrx_word' id='word_1_132' title='bbox 1027 1746 1339 1800; x_wconf 87' lang='grc' dir='ltr'><strong>ἀναϐαίνειν</strong></span> <span class='ocrx_word' id='word_1_133' title='bbox 1371 1746 1554 1809; x_wconf 86' lang='grc' dir='ltr'><strong>πάλιν,</strong></span> <span class='ocrx_word' id='word_1_134' title='bbox 1604 1746 1698 1799; x_wconf 81' lang='lat' dir='ltr'><strong><em>zeal</em></strong></span> <span class='ocrx_word' id='word_1_135' title='bbox 1743 1746 1836 1798; x_wconf 81' lang='grc' dir='ltr'><strong>ἴπ-</strong></span> 
     </span>
    </p>
   </div>
   <div class='ocr_carea' id='block_1_18' title="bbox 160 1832 1841 1911">
    <p class='ocr_par' dir='ltr' id='par_1_18' title="bbox 160 1832 1841 1911">
     <span class='ocr_line' id='line_1_18' title="bbox 160 1832 1841 1911; baseline -0.008 -13"><span class='ocrx_word' id='word_1_136' title='bbox 160 1861 284 1897; x_wconf 85' lang='grc' dir='ltr'><strong>πων</strong></span> <span class='ocrx_word' id='word_1_137' title='bbox 320 1840 555 1911; x_wconf 75' lang='grc' dir='ltr'><strong>ἁμίλλας</strong></span> <span class='ocrx_word' id='word_1_138' title='bbox 590 1837 837 1909; x_wconf 82' lang='grc' dir='ltr'><strong>θεωρεῖν,</strong></span> <span class='ocrx_word' id='word_1_139' title='bbox 868 1834 963 1889; x_wconf 79' lang='grc' dir='ltr'><strong>καὶ</strong></span> <span class='ocrx_word' id='word_1_140' title='bbox 1011 1833 1289 1899; x_wconf 90' lang='grc' dir='ltr'><strong>κυϐεύειν,</strong></span> <span class='ocrx_word' id='word_1_141' title='bbox 1324 1836 1385 1889; x_wconf 85' lang='grc' dir='ltr'><strong>οὐ</strong></span> <span class='ocrx_word' id='word_1_142' title='bbox 1414 1836 1564 1890; x_wconf 88' lang='grc' dir='ltr'><strong>δοκεῖ</strong></span> <span class='ocrx_word' id='word_1_143' title='bbox 1585 1832 1841 1905; x_wconf 80' lang='grc' dir='ltr'><strong>πλημμέ-</strong></span> 
     </span>
    </p>
   </div>
   <div class='ocr_carea' id='block_1_19' title="bbox 158 1916 1842 2001">
    <p class='ocr_par' dir='ltr' id='par_1_19' title="bbox 158 1916 1842 2001">
     <span class='ocr_line' id='line_1_19' title="bbox 158 1916 1842 2001; baseline -0.006 -18"><span class='ocrx_word' id='word_1_144' title='bbox 158 1930 317 2001; x_wconf 85' lang='grc' dir='ltr'><strong>λημα</strong></span> <span class='ocrx_word' id='word_1_145' title='bbox 337 1930 451 1991; x_wconf 88' lang='grc' dir='ltr'><strong>τοῖς</strong></span> <span class='ocrx_word' id='word_1_146' title='bbox 482 1924 696 1987; x_wconf 87' lang='grc' dir='ltr'><strong>πολλοῖς</strong></span> <span class='ocrx_word' id='word_1_147' title='bbox 720 1921 1142 1994; x_wconf 84' lang='grc' dir='ltr'><strong>ὡμολογημένον</strong></span> <span class='ocrx_word' id='word_1_148' title='bbox 1171 1916 1333 1983; x_wconf 77' lang='grc' dir='ltr'><strong>εἶναι.</strong></span> <span class='ocrx_word' id='word_1_149' title='bbox 1367 1922 1539 1995; x_wconf 89' lang='grc' dir='ltr'><strong>μυρία</strong></span> <span class='ocrx_word' id='word_1_150' title='bbox 1559 1922 1614 1975; x_wconf 77' lang='grc' dir='ltr'><strong>δὲ</strong></span> <span class='ocrx_word' id='word_1_151' title='bbox 1641 1922 1721 1985; x_wconf 88' lang='grc' dir='ltr'><strong>εἰς</strong></span> <span class='ocrx_word' id='word_1_152' title='bbox 1751 1920 1842 1974; x_wconf 82' lang='grc' dir='ltr'><strong>τὸν</strong></span> 
     </span>
    </p>
   </div>
   <div class='ocr_carea' id='block_1_20' title="bbox 159 2007 1840 2087">
    <p class='ocr_par' dir='ltr' id='par_1_20' title="bbox 159 2007 1840 2087">
     <span class='ocr_line' id='line_1_20' title="bbox 159 2007 1840 2087; baseline -0.006 -17"><span class='ocrx_word' id='word_1_153' title='bbox 159 2015 281 2087; x_wconf 79' lang='grc' dir='ltr'><strong>βίον</strong></span> <span class='ocrx_word' id='word_1_154' title='bbox 311 2013 526 2082; x_wconf 79' lang='grc' dir='ltr'><strong>εἰσάγει</strong></span> <span class='ocrx_word' id='word_1_155' title='bbox 555 2010 723 2066; x_wconf 84' lang='grc' dir='ltr'><strong>κακά.</strong></span> <span class='ocrx_word' id='word_1_156' title='bbox 760 2011 871 2064; x_wconf 84' lang='lat' dir='ltr'><strong><em>Kal</em></strong></span> <span class='ocrx_word' id='word_1_157' title='bbox 900 2008 1010 2079; x_wconf 88' lang='grc' dir='ltr'><strong>γάρ</strong></span> <span class='ocrx_word' id='word_1_158' title='bbox 1039 2011 1073 2079; x_wconf 81' lang='grc' dir='ltr'><strong>ἡ</strong></span> <span class='ocrx_word' id='word_1_159' title='bbox 1097 2010 1155 2062; x_wconf 86' lang='grc' dir='ltr'><strong>ἐν</strong></span> <span class='ocrx_word' id='word_1_160' title='bbox 1177 2011 1289 2072; x_wconf 89' lang='grc' dir='ltr'><strong>τοῖς</strong></span> <span class='ocrx_word' id='word_1_161' title='bbox 1316 2008 1564 2081; x_wconf 85' lang='grc' dir='ltr'><strong>θεάτροις</strong></span> <span class='ocrx_word' id='word_1_162' title='bbox 1589 2007 1840 2079; x_wconf 80' lang='grc' dir='ltr'><strong>διατριϐὴ</strong></span> 
     </span>
    </p>
   </div>
   <div class='ocr_carea' id='block_1_21' title="bbox 159 2094 1843 2176">
    <p class='ocr_par' dir='ltr' id='par_1_21' title="bbox 159 2094 1843 2176">
     <span class='ocr_line' id='line_1_21' title="bbox 159 2094 1843 2176; baseline -0.005 -19"><span class='ocrx_word' id='word_1_163' title='bbox 159 2102 449 2176; x_wconf 75' lang='grc' dir='ltr'><strong>πορνείαν,</strong></span> <span class='ocrx_word' id='word_1_164' title='bbox 480 2097 795 2163; x_wconf 84' lang='grc' dir='ltr'><strong>ἀκολασίαν,</strong></span> <span class='ocrx_word' id='word_1_165' title='bbox 821 2097 916 2151; x_wconf 84' lang='lat' dir='ltr'><strong><em>zeal</em></strong></span> <span class='ocrx_word' id='word_1_166' title='bbox 940 2098 1120 2151; x_wconf 83' lang='grc' dir='ltr'><strong>πᾶσαν</strong></span> <span class='ocrx_word' id='word_1_167' title='bbox 1152 2096 1441 2165; x_wconf 78' lang='grc' dir='ltr'><strong>ἀσέλγειαν</strong></span> <span class='ocrx_word' id='word_1_168' title='bbox 1473 2094 1498 2131; x_wconf 68' lang='grc' dir='ltr'><strong>ι)</strong></span> <span class='ocrx_word' id='word_1_169' title='bbox 1537 2095 1714 2160; x_wconf 78' lang='grc' dir='ltr'><strong>ἔτεκε,</strong></span> <span class='ocrx_word' id='word_1_170' title='bbox 1747 2096 1843 2150; x_wconf 88' lang='lat' dir='ltr'><strong><em>zeal</em></strong></span> 
     </span>
    </p>
   </div>
   <div class='ocr_carea' id='block_1_22' title="bbox 158 2182 1841 2262">
    <p class='ocr_par' dir='ltr' id='par_1_22' title="bbox 158 2182 1841 2262">
     <span class='ocr_line' id='line_1_22' title="bbox 158 2182 1841 2262; baseline -0.005 -17"><span class='ocrx_word' id='word_1_171' title='bbox 158 2193 195 2262; x_wconf 80' lang='grc' dir='ltr'><strong>ἡ</strong></span> <span class='ocrx_word' id='word_1_172' title='bbox 230 2191 339 2260; x_wconf 79' lang='grc' dir='ltr'><strong>τῆς</strong></span> <span class='ocrx_word' id='word_1_173' title='bbox 372 2187 606 2260; x_wconf 80' lang='grc' dir='ltr'><strong>ἁμίλλης</strong></span> <span class='ocrx_word' id='word_1_174' title='bbox 633 2184 742 2239; x_wconf 85' lang='grc' dir='ltr'><strong>τῶν</strong></span> <span class='ocrx_word' id='word_1_175' title='bbox 791 2184 976 2239; x_wconf 81' lang='grc' dir='ltr'><strong>ἵππων</strong></span> <span class='ocrx_word' id='word_1_176' title='bbox 1026 2182 1232 2255; x_wconf 85' lang='grc' dir='ltr'><strong>θεωρία</strong></span> <span class='ocrx_word' id='word_1_177' title='bbox 1289 2185 1490 2255; x_wconf 81' lang='grc' dir='ltr'><strong>μάχας,</strong></span> <span class='ocrx_word' id='word_1_178' title='bbox 1546 2184 1841 2256; x_wconf 83' lang='grc' dir='ltr'><strong>λοιδορίας,</strong></span> 
     </span>
    </p>
   </div>
   <div class='ocr_carea' id='block_1_23' title="bbox 159 2270 1841 2349">
    <p class='ocr_par' dir='ltr' id='par_1_23' title="bbox 159 2270 1841 2349">
     <span class='ocr_line' id='line_1_23' title="bbox 159 2270 1841 2349; baseline -0.002 -18"><span class='ocrx_word' id='word_1_179' title='bbox 159 2278 406 2349; x_wconf 83' lang='grc' dir='ltr'><strong>πληγάς,</strong></span> <span class='ocrx_word' id='word_1_180' title='bbox 442 2274 650 2347; x_wconf 85' lang='grc' dir='ltr'><strong>ῦϐρεις,</strong></span> <span class='ocrx_word' id='word_1_181' title='bbox 700 2270 999 2344; x_wconf 85' lang='grc' dir='ltr'><strong>ἀπεχθείας</strong></span> <span class='ocrx_word' id='word_1_182' title='bbox 1051 2272 1323 2344; x_wconf 85' lang='grc' dir='ltr'><strong>διηνεκεῖς</strong></span> <span class='ocrx_word' id='word_1_183' title='bbox 1380 2275 1647 2346; x_wconf 86' lang='grc' dir='ltr'><strong>ἐπήγαγε·</strong></span> <span class='ocrx_word' id='word_1_184' title='bbox 1684 2274 1841 2346; x_wconf 76' lang='grc' dir='ltr'><strong>καὶὴ</strong></span> 
     </span>
    </p>
   </div>
   <div class='ocr_carea' id='block_1_24' title="bbox 160 2358 1841 2438">
    <p class='ocr_par' dir='ltr' id='par_1_24' title="bbox 160 2358 1841 2438">
     <span class='ocr_line' id='line_1_24' title="bbox 160 2358 1841 2438; baseline -0.012 -18"><span class='ocrx_word' id='word_1_185' title='bbox 160 2366 295 2438; x_wconf 67' lang='grc' dir='ltr'><strong>περὶ</strong></span> <span class='ocrx_word' id='word_1_186' title='bbox 320 2363 386 2418; x_wconf 83' lang='grc' dir='ltr'><strong>τὸ</strong></span> <span class='ocrx_word' id='word_1_187' title='bbox 413 2361 663 2418; x_wconf 88' lang='grc' dir='ltr'><strong>κυϐεύειν</strong></span> <span class='ocrx_word' id='word_1_188' title='bbox 694 2360 899 2432; x_wconf 78' lang='grc' dir='ltr'><strong>σπουδὴ</strong></span> <span class='ocrx_word' id='word_1_189' title='bbox 950 2358 1333 2432; x_wconf 79' lang='grc' dir='ltr'><strong>βλασφημίας,</strong></span> <span class='ocrx_word' id='word_1_190' title='bbox 1369 2361 1599 2433; x_wconf 60' lang='grc' dir='ltr'><strong>ζημίας,</strong></span> <span class='ocrx_word' id='word_1_191' title='bbox 1648 2362 1841 2436; x_wconf 60' lang='grc' dir='ltr'><strong>ὀργὰς⁹</strong></span> 
     </span>
    </p>
   </div>
   <div class='ocr_carea' id='block_1_25' title="bbox 159 2448 1845 2526">
    <p class='ocr_par' dir='ltr' id='par_1_25' title="bbox 159 2448 1845 2526">
     <span class='ocr_line' id='line_1_25' title="bbox 159 2448 1845 2526; baseline -0.002 -17"><span class='ocrx_word' id='word_1_192' title='bbox 159 2454 458 2526; x_wconf 83' lang='grc' dir='ltr'><strong>λοιδορίας,</strong></span> <span class='ocrx_word' id='word_1_193' title='bbox 480 2451 576 2505; x_wconf 97' lang='lat' dir='ltr'><strong><em>zeal</em></strong></span> <span class='ocrx_word' id='word_1_194' title='bbox 622 2449 796 2521; x_wconf 88' lang='grc' dir='ltr'><strong>μυρία</strong></span> <span class='ocrx_word' id='word_1_195' title='bbox 832 2448 999 2520; x_wconf 81' lang='grc' dir='ltr'><strong>ἐτερα</strong></span> <span class='ocrx_word' id='word_1_196' title='bbox 1028 2448 1234 2503; x_wconf 89' lang='grc' dir='ltr'><strong>τούτων</strong></span> <span class='ocrx_word' id='word_1_197' title='bbox 1264 2448 1544 2521; x_wconf 81' lang='grc' dir='ltr'><strong>δεινότερα</strong></span> <span class='ocrx_word' id='word_1_198' title='bbox 1582 2449 1845 2516; x_wconf 85' lang='grc' dir='ltr'><strong>πολλάκις</strong></span> 
     </span>
    </p>
   </div>
   <div class='ocr_carea' id='block_1_26' title="bbox 162 2535 1839 2614">
    <p class='ocr_par' dir='ltr' id='par_1_26' title="bbox 162 2535 1839 2614">
     <span class='ocr_line' id='line_1_26' title="bbox 162 2535 1839 2614; baseline -0.002 -19"><span class='ocrx_word' id='word_1_199' title='bbox 162 2542 484 2614; x_wconf 76' lang='grc' dir='ltr'><strong>εἰργάσατο.</strong></span> <span class='ocrx_word' id='word_1_200' title='bbox 509 2537 601 2607; x_wconf 83' lang='grc' dir='ltr'><strong>Μὴ</strong></span> <span class='ocrx_word' id='word_1_201' title='bbox 626 2535 806 2589; x_wconf 89' lang='grc' dir='ltr'><strong>τοίνυν</strong></span> <span class='ocrx_word' id='word_1_202' title='bbox 828 2535 899 2590; x_wconf 81' lang='grc' dir='ltr'><strong>τὰ</strong></span> <span class='ocrx_word' id='word_1_203' title='bbox 933 2536 1309 2608; x_wconf 80' lang='grc' dir='ltr'><strong>ἁμαρτήματα</strong></span> <span class='ocrx_word' id='word_1_204' title='bbox 1338 2537 1631 2607; x_wconf 82' lang='grc' dir='ltr'><strong>φεύγωμεν</strong></span> <span class='ocrx_word' id='word_1_205' title='bbox 1659 2537 1839 2607; x_wconf 89' lang='grc' dir='ltr'><strong>μόνον,</strong></span> 
     </span>
    </p>
   </div>
   <div class='ocr_carea' id='block_1_27' title="bbox 159 2618 1845 2697">
    <p class='ocr_par' dir='ltr' id='par_1_27' title="bbox 159 2618 1845 2697">
     <span class='ocr_line' id='line_1_27' title="bbox 159 2618 1845 2697; baseline -0.002 -13"><span class='ocrx_word' id='word_1_206' title='bbox 159 2628 303 2684; x_wconf 77' lang='grc' dir='ltr'><strong>ἀλλὰ</strong></span> <span class='ocrx_word' id='word_1_207' title='bbox 336 2625 434 2681; x_wconf 75' lang='grc' dir='ltr'><strong>καὶ</strong></span> <span class='ocrx_word' id='word_1_208' title='bbox 454 2624 523 2679; x_wconf 81' lang='grc' dir='ltr'><strong>τά</strong></span> <span class='ocrx_word' id='word_1_209' title='bbox 546 2622 805 2678; x_wconf 87' lang='grc' dir='ltr'><strong>δοκοῦντα</strong></span> <span class='ocrx_word' id='word_1_210' title='bbox 835 2622 937 2693; x_wconf 81' lang='grc' dir='ltr'><strong>μὲν</strong></span> <span class='ocrx_word' id='word_1_211' title='bbox 989 2622 1260 2695; x_wconf 82' lang='grc' dir='ltr'><strong>ἀδιάφορα</strong></span> <span class='ocrx_word' id='word_1_212' title='bbox 1287 2618 1444 2688; x_wconf 76' lang='grc' dir='ltr'><strong>εἶναι,</strong></span> <span class='ocrx_word' id='word_1_213' title='bbox 1474 2623 1616 2678; x_wconf 89' lang='grc' dir='ltr'><strong>κατὰ</strong></span> <span class='ocrx_word' id='word_1_214' title='bbox 1651 2626 1845 2697; x_wconf 85' lang='grc' dir='ltr'><strong>μικρὸν</strong></span> 
     </span>
    </p>
   </div>
   <div class='ocr_carea' id='block_1_28' title="bbox 159 2711 1844 2788">
    <p class='ocr_par' dir='ltr' id='par_1_28' title="bbox 159 2711 1844 2788">
     <span class='ocr_line' id='line_1_28' title="bbox 159 2711 1844 2788; baseline -0.001 -17"><span class='ocrx_word' id='word_1_215' title='bbox 159 2716 221 2771; x_wconf 69' lang='grc' dir='ltr'><strong>δὲ</strong></span> <span class='ocrx_word' id='word_1_216' title='bbox 245 2717 404 2787; x_wconf 78' lang='grc' dir='ltr'><strong>ἡμᾶς</strong></span> <span class='ocrx_word' id='word_1_217' title='bbox 451 2714 532 2776; x_wconf 88' lang='grc' dir='ltr'><strong>εἰς</strong></span> <span class='ocrx_word' id='word_1_218' title='bbox 556 2711 657 2777; x_wconf 81' lang='grc' dir='ltr'><strong>τὰς</strong></span> <span class='ocrx_word' id='word_1_219' title='bbox 684 2711 1065 2783; x_wconf 82' lang='grc' dir='ltr'><strong>πλημμελείας</strong></span> <span class='ocrx_word' id='word_1_220' title='bbox 1099 2711 1300 2781; x_wconf 79' lang='grc' dir='ltr'><strong>ἄγοντα</strong></span> <span class='ocrx_word' id='word_1_221' title='bbox 1327 2712 1550 2777; x_wconf 82' lang='grc' dir='ltr'><strong>ταύτας.</strong></span> <span class='ocrx_word' id='word_1_222' title='bbox 1587 2713 1698 2769; x_wconf 83' lang='lat' dir='ltr'><strong>Kal</strong></span> <span class='ocrx_word' id='word_1_223' title='bbox 1736 2714 1844 2788; x_wconf 87' lang='grc' dir='ltr'><strong>γὰρ</strong></span> 
     </span>
    </p>
   </div>
   <div class='ocr_carea' id='block_1_29' title="bbox 159 2798 1843 2875">
    <p class='ocr_par' dir='ltr' id='par_1_29' title="bbox 159 2798 1843 2875">
     <span class='ocr_line' id='line_1_29' title="bbox 159 2798 1843 2875; baseline 0.001 -20"><span class='ocrx_word' id='word_1_224' title='bbox 159 2805 189 2855; x_wconf 90' lang='lat'><strong>6</strong></span> <span class='ocrx_word' id='word_1_225' title='bbox 215 2800 379 2874; x_wconf 84' lang='grc' dir='ltr'><strong>παρά</strong></span> <span class='ocrx_word' id='word_1_226' title='bbox 425 2798 670 2874; x_wconf 72' lang='grc' dir='ltr'><strong>κρημνὸν</strong></span> <span class='ocrx_word' id='word_1_227' title='bbox 698 2798 951 2870; x_wconf 81' lang='grc' dir='ltr'><strong>βαδίζων,</strong></span> <span class='ocrx_word' id='word_1_228' title='bbox 989 2798 1097 2853; x_wconf 82' lang='grc' dir='ltr'><strong>κᾶν</strong></span> <span class='ocrx_word' id='word_1_229' title='bbox 1144 2798 1219 2872; x_wconf 82' lang='grc' dir='ltr'><strong>μὴ</strong></span> <span class='ocrx_word' id='word_1_230' title='bbox 1259 2800 1569 2873; x_wconf 83' lang='grc' dir='ltr'><strong>καταπέσῃ.</strong></span> <span class='ocrx_word' id='word_1_231' title='bbox 1626 2802 1843 2875; x_wconf 82' lang='grc' dir='ltr'><strong>τρέμει,</strong></span> 
     </span>
    </p>
   </div>
   <div class='ocr_carea' id='block_1_30' title="bbox 161 2887 1848 2963">
    <p class='ocr_par' dir='ltr' id='par_1_30' title="bbox 161 2887 1848 2963">
     <span class='ocr_line' id='line_1_30' title="bbox 161 2887 1848 2963; baseline 0.002 -17"><span class='ocrx_word' id='word_1_232' title='bbox 161 2895 262 2946; x_wconf 73' lang='grc' dir='ltr'><strong>καὶ</strong></span> <span class='ocrx_word' id='word_1_233' title='bbox 302 2889 568 2953; x_wconf 78' lang='grc' dir='ltr'><strong>πολλάκις</strong></span> <span class='ocrx_word' id='word_1_234' title='bbox 605 2888 700 2943; x_wconf 78' lang='grc' dir='ltr'><strong>ὑπ’</strong></span> <span class='ocrx_word' id='word_1_235' title='bbox 729 2887 894 2943; x_wconf 74' lang='grc' dir='ltr'><strong>αὑτοῦ</strong></span> <span class='ocrx_word' id='word_1_236' title='bbox 931 2887 1025 2943; x_wconf 89' lang='grc' dir='ltr'><strong>τοῦ</strong></span> <span class='ocrx_word' id='word_1_237' title='bbox 1070 2889 1274 2961; x_wconf 87' lang='grc' dir='ltr'><strong>τρόμου</strong></span> <span class='ocrx_word' id='word_1_238' title='bbox 1324 2894 1687 2963; x_wconf 80' lang='grc' dir='ltr'><strong>περιτραπεὶς</strong></span> <span class='ocrx_word' id='word_1_239' title='bbox 1715 2912 1848 2950; x_wconf 82' lang='grc' dir='ltr'><strong>κατ-</strong></span> 
     </span>
    </p>
   </div>
   <div class='ocr_carea' id='block_1_31' title="bbox 158 2976 1844 3054">
    <p class='ocr_par' dir='ltr' id='par_1_31' title="bbox 158 2976 1844 3054">
     <span class='ocr_line' id='line_1_31' title="bbox 158 2976 1844 3054; baseline 0.001 -18"><span class='ocrx_word' id='word_1_240' title='bbox 158 2982 389 3036; x_wconf 73' lang='grc' dir='ltr'><strong>έπεσεν*</strong></span> <span class='ocrx_word' id='word_1_241' title='bbox 421 2978 565 3033; x_wconf 75' lang='grc' dir='ltr'><strong>οὕτω</strong></span> <span class='ocrx_word' id='word_1_242' title='bbox 593 2977 688 3032; x_wconf 86' lang='lat' dir='ltr'><strong><em>zeal</em></strong></span> <span class='ocrx_word' id='word_1_243' title='bbox 713 2979 742 3031; x_wconf 96' lang='lat'><strong>6</strong></span> <span class='ocrx_word' id='word_1_244' title='bbox 769 2976 843 3049; x_wconf 81' lang='grc' dir='ltr'><strong>μὴ</strong></span> <span class='ocrx_word' id='word_1_245' title='bbox 873 2976 1157 3049; x_wconf 77' lang='grc' dir='ltr'><strong>πόρρωθεν</strong></span> <span class='ocrx_word' id='word_1_246' title='bbox 1179 2978 1396 3048; x_wconf 80' lang='grc' dir='ltr'><strong>φεύγων</strong></span> <span class='ocrx_word' id='word_1_247' title='bbox 1419 2980 1520 3045; x_wconf 89' lang='grc' dir='ltr'><strong>τὰς</strong></span> <span class='ocrx_word' id='word_1_248' title='bbox 1549 2981 1844 3054; x_wconf 88' lang='grc' dir='ltr'><strong>ἁμαρτίας,</strong></span> 
     </span>
    </p>
   </div>
   <div class='ocr_carea' id='block_1_32' title="bbox 159 3064 1848 3138">
    <p class='ocr_par' dir='ltr' id='par_1_32' title="bbox 159 3064 1848 3138">
     <span class='ocr_line' id='line_1_32' title="bbox 159 3064 1848 3138; baseline 0.024 -51"><span class='ocrx_word' id='word_1_249' title='bbox 159 3069 282 3124; x_wconf 66' lang='grc' dir='ltr'>ἀλλ,</span> <span class='ocrx_word' id='word_1_250' title='bbox 310 3067 483 3136; x_wconf 55' lang='grc' dir='ltr'><strong>ἐγγὺς</strong></span> <span class='ocrx_word' id='word_1_251' title='bbox 513 3064 693 3121; x_wconf 60' lang='grc' dir='ltr'>αὐτῶν</span> <span class='ocrx_word' id='word_1_252' title='bbox 738 3064 968 3135; x_wconf 74' lang='grc' dir='ltr'><strong>βαδίζων</strong></span> <span class='ocrx_word' id='word_1_253' title='bbox 991 3102 1006 3128; x_wconf 94' lang='grc'><strong>,</strong></span> <span class='ocrx_word' id='word_1_254' title='bbox 1046 3064 1187 3136; x_wconf 85' lang='grc' dir='ltr'><strong>μετά</strong></span> <span class='ocrx_word' id='word_1_255' title='bbox 1232 3066 1399 3135; x_wconf 91' lang='grc' dir='ltr'><strong>φόϐου</strong></span> <span class='ocrx_word' id='word_1_256' title='bbox 1445 3067 1721 3138; x_wconf 84' lang='grc' dir='ltr'><strong>βιώσεται,</strong></span> <span class='ocrx_word' id='word_1_257' title='bbox 1755 3072 1848 3127; x_wconf 87' lang='lat' dir='ltr'><strong><em>zeal</em></strong></span> 
     </span>
    </p>
   </div>
   <div class='ocr_carea' id='block_1_33' title="bbox 160 3152 1848 3230">
    <p class='ocr_par' dir='ltr' id='par_1_33' title="bbox 160 3152 1848 3230">
     <span class='ocr_line' id='line_1_33' title="bbox 160 3152 1848 3230; baseline 0.002 -20"><span class='ocrx_word' id='word_1_258' title='bbox 160 3156 438 3219; x_wconf 83' lang='grc' dir='ltr'><strong>πολλάκις</strong></span> <span class='ocrx_word' id='word_1_259' title='bbox 465 3156 545 3218; x_wconf 90' lang='grc' dir='ltr'><strong>εἰς</strong></span> <span class='ocrx_word' id='word_1_260' title='bbox 586 3152 758 3216; x_wconf 80' lang='grc' dir='ltr'><strong>αὐτὰς</strong></span> <span class='ocrx_word' id='word_1_261' title='bbox 787 3154 1131 3222; x_wconf 86' lang='grc' dir='ltr'><strong>ἐμπεσεῖται.</strong></span> <span class='ocrx_word' id='word_1_262' title='bbox 1168 3154 1281 3207; x_wconf 78' lang='grc' dir='ltr'><strong>Καὶ</strong></span> <span class='ocrx_word' id='word_1_263' title='bbox 1307 3153 1418 3227; x_wconf 88' lang='grc' dir='ltr'><strong>γὰρ</strong></span> <span class='ocrx_word' id='word_1_264' title='bbox 1437 3158 1466 3209; x_wconf 91' lang='lat'><strong>6</strong></span> <span class='ocrx_word' id='word_1_265' title='bbox 1489 3156 1559 3210; x_wconf 89' lang='grc' dir='ltr'><strong>τά</strong></span> <span class='ocrx_word' id='word_1_266' title='bbox 1591 3158 1848 3230; x_wconf 85' lang='grc' dir='ltr'><strong>ἀλλότρια</strong></span> 
     </span>
    </p>
   </div>
   <div class='ocr_carea' id='block_1_34' title="bbox 162 3239 1849 3321">
    <p class='ocr_par' dir='ltr' id='par_1_34' title="bbox 162 3239 1849 3321">
     <span class='ocr_line' id='line_1_34' title="bbox 162 3239 1849 3321; baseline 0.002 -24"><span class='ocrx_word' id='word_1_267' title='bbox 162 3242 673 3315; x_wconf 76' lang='grc' dir='ltr'><strong>περιεργαζόμενος</strong></span> <span class='ocrx_word' id='word_1_268' title='bbox 707 3239 900 3310; x_wconf 87' lang='grc' dir='ltr'><strong>κάλλη,</strong></span> <span class='ocrx_word' id='word_1_269' title='bbox 938 3240 1148 3321; x_wconf 17' lang='grc' dir='ltr'><strong>κάνιμὴ</strong></span> <span class='ocrx_word' id='word_1_270' title='bbox 1179 3242 1460 3315; x_wconf 79' lang='grc' dir='ltr'><strong>μοιχεύσῃ,</strong></span> <span class='ocrx_word' id='word_1_271' title='bbox 1489 3244 1627 3309; x_wconf 89' lang='grc' dir='ltr'><strong>τέως</strong></span> <span class='ocrx_word' id='word_1_272' title='bbox 1652 3247 1849 3301; x_wconf 85' lang='grc' dir='ltr'><strong>ἐπεθύ-</strong></span> 
     </span>
    </p>
   </div>
   <div class='ocr_carea' id='block_1_35' title="bbox 164 3326 1851 3406">
    <p class='ocr_par' dir='ltr' id='par_1_35' title="bbox 164 3326 1851 3406">
     <span class='ocr_line' id='line_1_35' title="bbox 164 3326 1851 3406; baseline 0.002 -22"><span class='ocrx_word' id='word_1_273' title='bbox 164 3348 340 3403; x_wconf 83' lang='grc' dir='ltr'><strong>μησε,</strong></span> <span class='ocrx_word' id='word_1_274' title='bbox 373 3330 469 3382; x_wconf 88' lang='lat' dir='ltr'><strong><em>zeal</em></strong></span> <span class='ocrx_word' id='word_1_275' title='bbox 489 3329 680 3397; x_wconf 88' lang='grc' dir='ltr'><strong>γέγονε</strong></span> <span class='ocrx_word' id='word_1_276' title='bbox 710 3327 854 3381; x_wconf 86' lang='grc' dir='ltr'><strong>κατὰ</strong></span> <span class='ocrx_word' id='word_1_277' title='bbox 884 3326 980 3398; x_wconf 81' lang='grc' dir='ltr'><strong>τὴν</strong></span> <span class='ocrx_word' id='word_1_278' title='bbox 1010 3327 1286 3397; x_wconf 86' lang='grc' dir='ltr'><strong>ἀπόφασιν</strong></span> <span class='ocrx_word' id='word_1_279' title='bbox 1334 3331 1428 3384; x_wconf 90' lang='grc' dir='ltr'><strong>τοῦ</strong></span> <span class='ocrx_word' id='word_1_280' title='bbox 1464 3332 1701 3404; x_wconf 80' lang='grc' dir='ltr'><strong>Χριστοῦ</strong></span> <span class='ocrx_word' id='word_1_281' title='bbox 1730 3352 1851 3406; x_wconf 75' lang='grc' dir='ltr'><strong>μοι·</strong></span> 
     </span>
    </p>
   </div>
   <div class='ocr_carea' id='block_1_36' title="bbox 161 3415 1850 3496">
    <p class='ocr_par' dir='ltr' id='par_1_36' title="bbox 161 3415 1850 3496">
     <span class='ocr_line' id='line_1_36' title="bbox 161 3415 1850 3496; baseline 0.007 -31"><span class='ocrx_word' id='word_1_282' title='bbox 161 3420 283 3491; x_wconf 80' lang='grc' dir='ltr'><strong>χός·</strong></span> <span class='ocrx_word' id='word_1_283' title='bbox 318 3416 584 3481; x_wconf 87' lang='grc' dir='ltr'><strong>πολλάκις</strong></span> <span class='ocrx_word' id='word_1_284' title='bbox 610 3416 667 3470; x_wconf 75' lang='grc' dir='ltr'><strong>δέ</strong></span> <span class='ocrx_word' id='word_1_285' title='bbox 704 3415 795 3470; x_wconf 84' lang='grc' dir='ltr'><strong>ὑπ’</strong></span> <span class='ocrx_word' id='word_1_286' title='bbox 827 3416 999 3487; x_wconf 83' lang='grc' dir='ltr'><strong>αὐτῆς</strong></span> <span class='ocrx_word' id='word_1_287' title='bbox 1026 3416 1128 3486; x_wconf 84' lang='grc' dir='ltr'><strong>τῆς</strong></span> <span class='ocrx_word' id='word_1_288' title='bbox 1179 3416 1475 3489; x_wconf 73' lang='grc' dir='ltr'><strong>ἐπιθυμίας</strong></span> <span class='ocrx_word' id='word_1_289' title='bbox 1503 3421 1597 3474; x_wconf 86' lang='lat' dir='ltr'><strong><em>zeal</em></strong></span> <span class='ocrx_word' id='word_1_290' title='bbox 1622 3424 1703 3487; x_wconf 81' lang='grc' dir='ltr'><strong>εἰς</strong></span> <span class='ocrx_word' id='word_1_291' title='bbox 1751 3423 1850 3496; x_wconf 80' lang='grc' dir='ltr'><strong>τὴν</strong></span> 
     </span>
    </p>
   </div>
   <div class='ocr_carea' id='block_1_37' title="bbox 161 3502 1852 3580">
    <p class='ocr_par' dir='ltr' id='par_1_37' title="bbox 161 3502 1852 3580">
     <span class='ocr_line' id='line_1_37' title="bbox 161 3502 1852 3580; baseline -0.004 -20"><span class='ocrx_word' id='word_1_292' title='bbox 161 3506 257 3560; x_wconf 71' lang='grc' dir='ltr'><strong>διὰ</strong></span> <span class='ocrx_word' id='word_1_293' title='bbox 288 3506 395 3576; x_wconf 80' lang='grc' dir='ltr'><strong>τῆς</strong></span> <span class='ocrx_word' id='word_1_294' title='bbox 427 3504 623 3575; x_wconf 87' lang='grc' dir='ltr'><strong>πείρας</strong></span> <span class='ocrx_word' id='word_1_295' title='bbox 665 3502 940 3574; x_wconf 81' lang='grc' dir='ltr'><strong>ἁμαρτίαν</strong></span> <span class='ocrx_word' id='word_1_296' title='bbox 989 3504 1380 3577; x_wconf 86' lang='grc' dir='ltr'><strong>καταφέρεται.</strong></span> <span class='ocrx_word' id='word_1_297' title='bbox 1429 3507 1720 3580; x_wconf 74' lang='grc' dir='ltr'><strong>Πόρρωθεν</strong></span> <span class='ocrx_word' id='word_1_298' title='bbox 1742 3511 1852 3565; x_wconf 78' lang='grc' dir='ltr'><strong>τοι.</strong></span> 
     </span>
    </p>
   </div>
   <div class='ocr_carea' id='block_1_38' title="bbox 162 3591 1850 3666">
    <p class='ocr_par' dir='ltr' id='par_1_38' title="bbox 162 3591 1850 3666">
     <span class='ocr_line' id='line_1_38' title="bbox 162 3591 1850 3666; baseline 0.003 -17"><span class='ocrx_word' id='word_1_299' title='bbox 162 3611 266 3649; x_wconf 72' lang='grc' dir='ltr'><strong>νυν</strong></span> <span class='ocrx_word' id='word_1_300' title='bbox 294 3595 527 3656; x_wconf 78' lang='grc' dir='ltr'><strong>ἑαυτοὺς</strong></span> <span class='ocrx_word' id='word_1_301' title='bbox 583 3592 991 3663; x_wconf 82' lang='grc' dir='ltr'><strong>ἁναστείλωμεν</strong></span> <span class='ocrx_word' id='word_1_302' title='bbox 1029 3591 1139 3646; x_wconf 85' lang='grc' dir='ltr'><strong>τῶν</strong></span> <span class='ocrx_word' id='word_1_303' title='bbox 1168 3594 1607 3666; x_wconf 85' lang='grc' dir='ltr'><strong>ἁμαρτημάτων.</strong></span> <span class='ocrx_word' id='word_1_304' title='bbox 1662 3598 1850 3654; x_wconf 87' lang='grc' dir='ltr'><strong>Βούλει</strong></span> 
     </span>
    </p>
   </div>
   <div class='ocr_carea' id='block_1_39' title="bbox 166 3678 1851 3751">
    <p class='ocr_par' dir='ltr' id='par_1_39' title="bbox 166 3678 1851 3751">
     <span class='ocr_line' id='line_1_39' title="bbox 166 3678 1851 3751; baseline 0.007 -22"><span class='ocrx_word' id='word_1_305' title='bbox 166 3681 503 3751; x_wconf 71' lang='grc' dir='ltr'><strong>σωφρονεῖν;</strong></span> <span class='ocrx_word' id='word_1_306' title='bbox 542 3678 617 3750; x_wconf 80' lang='grc' dir='ltr'><strong>μὴ</strong></span> <span class='ocrx_word' id='word_1_307' title='bbox 650 3679 829 3749; x_wconf 81' lang='grc' dir='ltr'><strong>φύγῃς</strong></span> <span class='ocrx_word' id='word_1_308' title='bbox 860 3679 1104 3749; x_wconf 88' lang='grc' dir='ltr'><strong>μοιχείαν</strong></span> <span class='ocrx_word' id='word_1_309' title='bbox 1146 3679 1326 3750; x_wconf 92' lang='grc' dir='ltr'><strong>μόνον,</strong></span> <span class='ocrx_word' id='word_1_310' title='bbox 1362 3681 1499 3735; x_wconf 85' lang='grc' dir='ltr'><strong>ἀλλά</strong></span> <span class='ocrx_word' id='word_1_311' title='bbox 1528 3683 1621 3737; x_wconf 80' lang='grc' dir='ltr'><strong>καὶ</strong></span> <span class='ocrx_word' id='word_1_312' title='bbox 1649 3684 1851 3740; x_wconf 86' lang='grc' dir='ltr'><strong>ἀκόλα-</strong></span> 
     </span>
    </p>
   </div>
   <div class='ocr_carea' id='block_1_40' title="bbox 164 3764 1852 3846">
    <p class='ocr_par' dir='ltr' id='par_1_40' title="bbox 164 3764 1852 3846">
     <span class='ocr_line' id='line_1_40' title="bbox 164 3764 1852 3846; baseline -0.003 -24"><span class='ocrx_word' id='word_1_313' title='bbox 164 3785 298 3821; x_wconf 88' lang='grc' dir='ltr'><strong>στον</strong></span> <span class='ocrx_word' id='word_1_314' title='bbox 326 3766 475 3837; x_wconf 72' lang='grc' dir='ltr'><strong>ὄψιν.</strong></span> <span class='ocrx_word' id='word_1_315' title='bbox 507 3765 698 3819; x_wconf 82' lang='grc' dir='ltr'><strong>Βούλει</strong></span> <span class='ocrx_word' id='word_1_316' title='bbox 733 3766 992 3837; x_wconf 77' lang='grc' dir='ltr'><strong>ῥημάτων</strong></span> <span class='ocrx_word' id='word_1_317' title='bbox 1024 3768 1266 3838; x_wconf 78' lang='grc' dir='ltr'><strong>αἰσχρῶν</strong></span> <span class='ocrx_word' id='word_1_318' title='bbox 1292 3764 1432 3822; x_wconf 75' lang='grc' dir='ltr'><strong>εἶναι</strong></span> <span class='ocrx_word' id='word_1_319' title='bbox 1465 3771 1718 3843; x_wconf 77' lang='grc' dir='ltr'><strong>μακράν;</strong></span> <span class='ocrx_word' id='word_1_320' title='bbox 1776 3774 1852 3846; x_wconf 75' lang='grc' dir='ltr'><strong>μὴ</strong></span> 
     </span>
    </p>
   </div>
   <div class='ocr_carea' id='block_1_41' title="bbox 163 3853 1854 3930">
    <p class='ocr_par' dir='ltr' id='par_1_41' title="bbox 163 3853 1854 3930">
     <span class='ocr_line' id='line_1_41' title="bbox 163 3853 1854 3930; baseline 0.004 -21"><span class='ocrx_word' id='word_1_321' title='bbox 163 3855 236 3910; x_wconf 76' lang='grc' dir='ltr'><strong>τά</strong></span> <span class='ocrx_word' id='word_1_322' title='bbox 265 3854 475 3926; x_wconf 88' lang='grc' dir='ltr'><strong>αἰσχρά</strong></span> <span class='ocrx_word' id='word_1_323' title='bbox 503 3855 722 3925; x_wconf 76' lang='grc' dir='ltr'><strong>ῥήματα</strong></span> <span class='ocrx_word' id='word_1_324' title='bbox 755 3853 933 3930; x_wconf 75' lang='grc' dir='ltr'><strong>φύγῃς</strong></span> <span class='ocrx_word' id='word_1_325' title='bbox 962 3856 1139 3927; x_wconf 83' lang='grc' dir='ltr'><strong>μόνον,</strong></span> <span class='ocrx_word' id='word_1_326' title='bbox 1180 3856 1318 3911; x_wconf 86' lang='grc' dir='ltr'><strong>ἀλλὰ</strong></span> <span class='ocrx_word' id='word_1_327' title='bbox 1350 3858 1446 3912; x_wconf 88' lang='lat' dir='ltr'><strong><em>zeal</em></strong></span> <span class='ocrx_word' id='word_1_328' title='bbox 1478 3860 1688 3928; x_wconf 89' lang='grc' dir='ltr'><strong>γέλωτα</strong></span> <span class='ocrx_word' id='word_1_329' title='bbox 1723 3861 1854 3916; x_wconf 82' lang='grc' dir='ltr'><strong>ἀτα-</strong></span> 
     </span>
    </p>
   </div>
   <div class='ocr_carea' id='block_1_42' title="bbox 164 3940 1850 4020">
    <p class='ocr_par' dir='ltr' id='par_1_42' title="bbox 164 3940 1850 4020">
     <span class='ocr_line' id='line_1_42' title="bbox 164 3940 1850 4020; baseline 0.003 -23"><span class='ocrx_word' id='word_1_330' title='bbox 164 3959 321 4007; x_wconf 85' lang='grc' dir='ltr'><strong>κτον,</strong></span> <span class='ocrx_word' id='word_1_331' title='bbox 345 3942 443 3995; x_wconf 78' lang='grc' dir='ltr'><strong>καὶ</strong></span> <span class='ocrx_word' id='word_1_332' title='bbox 461 3940 756 4012; x_wconf 73' lang='grc' dir='ltr'><strong>ἐπιθυμίαν</strong></span> <span class='ocrx_word' id='word_1_333' title='bbox 779 3940 1019 3997; x_wconf 79' lang='grc' dir='ltr'><strong>ἃπασαν.</strong></span> <span class='ocrx_word' id='word_1_334' title='bbox 1039 3943 1227 3996; x_wconf 78' lang='grc' dir='ltr'><strong>Βούλει</strong></span> <span class='ocrx_word' id='word_1_335' title='bbox 1258 3943 1435 4012; x_wconf 83' lang='grc' dir='ltr'><strong>φόνων</strong></span> <span class='ocrx_word' id='word_1_336' title='bbox 1466 3941 1604 4001; x_wconf 79' lang='grc' dir='ltr'><strong>εἶναι</strong></span> <span class='ocrx_word' id='word_1_337' title='bbox 1632 3948 1850 4020; x_wconf 79' lang='grc' dir='ltr'><strong>πόρρω;</strong></span> 
     </span>
    </p>
   </div>
   <div class='ocr_carea' id='block_1_43' title="bbox 166 4026 1853 4105">
    <p class='ocr_par' dir='ltr' id='par_1_43' title="bbox 166 4026 1853 4105">
     <span class='ocr_line' id='line_1_43' title="bbox 166 4026 1853 4105; baseline 0.002 -22"><span class='ocrx_word' id='word_1_338' title='bbox 166 4029 344 4100; x_wconf 76' lang='grc' dir='ltr'><strong>φεῦγε</strong></span> <span class='ocrx_word' id='word_1_339' title='bbox 372 4028 658 4100; x_wconf 76' lang='grc' dir='ltr'><strong>λοιδορίας.</strong></span> <span class='ocrx_word' id='word_1_340' title='bbox 687 4026 875 4082; x_wconf 88' lang='grc' dir='ltr'><strong>Βούλει</strong></span> <span class='ocrx_word' id='word_1_341' title='bbox 905 4029 1076 4101; x_wconf 86' lang='grc' dir='ltr'><strong>μέθης</strong></span> <span class='ocrx_word' id='word_1_342' title='bbox 1109 4028 1260 4102; x_wconf 76' lang='grc'><strong>1158]</strong></span> <span class='ocrx_word' id='word_1_343' title='bbox 1288 4032 1619 4101; x_wconf 80' lang='grc' dir='ltr'><strong>ἀφίστασθαι</strong></span> <span class='ocrx_word' id='word_1_344' title='bbox 1644 4051 1658 4099; x_wconf 92' lang='grc'>;</span> <span class='ocrx_word' id='word_1_345' title='bbox 1684 4036 1853 4105; x_wconf 82' lang='grc' dir='ltr'><strong>φεῦγε</strong></span> 
     </span>
    </p>
   </div>
   <div class='ocr_carea' id='block_1_44' title="bbox 164 4114 1853 4195">
    <p class='ocr_par' dir='ltr' id='par_1_44' title="bbox 164 4114 1853 4195">
     <span class='ocr_line' id='line_1_44' title="bbox 164 4114 1853 4195; baseline 0.004 -25"><span class='ocrx_word' id='word_1_346' title='bbox 164 4116 390 4191; x_wconf 84' lang='grc' dir='ltr'><strong>τρυφάς</strong></span> <span class='ocrx_word' id='word_1_347' title='bbox 416 4115 509 4169; x_wconf 86' lang='lat' dir='ltr'><strong><em>zeal</em></strong></span> <span class='ocrx_word' id='word_1_348' title='bbox 527 4114 626 4179; x_wconf 85' lang='grc' dir='ltr'><strong>τὰς</strong></span> <span class='ocrx_word' id='word_1_349' title='bbox 650 4114 963 4179; x_wconf 84' lang='grc' dir='ltr'><strong>πολυτελεῖς</strong></span> <span class='ocrx_word' id='word_1_350' title='bbox 988 4116 1292 4187; x_wconf 84' lang='grc' dir='ltr'><strong>τραπέζας,</strong></span> <span class='ocrx_word' id='word_1_351' title='bbox 1326 4121 1420 4174; x_wconf 85' lang='lat' dir='ltr'><strong><em>zeal</em></strong></span> <span class='ocrx_word' id='word_1_352' title='bbox 1442 4121 1739 4194; x_wconf 78' lang='grc' dir='ltr'><strong>πρόρριζον</strong></span> <span class='ocrx_word' id='word_1_353' title='bbox 1755 4123 1853 4195; x_wconf 81' lang='grc' dir='ltr'><strong>τὴν</strong></span> 
     </span>
    </p>
   </div>
   <div class='ocr_carea' id='block_1_45' title="bbox 164 4200 1855 4281">
    <p class='ocr_par' dir='ltr' id='par_1_45' title="bbox 164 4200 1855 4281">
     <span class='ocr_line' id='line_1_45' title="bbox 164 4200 1855 4281; baseline 0.004 -24"><span class='ocrx_word' id='word_1_354' title='bbox 164 4203 378 4257; x_wconf 83' lang='grc' dir='ltr'><strong>κακίαν</strong></span> <span class='ocrx_word' id='word_1_355' title='bbox 404 4200 735 4255; x_wconf 87' lang='grc' dir='ltr'><strong>ἀνάσπασον.</strong></span> <span class='ocrx_word' id='word_1_356' title='bbox 796 4201 1027 4272; x_wconf 77' lang='grc' dir='ltr'><strong>Μεγάλη</strong></span> <span class='ocrx_word' id='word_1_357' title='bbox 1078 4207 1245 4273; x_wconf 62' lang='grc' dir='ltr'><strong>παγίς</strong></span> <span class='ocrx_word' id='word_1_358' title='bbox 1302 4206 1556 4281; x_wconf 87' lang='grc' dir='ltr'><strong>γλώσσης</strong></span> <span class='ocrx_word' id='word_1_359' title='bbox 1590 4210 1855 4265; x_wconf 84' lang='grc' dir='ltr'><strong>ἀκολασία</strong></span> 
     </span>
    </p>
   </div>
   <div class='ocr_carea' id='block_1_46' title="bbox 164 4288 1854 4363">
    <p class='ocr_par' dir='ltr' id='par_1_46' title="bbox 164 4288 1854 4363">
     <span class='ocr_line' id='line_1_46' title="bbox 164 4288 1854 4363; baseline 0.004 -19"><span class='ocrx_word' id='word_1_360' title='bbox 164 4292 266 4344; x_wconf 88' lang='lat' dir='ltr'><strong><em>zeal</em></strong></span> <span class='ocrx_word' id='word_1_361' title='bbox 316 4288 517 4342; x_wconf 81' lang='grc' dir='ltr'><strong>πολλοῦ</strong></span> <span class='ocrx_word' id='word_1_362' title='bbox 560 4289 789 4360; x_wconf 87' lang='grc' dir='ltr'><strong>δεομένη</strong></span> <span class='ocrx_word' id='word_1_363' title='bbox 841 4288 936 4343; x_wconf 86' lang='grc' dir='ltr'><strong>τοῦ</strong></span> <span class='ocrx_word' id='word_1_364' title='bbox 994 4291 1236 4361; x_wconf 81' lang='grc' dir='ltr'><strong>χαλινοῦ.</strong></span> <span class='ocrx_word' id='word_1_365' title='bbox 1281 4293 1380 4347; x_wconf 88' lang='grc' dir='ltr'><strong>Διά</strong></span> <span class='ocrx_word' id='word_1_366' title='bbox 1439 4297 1597 4350; x_wconf 84' lang='grc' dir='ltr'><strong>τοῦτο</strong></span> <span class='ocrx_word' id='word_1_367' title='bbox 1636 4298 1730 4351; x_wconf 88' lang='grc' dir='ltr'><strong>καί</strong></span> <span class='ocrx_word' id='word_1_368' title='bbox 1772 4297 1854 4363; x_wconf 90' lang='grc' dir='ltr'><strong>τίς</strong></span> 
     </span>
    </p>
   </div>
   <div class='ocr_carea' id='block_1_47' title="bbox 167 4377 1856 4455">
    <p class='ocr_par' dir='ltr' id='par_1_47' title="bbox 167 4377 1856 4455">
     <span class='ocr_line' id='line_1_47' title="bbox 167 4377 1856 4455; baseline 0.008 -25"><span class='ocrx_word' id='word_1_369' title='bbox 167 4393 333 4448; x_wconf 86' lang='grc' dir='ltr'><strong>φησι·</strong></span> <span class='ocrx_word' id='word_1_370' title='bbox 369 4377 558 4446; x_wconf 79' lang='grc' dir='ltr'><strong>Πατὶς</strong></span> <span class='ocrx_word' id='word_1_371' title='bbox 586 4377 807 4446; x_wconf 73' lang='grc' dir='ltr'><strong>ἰσχυρὰ</strong></span> <span class='ocrx_word' id='word_1_372' title='bbox 825 4379 998 4448; x_wconf 74' lang='grc' dir='ltr'><strong>ἀνδρί</strong></span> <span class='ocrx_word' id='word_1_373' title='bbox 1018 4380 1091 4436; x_wconf 84' lang='grc' dir='ltr'><strong>τὰ</strong></span> <span class='ocrx_word' id='word_1_374' title='bbox 1117 4381 1239 4437; x_wconf 75' lang='grc' dir='ltr'><strong>ἴδια</strong></span> <span class='ocrx_word' id='word_1_375' title='bbox 1265 4384 1466 4455; x_wconf 83' lang='grc' dir='ltr'><strong>χείλη,</strong></span> <span class='ocrx_word' id='word_1_376' title='bbox 1489 4387 1586 4441; x_wconf 83' lang='grc' dir='ltr'><strong>καὶ</strong></span> <span class='ocrx_word' id='word_1_377' title='bbox 1607 4388 1856 4443; x_wconf 81' lang='grc' dir='ltr'><strong>ἁλίσκε-</strong></span> 
     </span>
    </p>
   </div>
   <div class='ocr_carea' id='block_1_48' title="bbox 163 4464 1112 4537">
    <p class='ocr_par' dir='ltr' id='par_1_48' title="bbox 163 4464 1112 4537">
     <span class='ocr_line' id='line_1_48' title="bbox 163 4464 1112 4537; baseline 0.002 -16"><span class='ocrx_word' id='word_1_378' title='bbox 163 4484 266 4521; x_wconf 75' lang='grc' dir='ltr'><strong>ται</strong></span> <span class='ocrx_word' id='word_1_379' title='bbox 290 4464 576 4535; x_wconf 76' lang='grc' dir='ltr'><strong>ῥήμασιν</strong></span> <span class='ocrx_word' id='word_1_380' title='bbox 606 4464 762 4521; x_wconf 80' lang='grc' dir='ltr'><strong>ἰδίου</strong></span> <span class='ocrx_word' id='word_1_381' title='bbox 791 4468 1112 4537; x_wconf 84' lang='grc' dir='ltr'><strong>στόματος.</strong></span> 
     </span>
    </p>
   </div>
   <div class='ocr_carea' id='block_1_49' title="bbox 236 4553 1853 4632">
    <p class='ocr_par' dir='ltr' id='par_1_49' title="bbox 236 4553 1853 4632">
     <span class='ocr_line' id='line_1_49' title="bbox 236 4553 1853 4632; baseline 0.007 -24"><span class='ocrx_word' id='word_1_382' title='bbox 236 4563 309 4609; x_wconf 90' lang='grc' dir='ltr'><strong>ε’.</strong></span> <span class='ocrx_word' id='word_1_383' title='bbox 343 4554 462 4626; x_wconf 85' lang='grc' dir='ltr'><strong>Πρὸ</strong></span> <span class='ocrx_word' id='word_1_384' title='bbox 487 4553 596 4608; x_wconf 85' lang='grc' dir='ltr'><strong>τῶν</strong></span> <span class='ocrx_word' id='word_1_385' title='bbox 642 4556 815 4610; x_wconf 82' lang='grc' dir='ltr'><strong>ἀλλων</strong></span> <span class='ocrx_word' id='word_1_386' title='bbox 839 4558 1019 4612; x_wconf 89' lang='grc' dir='ltr'><strong>τοίνυν</strong></span> <span class='ocrx_word' id='word_1_387' title='bbox 1041 4559 1297 4617; x_wconf 87' lang='grc' dir='ltr'><strong>ἁπάντων</strong></span> <span class='ocrx_word' id='word_1_388' title='bbox 1318 4561 1498 4632; x_wconf 84' lang='grc' dir='ltr'><strong>μελῶν</strong></span> <span class='ocrx_word' id='word_1_389' title='bbox 1515 4561 1719 4632; x_wconf 89' lang='grc' dir='ltr'><strong>ταύτην</strong></span> <span class='ocrx_word' id='word_1_390' title='bbox 1746 4582 1853 4619; x_wconf 85' lang='grc' dir='ltr'><strong>σω-</strong></span> 
     </span>
    </p>
   </div>
   <div class='ocr_carea' id='block_1_50' title="bbox 165 4639 1856 4724">
    <p class='ocr_par' dir='ltr' id='par_1_50' title="bbox 165 4639 1856 4724">
     <span class='ocr_line' id='line_1_50' title="bbox 165 4639 1856 4724; baseline 0.008 -31"><span class='ocrx_word' id='word_1_391' title='bbox 165 4643 547 4716; x_wconf 69' lang='grc' dir='ltr'><strong>φρονίσωμεν,</strong></span> <span class='ocrx_word' id='word_1_392' title='bbox 578 4642 780 4715; x_wconf 85' lang='grc' dir='ltr'><strong>ταύτην</strong></span> <span class='ocrx_word' id='word_1_393' title='bbox 833 4644 1257 4718; x_wconf 85' lang='grc' dir='ltr'><strong>χαλινώσωμεν,</strong></span> <span class='ocrx_word' id='word_1_394' title='bbox 1298 4649 1395 4703; x_wconf 84' lang='lat' dir='ltr'><strong><em>zeal</em></strong></span> <span class='ocrx_word' id='word_1_395' title='bbox 1432 4639 1701 4724; x_wconf 85' lang='grc' dir='ltr'><strong>λοιδορίας</strong></span> <span class='ocrx_word' id='word_1_396' title='bbox 1760 4653 1856 4707; x_wconf 88' lang='lat' dir='ltr'><strong><em>zeal</em></strong></span> 
     </span>
    </p>
   </div>
   <div class='ocr_carea' id='block_1_51' title="bbox 164 4729 1858 4809">
    <p class='ocr_par' dir='ltr' id='par_1_51' title="bbox 164 4729 1858 4809">
     <span class='ocr_line' id='line_1_51' title="bbox 164 4729 1858 4809; baseline 0.007 -25"><span class='ocrx_word' id='word_1_397' title='bbox 164 4731 373 4802; x_wconf 78' lang='grc' dir='ltr'><strong>ῦϐρεις</strong></span> <span class='ocrx_word' id='word_1_398' title='bbox 406 4729 502 4783; x_wconf 75' lang='grc' dir='ltr'><strong>καὶ</strong></span> <span class='ocrx_word' id='word_1_399' title='bbox 527 4730 909 4803; x_wconf 76' lang='grc' dir='ltr'><strong>αἰσχρολογίας</strong></span> <span class='ocrx_word' id='word_1_400' title='bbox 935 4735 1029 4787; x_wconf 76' lang='grc' dir='ltr'><strong>καὶ</strong></span> <span class='ocrx_word' id='word_1_401' title='bbox 1079 4737 1420 4809; x_wconf 84' lang='grc' dir='ltr'><strong>κακηγορίας</strong></span> <span class='ocrx_word' id='word_1_402' title='bbox 1450 4737 1560 4792; x_wconf 77' lang='grc' dir='ltr'><strong>ἀπὸ</strong></span> <span class='ocrx_word' id='word_1_403' title='bbox 1608 4738 1702 4794; x_wconf 87' lang='grc' dir='ltr'><strong>τοῦ</strong></span> <span class='ocrx_word' id='word_1_404' title='bbox 1735 4741 1858 4800; x_wconf 64' lang='lat'><em>616.-</em></span> 
     </span>
    </p>
   </div>
   <div class='ocr_carea' id='block_1_52' title="bbox 168 4816 1860 4899">
    <p class='ocr_par' dir='ltr' id='par_1_52' title="bbox 168 4816 1860 4899">
     <span class='ocr_line' id='line_1_52' title="bbox 168 4816 1860 4899; baseline 0.008 -30"><span class='ocrx_word' id='word_1_405' title='bbox 168 4832 357 4889; x_wconf 83' lang='grc' dir='ltr'><strong>ματος</strong></span> <span class='ocrx_word' id='word_1_406' title='bbox 389 4816 751 4890; x_wconf 78' lang='grc' dir='ltr'><strong>ἐξελάσωμεν,</strong></span> <span class='ocrx_word' id='word_1_407' title='bbox 786 4821 882 4874; x_wconf 76' lang='grc' dir='ltr'><strong>καὶ</strong></span> <span class='ocrx_word' id='word_1_408' title='bbox 913 4820 1014 4892; x_wconf 84' lang='grc' dir='ltr'><strong>τὴν</strong></span> <span class='ocrx_word' id='word_1_409' title='bbox 1060 4824 1307 4896; x_wconf 80' lang='grc' dir='ltr'><strong>πονηράν</strong></span> <span class='ocrx_word' id='word_1_410' title='bbox 1364 4824 1476 4879; x_wconf 85' lang='grc' dir='ltr'><strong>τῶν</strong></span> <span class='ocrx_word' id='word_1_411' title='bbox 1509 4826 1689 4899; x_wconf 84' lang='grc' dir='ltr'><strong>ὅρκων</strong></span> <span class='ocrx_word' id='word_1_412' title='bbox 1740 4845 1860 4883; x_wconf 83' lang='grc' dir='ltr'><strong>συν-</strong></span> 
     </span>
    </p>
   </div>
   <div class='ocr_carea' id='block_1_53' title="bbox 163 4903 1860 4986">
    <p class='ocr_par' dir='ltr' id='par_1_53' title="bbox 163 4903 1860 4986">
     <span class='ocr_line' id='line_1_53' title="bbox 163 4903 1860 4986; baseline 0.009 -29"><span class='ocrx_word' id='word_1_413' title='bbox 163 4905 396 4978; x_wconf 72' lang='grc' dir='ltr'><strong>ήθειαν*</strong></span> <span class='ocrx_word' id='word_1_414' title='bbox 433 4903 593 4958; x_wconf 87' lang='grc' dir='ltr'><strong>πάλιν</strong></span> <span class='ocrx_word' id='word_1_415' title='bbox 623 4905 731 4976; x_wconf 86' lang='grc' dir='ltr'><strong>γάρ</strong></span> <span class='ocrx_word' id='word_1_416' title='bbox 759 4908 907 4978; x_wconf 81' lang='grc' dir='ltr'><strong>ἡμᾶς</strong></span> <span class='ocrx_word' id='word_1_417' title='bbox 935 4909 1027 4962; x_wconf 69' lang='grc' dir='ltr'><strong>ἐπὶ</strong></span> <span class='ocrx_word' id='word_1_418' title='bbox 1056 4910 1152 4982; x_wconf 82' lang='grc' dir='ltr'><strong>τὴν</strong></span> <span class='ocrx_word' id='word_1_419' title='bbox 1173 4912 1343 4984; x_wconf 81' lang='grc' dir='ltr'><strong>αὐτὴν</strong></span> <span class='ocrx_word' id='word_1_420' title='bbox 1375 4914 1698 4986; x_wconf 90' lang='grc' dir='ltr'><strong>παραίνεσιν</strong></span> <span class='ocrx_word' id='word_1_421' title='bbox 1717 4918 1745 4971; x_wconf 85' lang='lat'><strong>6</strong></span> <span class='ocrx_word' id='word_1_422' title='bbox 1771 4916 1860 4971; x_wconf 86' lang='grc' dir='ltr'><strong>λό-</strong></span> 
     </span>
    </p>
   </div>
   <div class='ocr_carea' id='block_1_54' title="bbox 164 4992 1875 5077">
    <p class='ocr_par' dir='ltr' id='par_1_54' title="bbox 164 4992 1875 5077">
     <span class='ocr_line' id='line_1_54' title="bbox 164 4992 1875 5077; baseline 0.008 -32"><span class='ocrx_word' id='word_1_423' title='bbox 164 5010 267 5061; x_wconf 84' lang='grc' dir='ltr'><strong>γος</strong></span> <span class='ocrx_word' id='word_1_424' title='bbox 303 4993 509 5065; x_wconf 72' lang='grc' dir='ltr'><strong>ἣγαγε.</strong></span> <span class='ocrx_word' id='word_1_425' title='bbox 553 4992 745 5047; x_wconf 79' lang='grc' dir='ltr'><strong>Καίτοι</strong></span> <span class='ocrx_word' id='word_1_426' title='bbox 774 5012 840 5063; x_wconf 90' lang='grc' dir='ltr'><strong>γε</strong></span> <span class='ocrx_word' id='word_1_427' title='bbox 890 4996 1128 5067; x_wconf 80' lang='grc' dir='ltr'><strong>ἑσπέρας</strong></span> <span class='ocrx_word' id='word_1_428' title='bbox 1179 5001 1559 5074; x_wconf 82' lang='grc' dir='ltr'><strong>συνεταξάμην</strong></span> <span class='ocrx_word' id='word_1_429' title='bbox 1608 5005 1760 5074; x_wconf 83' lang='grc' dir='ltr'><strong>ὑμῶν</strong></span> <span class='ocrx_word' id='word_1_430' title='bbox 1790 5007 1875 5077; x_wconf 66' lang='grc' dir='ltr'><strong>τῇ</strong></span> 
     </span>
    </p>
   </div>
   <div class='ocr_carea' id='block_1_55' title="bbox 165 5079 1862 5163">
    <p class='ocr_par' dir='ltr' id='par_1_55' title="bbox 165 5079 1862 5163">
     <span class='ocr_line' id='line_1_55' title="bbox 165 5079 1862 5163; baseline 0.008 -31"><span class='ocrx_word' id='word_1_431' title='bbox 165 5081 396 5153; x_wconf 82' lang='grc' dir='ltr'><strong>ἀγάπῃ,</strong></span> <span class='ocrx_word' id='word_1_432' title='bbox 420 5079 495 5143; x_wconf 87' lang='grc' dir='ltr'><strong>ώς</strong></span> <span class='ocrx_word' id='word_1_433' title='bbox 525 5080 709 5136; x_wconf 80' lang='grc' dir='ltr'><strong>οὐκέτι</strong></span> <span class='ocrx_word' id='word_1_434' title='bbox 748 5084 999 5156; x_wconf 76' lang='grc' dir='ltr'><strong>περὶτῆς</strong></span> <span class='ocrx_word' id='word_1_435' title='bbox 1028 5086 1249 5159; x_wconf 76' lang='grc' dir='ltr'><strong>ἐντολῆς</strong></span> <span class='ocrx_word' id='word_1_436' title='bbox 1268 5089 1471 5162; x_wconf 86' lang='grc' dir='ltr'><strong>ταύτης</strong></span> <span class='ocrx_word' id='word_1_437' title='bbox 1505 5091 1635 5163; x_wconf 85' lang='grc' dir='ltr'><strong>ἐρῶ,</strong></span> <span class='ocrx_word' id='word_1_438' title='bbox 1664 5092 1753 5148; x_wconf 82' lang='grc' dir='ltr'><strong>διά</strong></span> <span class='ocrx_word' id='word_1_439' title='bbox 1799 5095 1862 5146; x_wconf 83' lang='grc' dir='ltr'><strong>τὸ</strong></span> 
     </span>
    </p>
   </div>
   <div class='ocr_carea' id='block_1_56' title="bbox 166 5167 1862 5254">
    <p class='ocr_par' dir='ltr' id='par_1_56' title="bbox 166 5167 1862 5254">
     <span class='ocr_line' id='line_1_56' title="bbox 166 5167 1862 5254; baseline 0.014 -41"><span class='ocrx_word' id='word_1_440' title='bbox 166 5168 364 5232; x_wconf 74' lang='grc' dir='ltr'><strong>πάσας</strong></span> <span class='ocrx_word' id='word_1_441' title='bbox 395 5167 495 5230; x_wconf 79' lang='grc' dir='ltr'><strong>τὰς</strong></span> <span class='ocrx_word' id='word_1_442' title='bbox 527 5167 834 5240; x_wconf 73' lang='grc' dir='ltr'><strong>ἔμπροσθεν</strong></span> <span class='ocrx_word' id='word_1_443' title='bbox 874 5172 1086 5245; x_wconf 82' lang='grc' dir='ltr'><strong>ἡμέρας</strong></span> <span class='ocrx_word' id='word_1_444' title='bbox 1142 5174 1457 5246; x_wconf 88' lang='grc' dir='ltr'><strong>ἀρκούντως</strong></span> <span class='ocrx_word' id='word_1_445' title='bbox 1506 5181 1637 5250; x_wconf 73' lang='grc' dir='ltr'><strong>περὶ</strong></span> <span class='ocrx_word' id='word_1_446' title='bbox 1693 5181 1862 5254; x_wconf 78' lang='grc' dir='ltr'><strong>αὐτῆς</strong></span> 
     </span>
    </p>
   </div>
   <div class='ocr_carea' id='block_1_57' title="bbox 167 5255 1861 5339">
    <p class='ocr_par' dir='ltr' id='par_1_57' title="bbox 167 5255 1861 5339">
     <span class='ocr_line' id='line_1_57' title="bbox 167 5255 1861 5339; baseline 0.008 -32"><span class='ocrx_word' id='word_1_447' title='bbox 167 5255 500 5325; x_wconf 68' lang='grc' dir='ltr'><strong>διειλέχθαι*</strong></span> <span class='ocrx_word' id='word_1_448' title='bbox 524 5256 660 5310; x_wconf 81' lang='grc' dir='ltr'><strong>ἀλλὰ</strong></span> <span class='ocrx_word' id='word_1_449' title='bbox 687 5257 742 5310; x_wconf 89' lang='grc' dir='ltr'><strong>τί</strong></span> <span class='ocrx_word' id='word_1_450' title='bbox 771 5259 961 5326; x_wconf 87' lang='grc' dir='ltr'><strong>πάθω;</strong></span> <span class='ocrx_word' id='word_1_451' title='bbox 994 5261 1138 5327; x_wconf 87' lang='grc' dir='ltr'><strong>Ἕως</strong></span> <span class='ocrx_word' id='word_1_452' title='bbox 1165 5262 1231 5316; x_wconf 82' lang='grc' dir='ltr'><strong>ἂν</strong></span> <span class='ocrx_word' id='word_1_453' title='bbox 1268 5264 1362 5318; x_wconf 80' lang='grc' dir='ltr'><strong>ἴδω</strong></span> <span class='ocrx_word' id='word_1_454' title='bbox 1386 5266 1861 5339; x_wconf 81' lang='grc' dir='ltr'><strong>κατορθώσαντας,</strong></span> 
     </span>
    </p>
   </div>
   <div class='ocr_carea' id='block_1_58' title="bbox 170 5344 1867 5422">
    <p class='ocr_par' dir='ltr' id='par_1_58' title="bbox 170 5344 1867 5422">
     <span class='ocr_line' id='line_1_58' title="bbox 170 5344 1867 5422; baseline 0.009 -27"><span class='ocrx_word' id='word_1_455' title='bbox 170 5345 230 5397; x_wconf 76' lang='grc' dir='ltr'><strong>οῦ</strong></span> <span class='ocrx_word' id='word_1_456' title='bbox 256 5344 450 5411; x_wconf 87' lang='grc' dir='ltr'><strong>στέγω</strong></span> <span class='ocrx_word' id='word_1_457' title='bbox 477 5353 500 5382; x_wconf 75' lang='grc' dir='ltr'><strong><em>ο</em></strong></span> <span class='ocrx_word' id='word_1_458' title='bbox 529 5344 628 5416; x_wconf 80' lang='grc' dir='ltr'><strong>τῆς</strong></span> <span class='ocrx_word' id='word_1_459' title='bbox 659 5346 969 5420; x_wconf 81' lang='grc' dir='ltr'><strong>συμϐουλῆς</strong></span> <span class='ocrx_word' id='word_1_460' title='bbox 996 5348 1350 5422; x_wconf 87' lang='grc' dir='ltr'><strong>ἀποσχέσθαι·</strong></span> <span class='ocrx_word' id='word_1_461' title='bbox 1384 5354 1507 5407; x_wconf 82' lang='grc' dir='ltr'><strong>ἐπεὶ</strong></span> <span class='ocrx_word' id='word_1_462' title='bbox 1540 5356 1635 5413; x_wconf 69' lang='grc' dir='ltr'><strong>καὶ</strong></span> <span class='ocrx_word' id='word_1_463' title='bbox 1652 5355 1867 5422; x_wconf 86' lang='grc' dir='ltr'><strong>Παῦλος</strong></span> 
     </span>
    </p>
   </div>
   <div class='ocr_carea' id='block_1_59' title="bbox 171 5429 1869 5512">
    <p class='ocr_par' dir='ltr' id='par_1_59' title="bbox 171 5429 1869 5512">
     <span class='ocr_line' id='line_1_59' title="bbox 171 5429 1869 5512; baseline 0.009 -30"><span class='ocrx_word' id='word_1_464' title='bbox 171 5429 454 5493; x_wconf 84' lang='grc' dir='ltr'><strong>Γαλάταις</strong></span> <span class='ocrx_word' id='word_1_465' title='bbox 486 5429 681 5499; x_wconf 80' lang='grc' dir='ltr'><strong>λέγων.</strong></span> <span class='ocrx_word' id='word_1_466' title='bbox 709 5433 819 5488; x_wconf 86' lang='grc' dir='ltr'><strong>Τοῦ</strong></span> <span class='ocrx_word' id='word_1_467' title='bbox 849 5435 1068 5490; x_wconf 78' lang='grc' dir='ltr'><strong>λοιποῦ</strong></span> <span class='ocrx_word' id='word_1_468' title='bbox 1097 5440 1327 5507; x_wconf 81' lang='grc' dir='ltr'><strong>κόπους</strong></span> <span class='ocrx_word' id='word_1_469' title='bbox 1355 5459 1459 5510; x_wconf 84' lang='grc' dir='ltr'><strong>μοι</strong></span> <span class='ocrx_word' id='word_1_470' title='bbox 1480 5441 1692 5511; x_wconf 80' lang='grc' dir='ltr'><strong>μηδείς</strong></span> <span class='ocrx_word' id='word_1_471' title='bbox 1722 5459 1869 5512; x_wconf 82' lang='grc' dir='ltr'><strong>παρ-</strong></span> 
     </span>
    </p>
   </div>
   <div class='ocr_carea' id='block_1_60' title="bbox 178 5514 1870 5603">
    <p class='ocr_par' dir='ltr' id='par_1_60' title="bbox 178 5514 1870 5603">
     <span class='ocr_line' id='line_1_60' title="bbox 178 5514 1870 5603; baseline 0.009 -30"><span class='ocrx_word' id='word_1_472' title='bbox 178 5520 396 5590; x_wconf 80' lang='grc' dir='ltr'><strong>εχέτω,</strong></span> <span class='ocrx_word' id='word_1_473' title='bbox 459 5520 620 5575; x_wconf 85' lang='grc' dir='ltr'><strong>πάλιν</strong></span> <span class='ocrx_word' id='word_1_474' title='bbox 668 5525 853 5589; x_wconf 74' lang='grc' dir='ltr'><strong>αὐτοῖς</strong></span> <span class='ocrx_word' id='word_1_475' title='bbox 898 5527 1148 5594; x_wconf 86' lang='grc' dir='ltr'><strong>φαίνεται</strong></span> <span class='ocrx_word' id='word_1_476' title='bbox 1200 5531 1596 5603; x_wconf 81' lang='grc' dir='ltr'><strong>συγγενόμενος</strong></span> <span class='ocrx_word' id='word_1_477' title='bbox 1625 5534 1721 5587; x_wconf 89' lang='lat' dir='ltr'><strong><em>zeal</em></strong></span> <span class='ocrx_word' id='word_1_478' title='bbox 1751 5514 1870 5589; x_wconf 77' lang='grc' dir='ltr'><strong>δια-</strong></span> 
     </span>
    </p>
   </div>
   <div class='ocr_carea' id='block_1_61' title="bbox 175 5607 1871 5689">
    <p class='ocr_par' dir='ltr' id='par_1_61' title="bbox 175 5607 1871 5689">
     <span class='ocr_line' id='line_1_61' title="bbox 175 5607 1871 5689; baseline 0.009 -27"><span class='ocrx_word' id='word_1_479' title='bbox 175 5607 418 5680; x_wconf 84' lang='grc' dir='ltr'><strong>λεχθείς.</strong></span> <span class='ocrx_word' id='word_1_480' title='bbox 452 5607 690 5664; x_wconf 87' lang='grc' dir='ltr'><strong>Τοιαῦτα</strong></span> <span class='ocrx_word' id='word_1_481' title='bbox 748 5613 815 5667; x_wconf 75' lang='grc' dir='ltr'><strong>τά</strong></span> <span class='ocrx_word' id='word_1_482' title='bbox 853 5615 1141 5685; x_wconf 71' lang='grc' dir='ltr'><strong>σπλάγχνα</strong></span> <span class='ocrx_word' id='word_1_483' title='bbox 1170 5615 1243 5676; x_wconf 72' lang='grc' dir='ltr'><strong>τά,</strong></span> <span class='ocrx_word' id='word_1_484' title='bbox 1264 5618 1531 5689; x_wconf 77' lang='grc' dir='ltr'><strong>πατρικὰ,</strong></span> <span class='ocrx_word' id='word_1_485' title='bbox 1572 5619 1675 5677; x_wconf 52' lang='grc' dir='ltr'><strong>»ἂν</strong></span> <span class='ocrx_word' id='word_1_486' title='bbox 1699 5621 1871 5676; x_wconf 80' lang='grc' dir='ltr'><strong>είπω-</strong></span> 
     </span>
    </p>
   </div>
   <div class='ocr_carea' id='block_1_62' title="bbox 178 5695 1868 5779">
    <p class='ocr_par' dir='ltr' id='par_1_62' title="bbox 178 5695 1868 5779">
     <span class='ocr_line' id='line_1_62' title="bbox 178 5695 1868 5779; baseline 0.007 -29"><span class='ocrx_word' id='word_1_487' title='bbox 178 5713 260 5750; x_wconf 85' lang='grc' dir='ltr'><strong>σιν</strong></span> <span class='ocrx_word' id='word_1_488' title='bbox 288 5695 654 5764; x_wconf 83' lang='grc' dir='ltr'><strong>ἀφίστασθαι,</strong></span> <span class='ocrx_word' id='word_1_489' title='bbox 701 5699 801 5752; x_wconf 73' lang='grc' dir='ltr'><strong>οὐκ</strong></span> <span class='ocrx_word' id='word_1_490' title='bbox 827 5699 1179 5770; x_wconf 79' lang='grc' dir='ltr'><strong>ἀφίστανται,</strong></span> <span class='ocrx_word' id='word_1_491' title='bbox 1223 5705 1324 5768; x_wconf 69' lang='grc' dir='ltr'><strong>ἕως</strong></span> <span class='ocrx_word' id='word_1_492' title='bbox 1360 5703 1426 5765; x_wconf 83' lang='grc' dir='ltr'><strong>ἂν</strong></span> <span class='ocrx_word' id='word_1_493' title='bbox 1460 5705 1611 5760; x_wconf 63' lang='lat' dir='ltr'><strong><em>{bene</em></strong></span> <span class='ocrx_word' id='word_1_494' title='bbox 1645 5704 1868 5779; x_wconf 69' lang='grc' dir='ltr'><strong>σωφροσ-</strong></span> 
     </span>
    </p>
   </div>
   <div class='ocr_carea' id='block_1_63' title="bbox 233 5818 700 5883">
    <p class='ocr_par' dir='ltr' id='par_1_63' title="bbox 233 5818 700 5883">
     <span class='ocr_line' id='line_1_63' title="bbox 233 5818 700 5883; baseline 0.002 -14"><span class='ocrx_word' id='word_1_495' title='bbox 233 5818 265 5883; x_wconf 61' lang='grc' dir='ltr'><strong>ξ</strong></span> <span class='ocrx_word' id='word_1_496' title='bbox 288 5818 397 5883; x_wconf 73' lang='grc' dir='ltr'><strong>ᾼιιι</strong></span> <span class='ocrx_word' id='word_1_497' title='bbox 421 5819 700 5883; x_wconf 58' lang='grc' dir='ltr'><strong>παράνοιαπη</strong></span> 
     </span>
    </p>
   </div>
   <div class='ocr_carea' id='block_1_64' title="bbox 238 5879 1684 5993">
    <p class='ocr_par' dir='ltr' id='par_1_64' title="bbox 238 5879 1684 5993">
     <span class='ocr_line' id='line_1_64' title="bbox 238 5879 1684 5993; baseline 0.008 -65"><span class='ocrx_word' id='word_1_498' title='bbox 238 5879 273 5920; x_wconf 70' lang='grc' dir='ltr'><strong>ιι</strong></span> <span class='ocrx_word' id='word_1_499' title='bbox 297 5881 416 5929; x_wconf 81' lang='lat' dir='ltr'><strong>Sav.</strong></span> <span class='ocrx_word' id='word_1_500' title='bbox 443 5879 504 5929; x_wconf 68' lang='grc' dir='ltr'><strong>σι’</strong></span> <span class='ocrx_word' id='word_1_501' title='bbox 521 5883 717 5993; x_wconf 46' lang='lat' dir='ltr'><strong>quidam</strong></span> <span class='ocrx_word' id='word_1_502' title='bbox 743 5883 823 5932; x_wconf 77' lang='lat' dir='ltr'><strong><em>alii</em></strong></span> <span class='ocrx_word' id='word_1_503' title='bbox 846 5884 1080 5948; x_wconf 82' lang='grc' dir='ltr'><strong>πορνείας,</strong></span> <span class='ocrx_word' id='word_1_504' title='bbox 1106 5886 1382 5947; x_wconf 85' lang='grc' dir='ltr'><strong>ἀκολασίας,</strong></span> <span class='ocrx_word' id='word_1_505' title='bbox 1410 5888 1684 5953; x_wconf 77' lang='grc' dir='ltr'><strong>ἅιοέλγείοις.⁴</strong></span> 
     </span>
     <span class='ocr_line' id='line_1_65' title="bbox 242 5942 1553 5993; baseline 0 0"><span class='ocrx_word' id='word_1_506' title='bbox 242 5946 265 5977; x_wconf 72' lang='grc' dir='ltr'><strong>ε</strong></span> <span class='ocrx_word' id='word_1_507' title='bbox 295 5942 481 5993; x_wconf 60' lang='grc' dir='ltr'><strong>δαιτί</strong></span> <span class='ocrx_word' id='word_1_508' title='bbox 502 5957 532 5993; x_wconf 82' lang='lat' dir='ltr'>n</span> <span class='ocrx_word' id='word_1_509' title='bbox 555 5945 696 5993; x_wconf 83' lang='lat' dir='ltr'><strong>urimi</strong></span> <span class='ocrx_word' id='word_1_510' title='bbox 714 5958 826 5993; x_wconf 86' lang='lat' dir='ltr'><strong>mss.</strong></span> <span class='ocrx_word' id='word_1_511' title='bbox 851 5946 904 5993; x_wconf 81' lang='grc' dir='ltr'><strong>οὐ</strong></span> <span class='ocrx_word' id='word_1_512' title='bbox 925 5946 1099 5993; x_wconf 83' lang='grc' dir='ltr'><strong>στέγω.</strong></span> <span class='ocrx_word' id='word_1_513' title='bbox 1126 5948 1244 5993; x_wconf 75' lang='lat' dir='ltr'><strong>Mor-</strong></span> <span class='ocrx_word' id='word_1_514' title='bbox 1275 5951 1327 5993; x_wconf 75' lang='grc' dir='ltr'><strong>οὐ</strong></span> <span class='ocrx_word' id='word_1_515' title='bbox 1353 5951 1553 5993; x_wconf 75' lang='grc' dir='ltr'><strong>στέογω-</strong></span> 
     </span>
    </p>
   </div>
   <div class='ocr_carea' id='block_1_65' title="bbox 242 5942 1553 6015">
    <p class='ocr_par' dir='ltr' id='par_1_65' title="bbox 242 5942 1553 6015">
     <span class='ocr_line' id='line_1_66' title="bbox 242 5942 1553 6015; baseline 0.007 -22"><span class='ocrx_word' id='word_1_516' title='bbox 242 5946 265 5977; x_wconf 73' lang='grc' dir='ltr'><strong>ε</strong></span> <span class='ocrx_word' id='word_1_517' title='bbox 295 5942 481 5994; x_wconf 61' lang='grc' dir='ltr'><strong>δαιτί</strong></span> <span class='ocrx_word' id='word_1_518' title='bbox 502 5942 696 6005; x_wconf 79' lang='lat' dir='ltr'><strong>plurimi</strong></span> <span class='ocrx_word' id='word_1_519' title='bbox 714 5958 826 5994; x_wconf 84' lang='lat' dir='ltr'><strong>mss.</strong></span> <span class='ocrx_word' id='word_1_520' title='bbox 851 5942 1107 6010; x_wconf 70' lang='grc' dir='ltr'><strong>οῦστέγω,</strong></span> <span class='ocrx_word' id='word_1_521' title='bbox 1126 5948 1244 5999; x_wconf 73' lang='lat' dir='ltr'><strong>Mor.</strong></span> <span class='ocrx_word' id='word_1_522' title='bbox 1275 5951 1327 5999; x_wconf 75' lang='grc' dir='ltr'><strong>οὐ</strong></span> <span class='ocrx_word' id='word_1_523' title='bbox 1353 5942 1553 6015; x_wconf 67' lang='grc' dir='ltr'><strong>στέργωί</strong></span> 
     </span>
    </p>
   </div>
   <div class='ocr_carea' id='block_1_66' title="bbox 1217 309 2643 379">
    <p class='ocr_par' dir='ltr' id='par_1_66' title="bbox 1217 309 2643 379">
     <span class='ocr_line' id='line_1_67' title="bbox 1217 309 2643 379; baseline -0.009 0"><span class='ocrx_word' id='word_1_524' title='bbox 1217 323 1309 379; x_wconf 83' lang='lat' dir='ltr'><strong>AD</strong></span> <span class='ocrx_word' id='word_1_525' title='bbox 1346 318 1676 379; x_wconf 70' lang='lat' dir='ltr'><strong>POPULUM</strong></span> <span class='ocrx_word' id='word_1_526' title='bbox 1716 314 2218 374; x_wconf 77' lang='lat' dir='ltr'><strong>ANTIOCHENUM</strong></span> <span class='ocrx_word' id='word_1_527' title='bbox 2256 312 2492 371; x_wconf 75' lang='lat' dir='ltr'><strong>HOMIL.</strong></span> <span class='ocrx_word' id='word_1_528' title='bbox 2524 309 2643 368; x_wconf 77' lang='lat' dir='ltr'><strong>XV.</strong></span> 
     </span>
    </p>
   </div>
   <div class='ocr_carea' id='block_1_67' title="bbox 3507 304 3610 367">
    <p class='ocr_par' dir='ltr' id='par_1_67' title="bbox 3507 304 3610 367">
     <span class='ocr_line' id='line_1_68' title="bbox 3507 304 3610 367; baseline 0.019 -2"><span class='ocrx_word' id='word_1_529' title='bbox 3507 304 3610 367; x_wconf 70' lang='lat'><strong>£60</strong></span> 
     </span>
    </p>
   </div>
   <div class='ocr_carea' id='block_1_68' title="bbox 1938 418 3613 496">
    <p class='ocr_par' dir='ltr' id='par_1_68' title="bbox 1938 418 3613 496">
     <span class='ocr_line' id='line_1_69' title="bbox 1938 418 3613 496; baseline -0.003 -10"><span class='ocrx_word' id='word_1_530' title='bbox 1938 430 2221 495; x_wconf 82' lang='grc' dir='ltr'><strong>νισθέντας</strong></span> <span class='ocrx_word' id='word_1_531' title='bbox 2246 429 2426 484; x_wconf 81' lang='grc' dir='ltr'><strong>αὐτῶν</strong></span> <span class='ocrx_word' id='word_1_532' title='bbox 2449 429 2577 493; x_wconf 79' lang='grc' dir='ltr'><strong>τοὺς</strong></span> <span class='ocrx_word' id='word_1_533' title='bbox 2601 418 2815 490; x_wconf 80' lang='grc' dir='ltr'><strong>παῖδας.</strong></span> <span class='ocrx_word' id='word_1_534' title='bbox 2867 421 3166 479; x_wconf 80' lang='grc' dir='ltr'><strong>Ἠκούσατε</strong></span> <span class='ocrx_word' id='word_1_535' title='bbox 3198 422 3292 477; x_wconf 83' lang='grc' dir='ltr'><strong>τοῦ</strong></span> <span class='ocrx_word' id='word_1_536' title='bbox 3329 425 3613 496; x_wconf 70' lang='grc' dir='ltr'><strong>προφήτου</strong></span> 
     </span>
    </p>
   </div>
   <div class='ocr_carea' id='block_1_69' title="bbox 1941 509 3616 589">
    <p class='ocr_par' dir='ltr' id='par_1_69' title="bbox 1941 509 3616 589">
     <span class='ocr_line' id='line_1_70' title="bbox 1941 509 3616 589; baseline -0.005 -17"><span class='ocrx_word' id='word_1_537' title='bbox 1941 519 2175 589; x_wconf 70' lang='grc' dir='ltr'><strong>σήμερον</strong></span> <span class='ocrx_word' id='word_1_538' title='bbox 2197 535 2264 571; x_wconf 87' lang='grc' dir='ltr'><strong>πε</strong></span> <span class='ocrx_word' id='word_1_539' title='bbox 2273 518 2327 589; x_wconf 78' lang='lat' dir='ltr'><strong><em>pl</em></strong></span> <span class='ocrx_word' id='word_1_540' title='bbox 2350 516 2457 571; x_wconf 83' lang='grc' dir='ltr'><strong>τῶν</strong></span> <span class='ocrx_word' id='word_1_541' title='bbox 2473 518 2651 588; x_wconf 82' lang='grc' dir='ltr'><strong>ὅρκων</strong></span> <span class='ocrx_word' id='word_1_542' title='bbox 2665 516 2800 584; x_wconf 78' lang='grc' dir='ltr'><strong>ἡμῖν</strong></span> <span class='ocrx_word' id='word_1_543' title='bbox 2818 509 3202 581; x_wconf 74' lang='grc' dir='ltr'><strong>διαλεγομένου</strong></span> <span class='ocrx_word' id='word_1_544' title='bbox 3226 525 3241 578; x_wconf 91' lang='lat'><strong>;</strong></span> <span class='ocrx_word' id='word_1_545' title='bbox 3272 509 3616 581; x_wconf 69' lang='grc' dir='ltr'><strong>Ἐπέσλεψα</strong></span> 
     </span>
    </p>
   </div>
   <div class='ocr_carea' id='block_1_70' title="bbox 1939 596 3617 675">
    <p class='ocr_par' dir='ltr' id='par_1_70' title="bbox 1939 596 3617 675">
     <span class='ocr_line' id='line_1_71' title="bbox 1939 596 3617 675; baseline -0.005 -15"><span class='ocrx_word' id='word_1_546' title='bbox 1939 605 2061 672; x_wconf 76' lang='grc' dir='ltr'><strong>τοῖς</strong></span> <span class='ocrx_word' id='word_1_547' title='bbox 2085 605 2415 675; x_wconf 70' lang='grc' dir='ltr'><strong>ὀφθαλμοῖς</strong></span> <span class='ocrx_word' id='word_1_548' title='bbox 2436 621 2576 674; x_wconf 84' lang='grc' dir='ltr'><strong>μου,</strong></span> <span class='ocrx_word' id='word_1_549' title='bbox 2607 598 2703 656; x_wconf 84' lang='grc' dir='ltr'><strong>καί</strong></span> <span class='ocrx_word' id='word_1_550' title='bbox 2723 596 2911 664; x_wconf 80' lang='grc' dir='ltr'><strong>εἶδον,</strong></span> <span class='ocrx_word' id='word_1_551' title='bbox 2928 598 3084 669; x_wconf 71' lang='grc' dir='ltr'><strong>φησι,</strong></span> <span class='ocrx_word' id='word_1_552' title='bbox 3114 596 3213 653; x_wconf 78' lang='grc' dir='ltr'><strong>καὶ</strong></span> <span class='ocrx_word' id='word_1_553' title='bbox 3238 596 3370 652; x_wconf 80' lang='grc' dir='ltr'><strong>ίδαὺ</strong></span> <span class='ocrx_word' id='word_1_554' title='bbox 3397 597 3617 667; x_wconf 72' lang='grc' dir='ltr'><strong>δρέπα-</strong></span> 
     </span>
    </p>
   </div>
   <div class='ocr_carea' id='block_1_71' title="bbox 1935 684 3619 763">
    <p class='ocr_par' dir='ltr' id='par_1_71' title="bbox 1935 684 3619 763">
     <span class='ocr_line' id='line_1_72' title="bbox 1935 684 3619 763; baseline -0.004 -15"><span class='ocrx_word' id='word_1_555' title='bbox 1935 709 2049 749; x_wconf 79' lang='grc' dir='ltr'><strong>νον</strong></span> <span class='ocrx_word' id='word_1_556' title='bbox 2066 694 2401 763; x_wconf 72' lang='grc' dir='ltr'><strong>πετόμενον</strong></span> <span class='ocrx_word' id='word_1_557' title='bbox 2421 691 2658 761; x_wconf 72' lang='grc' dir='ltr'><strong>μήκους</strong></span> <span class='ocrx_word' id='word_1_558' title='bbox 2684 686 2897 758; x_wconf 75' lang='grc' dir='ltr'><strong>πηχῶν</strong></span> <span class='ocrx_word' id='word_1_559' title='bbox 2945 687 3160 752; x_wconf 82' lang='grc' dir='ltr'><strong>εἴκοσι,</strong></span> <span class='ocrx_word' id='word_1_560' title='bbox 3198 685 3298 740; x_wconf 76' lang='grc' dir='ltr'><strong>καί</strong></span> <span class='ocrx_word' id='word_1_561' title='bbox 3344 684 3619 755; x_wconf 77' lang='grc' dir='ltr'><strong>πλάτους</strong></span> 
     </span>
    </p>
   </div>
   <div class='ocr_carea' id='block_1_72' title="bbox 1937 773 3613 850">
    <p class='ocr_par' dir='ltr' id='par_1_72' title="bbox 1937 773 3613 850">
     <span class='ocr_line' id='line_1_73' title="bbox 1937 773 3613 850; baseline -0.004 -17"><span class='ocrx_word' id='word_1_562' title='bbox 1937 781 2151 850; x_wconf 67' lang='grc' dir='ltr'><strong>πηχῶν</strong></span> <span class='ocrx_word' id='word_1_563' title='bbox 2175 779 2325 835; x_wconf 77' lang='grc' dir='ltr'><strong>δέκα</strong></span> <span class='ocrx_word' id='word_1_564' title='bbox 2341 821 2356 845; x_wconf 93' lang='grc'><strong>,</strong></span> <span class='ocrx_word' id='word_1_565' title='bbox 2387 778 2487 832; x_wconf 73' lang='grc' dir='ltr'><strong>καὶ</strong></span> <span class='ocrx_word' id='word_1_566' title='bbox 2511 775 2641 839; x_wconf 69' lang='grc' dir='ltr'><strong>εἷπε</strong></span> <span class='ocrx_word' id='word_1_567' title='bbox 2659 775 2811 844; x_wconf 80' lang='grc' dir='ltr'><strong>πρός</strong></span> <span class='ocrx_word' id='word_1_568' title='bbox 2832 791 2930 846; x_wconf 80' lang='grc' dir='ltr'><strong>με·</strong></span> <span class='ocrx_word' id='word_1_569' title='bbox 2971 775 3035 829; x_wconf 83' lang='grc' dir='ltr'><strong>Τί</strong></span> <span class='ocrx_word' id='word_1_570' title='bbox 3055 783 3140 828; x_wconf 81' lang='grc' dir='ltr'><strong>συ</strong></span> <span class='ocrx_word' id='word_1_571' title='bbox 3165 774 3423 841; x_wconf 78' lang='grc' dir='ltr'><strong>βλέπεις</strong></span> <span class='ocrx_word' id='word_1_572' title='bbox 3450 787 3470 838; x_wconf 85' lang='grc'><strong><em>;</em></strong></span> <span class='ocrx_word' id='word_1_573' title='bbox 3501 773 3613 829; x_wconf 77' lang='grc' dir='ltr'><strong>Καὶ</strong></span> 
     </span>
    </p>
   </div>
   <div class='ocr_carea' id='block_1_73' title="bbox 1937 862 3614 937">
    <p class='ocr_par' dir='ltr' id='par_1_73' title="bbox 1937 862 3614 937">
     <span class='ocr_line' id='line_1_74' title="bbox 1937 862 3614 937; baseline -0.004 -13"><span class='ocrx_word' id='word_1_574' title='bbox 1937 866 2129 924; x_wconf 72' lang='grc' dir='ltr'><strong>εἷπον·</strong></span> <span class='ocrx_word' id='word_1_575' title='bbox 2192 868 2338 937; x_wconf 85' lang='grc' dir='ltr'><strong>Ὀρῶ</strong></span> <span class='ocrx_word' id='word_1_576' title='bbox 2371 867 2673 936; x_wconf 73' lang='grc' dir='ltr'><strong>δρέπανον</strong></span> <span class='ocrx_word' id='word_1_577' title='bbox 2693 868 3028 936; x_wconf 71' lang='grc' dir='ltr'><strong>πετόμενον</strong></span> <span class='ocrx_word' id='word_1_578' title='bbox 3067 864 3302 935; x_wconf 81' lang='grc' dir='ltr'><strong>μήκους</strong></span> <span class='ocrx_word' id='word_1_579' title='bbox 3326 862 3541 934; x_wconf 75' lang='grc' dir='ltr'><strong>πηχῶν</strong></span> <span class='ocrx_word' id='word_1_580' title='bbox 3581 863 3614 906; x_wconf 70' lang='grc' dir='ltr'>ἆ</span> 
     </span>
    </p>
   </div>
   <div class='ocr_carea' id='block_1_74' title="bbox 1936 953 3619 1024">
    <p class='ocr_par' dir='ltr' id='par_1_74' title="bbox 1936 953 3619 1024">
     <span class='ocr_line' id='line_1_75' title="bbox 1936 953 3619 1024; baseline -0.002 -13"><span class='ocrx_word' id='word_1_581' title='bbox 1936 957 2156 1022; x_wconf 70' lang='grc' dir='ltr'><strong>εἰκοσι,</strong></span> <span class='ocrx_word' id='word_1_582' title='bbox 2188 957 2289 1011; x_wconf 74' lang='grc' dir='ltr'><strong>καὶ</strong></span> <span class='ocrx_word' id='word_1_583' title='bbox 2324 955 2597 1023; x_wconf 82' lang='grc' dir='ltr'><strong>πλάτους</strong></span> <span class='ocrx_word' id='word_1_584' title='bbox 2635 954 2781 1008; x_wconf 79' lang='grc' dir='ltr'><strong>δέκα</strong></span> <span class='ocrx_word' id='word_1_585' title='bbox 2808 953 3040 1024; x_wconf 74' lang='grc' dir='ltr'><strong>πηχῶνο</strong></span> <span class='ocrx_word' id='word_1_586' title='bbox 3066 953 3170 1008; x_wconf 82' lang='grc' dir='ltr'><strong>καί</strong></span> <span class='ocrx_word' id='word_1_587' title='bbox 3203 954 3619 1009; x_wconf 83' lang='grc' dir='ltr'><strong>εἰσελεύσεται</strong></span> 
     </span>
    </p>
   </div>
   <div class='ocr_carea' id='block_1_75' title="bbox 1937 1041 3614 1117">
    <p class='ocr_par' dir='ltr' id='par_1_75' title="bbox 1937 1041 3614 1117">
     <span class='ocr_line' id='line_1_76' title="bbox 1937 1041 3614 1117; baseline -0.001 -17"><span class='ocrx_word' id='word_1_588' title='bbox 1937 1049 2026 1113; x_wconf 84' lang='grc' dir='ltr'><strong>είς</strong></span> <span class='ocrx_word' id='word_1_589' title='bbox 2060 1046 2169 1101; x_wconf 79' lang='grc' dir='ltr'><strong>τόν</strong></span> <span class='ocrx_word' id='word_1_590' title='bbox 2194 1043 2383 1111; x_wconf 79' lang='grc' dir='ltr'><strong>οἷκον,</strong></span> <span class='ocrx_word' id='word_1_591' title='bbox 2416 1047 2569 1117; x_wconf 79' lang='grc' dir='ltr'><strong>φησὶ,</strong></span> <span class='ocrx_word' id='word_1_592' title='bbox 2592 1044 2701 1098; x_wconf 80' lang='grc' dir='ltr'><strong>τοῦ</strong></span> <span class='ocrx_word' id='word_1_593' title='bbox 2724 1045 3054 1114; x_wconf 76' lang='grc' dir='ltr'><strong>ὀμνύοντος</strong></span> <span class='ocrx_word' id='word_1_594' title='bbox 3088 1041 3168 1109; x_wconf 84' lang='grc' dir='ltr'><strong>τῷ</strong></span> <span class='ocrx_word' id='word_1_595' title='bbox 3202 1045 3450 1115; x_wconf 83' lang='grc' dir='ltr'><strong>ὀνόματί</strong></span> <span class='ocrx_word' id='word_1_596' title='bbox 3470 1063 3614 1116; x_wconf 84' lang='grc' dir='ltr'><strong>μου,</strong></span> 
     </span>
    </p>
   </div>
   <div class='ocr_carea' id='block_1_76' title="bbox 1939 1125 3619 1201">
    <p class='ocr_par' dir='ltr' id='par_1_76' title="bbox 1939 1125 3619 1201">
     <span class='ocr_line' id='line_1_77' title="bbox 1939 1125 3619 1201; baseline 0.002 -14"><span class='ocrx_word' id='word_1_597' title='bbox 1939 1132 2040 1187; x_wconf 77' lang='grc' dir='ltr'><strong>καὶ</strong></span> <span class='ocrx_word' id='word_1_598' title='bbox 2058 1134 2385 1189; x_wconf 82' lang='grc' dir='ltr'><strong>καταλύσει</strong></span> <span class='ocrx_word' id='word_1_599' title='bbox 2409 1133 2478 1186; x_wconf 83' lang='grc' dir='ltr'><strong>ὲν</strong></span> <span class='ocrx_word' id='word_1_600' title='bbox 2505 1125 2782 1198; x_wconf 83' lang='grc' dir='ltr'><strong>τῷμέσφ,</strong></span> <span class='ocrx_word' id='word_1_601' title='bbox 2807 1131 2906 1186; x_wconf 82' lang='grc' dir='ltr'><strong>καί</strong></span> <span class='ocrx_word' id='word_1_602' title='bbox 2934 1132 3315 1200; x_wconf 75' lang='grc' dir='ltr'><strong>κατασκάψει</strong></span> <span class='ocrx_word' id='word_1_603' title='bbox 3342 1133 3484 1201; x_wconf 81' lang='grc' dir='ltr'><strong>τοὺς</strong></span> <span class='ocrx_word' id='word_1_604' title='bbox 3521 1134 3619 1190; x_wconf 84' lang='grc' dir='ltr'><strong>λί-</strong></span> 
     </span>
    </p>
   </div>
   <div class='ocr_carea' id='block_1_77' title="bbox 1940 1219 3621 1291">
    <p class='ocr_par' dir='ltr' id='par_1_77' title="bbox 1940 1219 3621 1291">
     <span class='ocr_line' id='line_1_78' title="bbox 1940 1219 3621 1291; baseline -0.001 -14"><span class='ocrx_word' id='word_1_605' title='bbox 1940 1225 2086 1288; x_wconf 90' lang='grc' dir='ltr'><strong>θους</strong></span> <span class='ocrx_word' id='word_1_606' title='bbox 2105 1221 2298 1275; x_wconf 76' lang='grc' dir='ltr'><strong>καὶτὰ</strong></span> <span class='ocrx_word' id='word_1_607' title='bbox 2324 1221 2503 1285; x_wconf 81' lang='grc' dir='ltr'><strong>ξύλα.</strong></span> <span class='ocrx_word' id='word_1_608' title='bbox 2537 1219 2602 1273; x_wconf 89' lang='grc' dir='ltr'><strong>Τί</strong></span> <span class='ocrx_word' id='word_1_609' title='bbox 2632 1220 2760 1273; x_wconf 89' lang='grc' dir='ltr'><strong>ποτέ</strong></span> <span class='ocrx_word' id='word_1_610' title='bbox 2780 1221 2898 1273; x_wconf 82' lang='grc' dir='ltr'><strong>ἐστι</strong></span> <span class='ocrx_word' id='word_1_611' title='bbox 2930 1219 2992 1273; x_wconf 82' lang='grc' dir='ltr'><strong>τὸ</strong></span> <span class='ocrx_word' id='word_1_612' title='bbox 3024 1219 3332 1291; x_wconf 83' lang='grc' dir='ltr'><strong>εἰρημένον,</strong></span> <span class='ocrx_word' id='word_1_613' title='bbox 3362 1224 3456 1276; x_wconf 87' lang='lat' dir='ltr'><strong><em>zeal</em></strong></span> <span class='ocrx_word' id='word_1_614' title='bbox 3473 1222 3621 1289; x_wconf 86' lang='grc' dir='ltr'><strong>τίνος</strong></span> 
     </span>
    </p>
   </div>
   <div class='ocr_carea' id='block_1_78' title="bbox 1940 1306 3618 1382">
    <p class='ocr_par' dir='ltr' id='par_1_78' title="bbox 1940 1306 3618 1382">
     <span class='ocr_line' id='line_1_79' title="bbox 1940 1306 3618 1382; baseline 0.001 -20"><span class='ocrx_word' id='word_1_615' title='bbox 1940 1309 2125 1363; x_wconf 73' lang='grc' dir='ltr'><strong>ἕνεκεν</strong></span> <span class='ocrx_word' id='word_1_616' title='bbox 2155 1311 2214 1362; x_wconf 81' lang='grc' dir='ltr'><strong>ἐν</strong></span> <span class='ocrx_word' id='word_1_617' title='bbox 2245 1309 2397 1374; x_wconf 85' lang='grc' dir='ltr'><strong>τάξει</strong></span> <span class='ocrx_word' id='word_1_618' title='bbox 2447 1309 2717 1381; x_wconf 87' lang='grc' dir='ltr'><strong>δρεπάνης</strong></span> <span class='ocrx_word' id='word_1_619' title='bbox 2758 1309 2791 1380; x_wconf 79' lang='grc' dir='ltr'>ὴ</span> <span class='ocrx_word' id='word_1_620' title='bbox 2834 1311 2946 1371; x_wconf 88' lang='grc' dir='ltr'><strong>τοῖς</strong></span> <span class='ocrx_word' id='word_1_621' title='bbox 2995 1308 3285 1379; x_wconf 84' lang='grc' dir='ltr'><strong>ὀμνύουσιν</strong></span> <span class='ocrx_word' id='word_1_622' title='bbox 3323 1311 3562 1382; x_wconf 79' lang='grc' dir='ltr'><strong>ἑπομένη</strong></span> <span class='ocrx_word' id='word_1_623' title='bbox 3581 1306 3618 1353; x_wconf 73' lang='grc' dir='ltr'><strong>ὀ</strong></span> 
     </span>
    </p>
   </div>
   <div class='ocr_carea' id='block_1_79' title="bbox 1940 1396 3621 1470">
    <p class='ocr_par' dir='ltr' id='par_1_79' title="bbox 1940 1396 3621 1470">
     <span class='ocr_line' id='line_1_80' title="bbox 1940 1396 3621 1470; baseline 0.001 -19"><span class='ocrx_word' id='word_1_624' title='bbox 1940 1398 2181 1470; x_wconf 88' lang='grc' dir='ltr'><strong>τιμωρία</strong></span> <span class='ocrx_word' id='word_1_625' title='bbox 2231 1396 2504 1467; x_wconf 85' lang='grc' dir='ltr'><strong>φαίνεται,</strong></span> <span class='ocrx_word' id='word_1_626' title='bbox 2565 1396 2663 1450; x_wconf 73' lang='grc' dir='ltr'><strong>καὶ</strong></span> <span class='ocrx_word' id='word_1_627' title='bbox 2702 1396 2978 1468; x_wconf 83' lang='grc' dir='ltr'><strong>δρεπάνης</strong></span> <span class='ocrx_word' id='word_1_628' title='bbox 3018 1396 3355 1469; x_wconf 86' lang='grc' dir='ltr'><strong>πετομένης;</strong></span> <span class='ocrx_word' id='word_1_629' title='bbox 3418 1398 3621 1453; x_wconf 75' lang='grc' dir='ltr'><strong>Ἴνατὺ</strong></span> 
     </span>
    </p>
   </div>
   <div class='ocr_carea' id='block_1_80' title="bbox 1941 1480 3728 1557">
    <p class='ocr_par' dir='ltr' id='par_1_80' title="bbox 1941 1480 3728 1557">
     <span class='ocr_line' id='line_1_81' title="bbox 1941 1480 3728 1557; baseline 0.002 -21"><span class='ocrx_word' id='word_1_630' title='bbox 1941 1484 2182 1553; x_wconf 81' lang='grc' dir='ltr'><strong>ἄφυκτον</strong></span> <span class='ocrx_word' id='word_1_631' title='bbox 2231 1487 2332 1556; x_wconf 86' lang='grc' dir='ltr'><strong>τῆς</strong></span> <span class='ocrx_word' id='word_1_632' title='bbox 2358 1485 2515 1557; x_wconf 87' lang='grc' dir='ltr'><strong>δίκης</strong></span> <span class='ocrx_word' id='word_1_633' title='bbox 2560 1484 2655 1539; x_wconf 88' lang='lat' dir='ltr'><strong><em>zeal</em></strong></span> <span class='ocrx_word' id='word_1_634' title='bbox 2683 1484 2745 1537; x_wconf 84' lang='grc' dir='ltr'><strong>τὸ</strong></span> <span class='ocrx_word' id='word_1_635' title='bbox 2792 1483 3161 1548; x_wconf 82' lang='grc' dir='ltr'><strong>ἀδιεξόδευτον</strong></span> <span class='ocrx_word' id='word_1_636' title='bbox 3206 1486 3308 1556; x_wconf 85' lang='grc' dir='ltr'><strong>τῆς</strong></span> <span class='ocrx_word' id='word_1_637' title='bbox 3347 1485 3621 1550; x_wconf 88' lang='grc' dir='ltr'><strong>κολάσεως</strong></span> <span class='ocrx_word' id='word_1_638' title='bbox 3722 1480 3728 1495; x_wconf 88' lang='grc'><em>’</em></span> 
     </span>
    </p>
   </div>
   <div class='ocr_carea' id='block_1_81' title="bbox 1947 1570 3624 1645">
    <p class='ocr_par' dir='ltr' id='par_1_81' title="bbox 1947 1570 3624 1645">
     <span class='ocr_line' id='line_1_82' title="bbox 1947 1570 3624 1645; baseline 0.004 -23"><span class='ocrx_word' id='word_1_639' title='bbox 1947 1571 2085 1645; x_wconf 77' lang='grc' dir='ltr'><strong>ἴδῃς.</strong></span> <span class='ocrx_word' id='word_1_640' title='bbox 2122 1571 2287 1640; x_wconf 82' lang='grc' dir='ltr'><strong>Ξίφος</strong></span> <span class='ocrx_word' id='word_1_641' title='bbox 2333 1573 2430 1643; x_wconf 79' lang='grc' dir='ltr'><strong>μὲν</strong></span> <span class='ocrx_word' id='word_1_642' title='bbox 2472 1572 2582 1643; x_wconf 89' lang='grc' dir='ltr'><strong>γὰρ</strong></span> <span class='ocrx_word' id='word_1_643' title='bbox 2616 1571 2914 1642; x_wconf 88' lang='grc' dir='ltr'><strong>πετόμενον</strong></span> <span class='ocrx_word' id='word_1_644' title='bbox 2948 1570 3081 1637; x_wconf 69' lang='grc' dir='ltr'><strong>ἴσως</strong></span> <span class='ocrx_word' id='word_1_645' title='bbox 3115 1589 3201 1637; x_wconf 89' lang='grc' dir='ltr'><strong>τις</strong></span> <span class='ocrx_word' id='word_1_646' title='bbox 3231 1572 3512 1645; x_wconf 79' lang='grc' dir='ltr'><strong>διαδρᾶναι</strong></span> <span class='ocrx_word' id='word_1_647' title='bbox 3532 1574 3624 1628; x_wconf 86' lang='grc' dir='ltr'><strong>δυ-</strong></span> 
     </span>
    </p>
   </div>
   <div class='ocr_carea' id='block_1_82' title="bbox 1942 1657 3623 1731">
    <p class='ocr_par' dir='ltr' id='par_1_82' title="bbox 1942 1657 3623 1731">
     <span class='ocr_line' id='line_1_83' title="bbox 1942 1657 3623 1731; baseline 0.002 -20"><span class='ocrx_word' id='word_1_648' title='bbox 1942 1660 2186 1727; x_wconf 83' lang='grc' dir='ltr'><strong>νήσεται,</strong></span> <span class='ocrx_word' id='word_1_649' title='bbox 2220 1659 2493 1729; x_wconf 85' lang='grc' dir='ltr'><strong>δρεπάνην</strong></span> <span class='ocrx_word' id='word_1_650' title='bbox 2519 1659 2575 1712; x_wconf 83' lang='grc' dir='ltr'><strong>δὲ</strong></span> <span class='ocrx_word' id='word_1_651' title='bbox 2609 1660 2689 1720; x_wconf 88' lang='grc' dir='ltr'><strong>εἰς</strong></span> <span class='ocrx_word' id='word_1_652' title='bbox 2718 1658 2812 1711; x_wconf 83' lang='grc' dir='ltr'><strong>τὸν</strong></span> <span class='ocrx_word' id='word_1_653' title='bbox 2843 1657 3117 1730; x_wconf 85' lang='grc' dir='ltr'><strong>τράχηλον</strong></span> <span class='ocrx_word' id='word_1_654' title='bbox 3150 1659 3499 1731; x_wconf 75' lang='grc' dir='ltr'><strong>ἐμπεσοῦσαν</strong></span> <span class='ocrx_word' id='word_1_655' title='bbox 3524 1662 3623 1715; x_wconf 79' lang='lat' dir='ltr'><strong><em>zeal</em></strong></span> 
     </span>
    </p>
   </div>
   <div class='ocr_carea' id='block_1_83' title="bbox 1922 1744 3625 1817">
    <p class='ocr_par' dir='ltr' id='par_1_83' title="bbox 1922 1744 3625 1817">
     <span class='ocr_line' id='line_1_84' title="bbox 1922 1744 3625 1817; baseline 0.002 -19"><span class='ocrx_word' id='word_1_656' title='bbox 1922 1744 2065 1798; x_wconf 52' lang='grc' dir='ltr'><strong>ίὰντὶ</strong></span> <span class='ocrx_word' id='word_1_657' title='bbox 2099 1745 2331 1816; x_wconf 87' lang='grc' dir='ltr'><strong>σχοινίου</strong></span> <span class='ocrx_word' id='word_1_658' title='bbox 2361 1744 2679 1817; x_wconf 88' lang='grc' dir='ltr'><strong>γενομένην,</strong></span> <span class='ocrx_word' id='word_1_659' title='bbox 2701 1746 2874 1809; x_wconf 78' lang='grc' dir='ltr'><strong>οὐδεὶς</strong></span> <span class='ocrx_word' id='word_1_660' title='bbox 2913 1744 2981 1799; x_wconf 78' lang='grc' dir='ltr'><strong>ἂν</strong></span> <span class='ocrx_word' id='word_1_661' title='bbox 3007 1744 3425 1815; x_wconf 82' lang='grc' dir='ltr'><strong>διαφύγοι-ὃταν</strong></span> <span class='ocrx_word' id='word_1_662' title='bbox 3454 1747 3511 1801; x_wconf 88' lang='grc' dir='ltr'><strong>δέ</strong></span> <span class='ocrx_word' id='word_1_663' title='bbox 3528 1748 3625 1802; x_wconf 87' lang='lat' dir='ltr'><strong><em>zeal</em></strong></span> 
     </span>
    </p>
   </div>
   <div class='ocr_carea' id='block_1_84' title="bbox 1945 1833 3626 1905">
    <p class='ocr_par' dir='ltr' id='par_1_84' title="bbox 1945 1833 3626 1905">
     <span class='ocr_line' id='line_1_85' title="bbox 1945 1833 3626 1905; baseline 0.002 -19"><span class='ocrx_word' id='word_1_664' title='bbox 1945 1833 2123 1904; x_wconf 87' lang='grc' dir='ltr'><strong>πτερά</strong></span> <span class='ocrx_word' id='word_1_665' title='bbox 2151 1836 2351 1905; x_wconf 89' lang='grc' dir='ltr'><strong>προσῇ,</strong></span> <span class='ocrx_word' id='word_1_666' title='bbox 2374 1834 2502 1888; x_wconf 91' lang='grc' dir='ltr'><strong>ποία</strong></span> <span class='ocrx_word' id='word_1_667' title='bbox 2527 1833 2712 1887; x_wconf 76' lang='grc' dir='ltr'><strong>λοιπὸν</strong></span> <span class='ocrx_word' id='word_1_668' title='bbox 2742 1834 3014 1905; x_wconf 85' lang='grc' dir='ltr'><strong>σωτηρίας</strong></span> <span class='ocrx_word' id='word_1_669' title='bbox 3046 1833 3231 1900; x_wconf 86' lang='grc' dir='ltr'><strong>ἐλπίς;</strong></span> <span class='ocrx_word' id='word_1_670' title='bbox 3262 1834 3418 1900; x_wconf 87' lang='grc' dir='ltr'><strong>Τίνος</strong></span> <span class='ocrx_word' id='word_1_671' title='bbox 3437 1834 3493 1889; x_wconf 83' lang='grc' dir='ltr'><strong>δὲ</strong></span> <span class='ocrx_word' id='word_1_672' title='bbox 3514 1836 3626 1890; x_wconf 76' lang='grc' dir='ltr'><strong>ἐνε-</strong></span> 
     </span>
    </p>
   </div>
   <div class='ocr_carea' id='block_1_85' title="bbox 1945 1920 3623 1995">
    <p class='ocr_par' dir='ltr' id='par_1_85' title="bbox 1945 1920 3623 1995">
     <span class='ocr_line' id='line_1_86' title="bbox 1945 1920 3623 1995; baseline 0.004 -23"><span class='ocrx_word' id='word_1_673' title='bbox 1945 1936 2040 1974; x_wconf 89' lang='grc' dir='ltr'><strong>κεν</strong></span> <span class='ocrx_word' id='word_1_674' title='bbox 2070 1922 2197 1985; x_wconf 81' lang='grc' dir='ltr'><strong>τοὺς</strong></span> <span class='ocrx_word' id='word_1_675' title='bbox 2231 1921 2415 1985; x_wconf 87' lang='grc' dir='ltr'><strong>λίθους</strong></span> <span class='ocrx_word' id='word_1_676' title='bbox 2450 1922 2546 1975; x_wconf 86' lang='lat' dir='ltr'><strong><em>zeal</em></strong></span> <span class='ocrx_word' id='word_1_677' title='bbox 2568 1921 2638 1975; x_wconf 85' lang='grc' dir='ltr'><strong>τά</strong></span> <span class='ocrx_word' id='word_1_678' title='bbox 2674 1920 2805 1986; x_wconf 87' lang='grc' dir='ltr'><strong>ξύλα</strong></span> <span class='ocrx_word' id='word_1_679' title='bbox 2852 1920 3115 1976; x_wconf 83' lang='grc' dir='ltr'><strong>καταλύει</strong></span> <span class='ocrx_word' id='word_1_680' title='bbox 3171 1921 3265 1975; x_wconf 90' lang='grc' dir='ltr'><strong>τοῦ</strong></span> <span class='ocrx_word' id='word_1_681' title='bbox 3298 1923 3623 1995; x_wconf 77' lang='grc' dir='ltr'><strong>ὀμνύοντοςς</strong></span> 
     </span>
    </p>
   </div>
   <div class='ocr_carea' id='block_1_86' title="bbox 1946 2007 3625 2084">
    <p class='ocr_par' dir='ltr' id='par_1_86' title="bbox 1946 2007 3625 2084">
     <span class='ocr_line' id='line_1_87' title="bbox 1946 2007 3625 2084; baseline 0.003 -25"><span class='ocrx_word' id='word_1_682' title='bbox 1946 2007 2065 2062; x_wconf 84' lang='grc' dir='ltr'><strong>Ἵνα</strong></span> <span class='ocrx_word' id='word_1_683' title='bbox 2100 2011 2216 2073; x_wconf 88' lang='grc' dir='ltr'><strong>τοῖς</strong></span> <span class='ocrx_word' id='word_1_684' title='bbox 2243 2008 2424 2073; x_wconf 81' lang='grc' dir='ltr'><strong>ἄλλοις</strong></span> <span class='ocrx_word' id='word_1_685' title='bbox 2445 2008 2825 2080; x_wconf 82' lang='grc' dir='ltr'><strong>σωφρονισμὸς</strong></span> <span class='ocrx_word' id='word_1_686' title='bbox 2851 2008 2912 2061; x_wconf 82' lang='grc' dir='ltr'><strong>τὸ</strong></span> <span class='ocrx_word' id='word_1_687' title='bbox 2941 2007 3114 2074; x_wconf 89' lang='grc' dir='ltr'><strong>πάθος</strong></span> <span class='ocrx_word' id='word_1_688' title='bbox 3141 2008 3384 2083; x_wconf 86' lang='grc' dir='ltr'><strong>γένηται.</strong></span> <span class='ocrx_word' id='word_1_689' title='bbox 3404 2010 3625 2084; x_wconf 75' lang='grc' dir='ltr'><strong>Ἐπειδὴ</strong></span> 
     </span>
    </p>
   </div>
   <div class='ocr_carea' id='block_1_87' title="bbox 1944 2095 3623 2172">
    <p class='ocr_par' dir='ltr' id='par_1_87' title="bbox 1944 2095 3623 2172">
     <span class='ocr_line' id='line_1_88' title="bbox 1944 2095 3623 2172; baseline 0.004 -23"><span class='ocrx_word' id='word_1_690' title='bbox 1944 2095 2053 2167; x_wconf 83' lang='grc' dir='ltr'><strong>γὰρ</strong></span> <span class='ocrx_word' id='word_1_691' title='bbox 2076 2095 2167 2150; x_wconf 82' lang='grc' dir='ltr'><strong>τὸν</strong></span> <span class='ocrx_word' id='word_1_692' title='bbox 2191 2095 2458 2169; x_wconf 88' lang='grc' dir='ltr'><strong>ὀμνύοντα</strong></span> <span class='ocrx_word' id='word_1_693' title='bbox 2478 2098 2818 2152; x_wconf 85' lang='grc' dir='ltr'><strong>ἀποθανόντα</strong></span> <span class='ocrx_word' id='word_1_694' title='bbox 2841 2096 3057 2168; x_wconf 88' lang='grc' dir='ltr'><strong>ἀνάγκη</strong></span> <span class='ocrx_word' id='word_1_695' title='bbox 3071 2099 3138 2170; x_wconf 75' lang='grc' dir='ltr'><strong>τῇ</strong></span> <span class='ocrx_word' id='word_1_696' title='bbox 3165 2100 3236 2170; x_wconf 73' lang='grc' dir='ltr'><strong>γῇ</strong></span> <span class='ocrx_word' id='word_1_697' title='bbox 3265 2098 3623 2172; x_wconf 85' lang='grc' dir='ltr'><strong>κρύπτεσθαι,</strong></span> 
     </span>
    </p>
   </div>
   <div class='ocr_carea' id='block_1_88' title="bbox 1943 2183 3623 2259">
    <p class='ocr_par' dir='ltr' id='par_1_88' title="bbox 1943 2183 3623 2259">
     <span class='ocr_line' id='line_1_89' title="bbox 1943 2183 3623 2259; baseline 0.004 -22"><span class='ocrx_word' id='word_1_698' title='bbox 1943 2185 1977 2253; x_wconf 77' lang='grc' dir='ltr'>ἡ</span> <span class='ocrx_word' id='word_1_699' title='bbox 2002 2183 2148 2237; x_wconf 60' lang='grc' dir='ltr'><strong>οἰκία</strong></span> <span class='ocrx_word' id='word_1_700' title='bbox 2176 2184 2546 2239; x_wconf 89' lang='grc' dir='ltr'><strong>καταλυθεῖσα</strong></span> <span class='ocrx_word' id='word_1_701' title='bbox 2573 2186 2669 2239; x_wconf 80' lang='grc' dir='ltr'><strong>καὶ</strong></span> <span class='ocrx_word' id='word_1_702' title='bbox 2694 2185 2857 2257; x_wconf 86' lang='grc' dir='ltr'><strong>χῶμα</strong></span> <span class='ocrx_word' id='word_1_703' title='bbox 2882 2185 3153 2258; x_wconf 86' lang='grc' dir='ltr'><strong>γενομένη</strong></span> <span class='ocrx_word' id='word_1_704' title='bbox 3185 2187 3298 2249; x_wconf 80' lang='grc' dir='ltr'><strong>τοῖς</strong></span> <span class='ocrx_word' id='word_1_705' title='bbox 3329 2186 3623 2259; x_wconf 88' lang='grc' dir='ltr'><strong>παριοῦσιν</strong></span> 
     </span>
    </p>
   </div>
   <div class='ocr_carea' id='block_1_89' title="bbox 1945 2271 3629 2349">
    <p class='ocr_par' dir='ltr' id='par_1_89' title="bbox 1945 2271 3629 2349">
     <span class='ocr_line' id='line_1_90' title="bbox 1945 2271 3629 2349; baseline 0.003 -23"><span class='ocrx_word' id='word_1_706' title='bbox 1945 2271 2116 2326; x_wconf 78' lang='grc' dir='ltr'><strong>ἅπασι</strong></span> <span class='ocrx_word' id='word_1_707' title='bbox 2152 2272 2247 2326; x_wconf 90' lang='lat' dir='ltr'><strong><em>zeal</em></strong></span> <span class='ocrx_word' id='word_1_708' title='bbox 2277 2272 2533 2343; x_wconf 85' lang='grc' dir='ltr'><strong>βλέπουσι</strong></span> <span class='ocrx_word' id='word_1_709' title='bbox 2563 2273 2956 2344; x_wconf 86' lang='grc' dir='ltr'><strong>παραινέσεται</strong></span> <span class='ocrx_word' id='word_1_710' title='bbox 2991 2272 3081 2327; x_wconf 88' lang='grc' dir='ltr'><strong>διὰ</strong></span> <span class='ocrx_word' id='word_1_711' title='bbox 3098 2271 3198 2347; x_wconf 83' lang='grc' dir='ltr'><strong>τῆς</strong></span> <span class='ocrx_word' id='word_1_712' title='bbox 3228 2272 3426 2345; x_wconf 71' lang='grc' dir='ltr'><strong>ὅψεως,</strong></span> <span class='ocrx_word' id='word_1_713' title='bbox 3461 2275 3537 2349; x_wconf 78' lang='grc' dir='ltr'><strong>μὴ</strong></span> <span class='ocrx_word' id='word_1_714' title='bbox 3557 2276 3629 2331; x_wconf 90' lang='grc' dir='ltr'><strong>τά</strong></span> 
     </span>
    </p>
   </div>
   <div class='ocr_carea' id='block_1_90' title="bbox 1946 2359 3629 2437">
    <p class='ocr_par' dir='ltr' id='par_1_90' title="bbox 1946 2359 3629 2437">
     <span class='ocr_line' id='line_1_91' title="bbox 1946 2359 3629 2437; baseline 0.004 -24"><span class='ocrx_word' id='word_1_715' title='bbox 1946 2359 2087 2414; x_wconf 84' lang='grc' dir='ltr'><strong>αύτά</strong></span> <span class='ocrx_word' id='word_1_716' title='bbox 2107 2360 2333 2433; x_wconf 81' lang='grc' dir='ltr'><strong>τολμᾷν,</strong></span> <span class='ocrx_word' id='word_1_717' title='bbox 2358 2361 2446 2414; x_wconf 82' lang='grc' dir='ltr'><strong>ἴνα</strong></span> <span class='ocrx_word' id='word_1_718' title='bbox 2480 2360 2554 2432; x_wconf 79' lang='grc' dir='ltr'><strong>μὴ</strong></span> <span class='ocrx_word' id='word_1_719' title='bbox 2584 2359 2654 2414; x_wconf 77' lang='grc' dir='ltr'><strong>τὰ</strong></span> <span class='ocrx_word' id='word_1_720' title='bbox 2695 2361 2838 2416; x_wconf 81' lang='grc' dir='ltr'><strong>αῦτά</strong></span> <span class='ocrx_word' id='word_1_721' title='bbox 2879 2360 3118 2427; x_wconf 87' lang='grc' dir='ltr'><strong>πάθωσι,</strong></span> <span class='ocrx_word' id='word_1_722' title='bbox 3168 2361 3265 2415; x_wconf 80' lang='grc' dir='ltr'><strong>καὶ</strong></span> <span class='ocrx_word' id='word_1_723' title='bbox 3318 2364 3629 2437; x_wconf 84' lang='grc' dir='ltr'><strong>κατήγορος</strong></span> 
     </span>
    </p>
   </div>
   <div class='ocr_carea' id='block_1_91' title="bbox 1945 2444 3630 2524">
    <p class='ocr_par' dir='ltr' id='par_1_91' title="bbox 1945 2444 3630 2524">
     <span class='ocr_line' id='line_1_92' title="bbox 1945 2444 3630 2524; baseline 0.004 -26"><span class='ocrx_word' id='word_1_724' title='bbox 1945 2444 2100 2500; x_wconf 72' lang='grc' dir='ltr'><strong>ἔσται</strong></span> <span class='ocrx_word' id='word_1_725' title='bbox 2127 2446 2233 2516; x_wconf 80' lang='grc' dir='ltr'><strong>τῆς</strong></span> <span class='ocrx_word' id='word_1_726' title='bbox 2261 2446 2355 2501; x_wconf 80' lang='grc' dir='ltr'><strong>τοῦ</strong></span> <span class='ocrx_word' id='word_1_727' title='bbox 2394 2447 2845 2518; x_wconf 84' lang='grc' dir='ltr'><strong>τετελευτηκότος</strong></span> <span class='ocrx_word' id='word_1_728' title='bbox 2896 2448 3173 2522; x_wconf 90' lang='grc' dir='ltr'><strong>ἁμαρτίας</strong></span> <span class='ocrx_word' id='word_1_729' title='bbox 3210 2448 3484 2524; x_wconf 71' lang='grc' dir='ltr'><strong>διηνεκὴς.</strong></span> <span class='ocrx_word' id='word_1_730' title='bbox 3514 2451 3630 2523; x_wconf 81' lang='grc' dir='ltr'><strong>οὐχ</strong></span> 
     </span>
    </p>
   </div>
   <div class='ocr_carea' id='block_1_92' title="bbox 1945 2533 3632 2611">
    <p class='ocr_par' dir='ltr' id='par_1_92' title="bbox 1945 2533 3632 2611">
     <span class='ocr_line' id='line_1_93' title="bbox 1945 2533 3632 2611; baseline 0.003 -23"><span class='ocrx_word' id='word_1_731' title='bbox 1945 2533 2087 2588; x_wconf 73' lang='grc' dir='ltr'><strong>οὕτω</strong></span> <span class='ocrx_word' id='word_1_732' title='bbox 2110 2538 2294 2589; x_wconf 89' lang='grc' dir='ltr'><strong>κεντεῖ</strong></span> <span class='ocrx_word' id='word_1_733' title='bbox 2323 2535 2496 2604; x_wconf 86' lang='grc' dir='ltr'><strong>ξίφος,</strong></span> <span class='ocrx_word' id='word_1_734' title='bbox 2532 2535 2606 2599; x_wconf 82' lang='grc' dir='ltr'><strong>ὡς</strong></span> <span class='ocrx_word' id='word_1_735' title='bbox 2639 2536 2802 2611; x_wconf 70' lang='grc' dir='ltr'><strong>ὅρκου</strong></span> <span class='ocrx_word' id='word_1_736' title='bbox 2830 2534 3013 2607; x_wconf 78' lang='grc' dir='ltr'><strong>φύσιςο</strong></span> <span class='ocrx_word' id='word_1_737' title='bbox 3046 2537 3146 2610; x_wconf 85' lang='grc' dir='ltr'><strong>οὐχ</strong></span> <span class='ocrx_word' id='word_1_738' title='bbox 3190 2536 3365 2603; x_wconf 77' lang='grc' dir='ltr'><strong>οὕτως</strong></span> <span class='ocrx_word' id='word_1_739' title='bbox 3414 2538 3632 2610; x_wconf 86' lang='grc' dir='ltr'><strong>ἀναιρεῖ</strong></span> 
     </span>
    </p>
   </div>
   <div class='ocr_carea' id='block_1_93' title="bbox 1950 2625 3629 2705">
    <p class='ocr_par' dir='ltr' id='par_1_93' title="bbox 1950 2625 3629 2705">
     <span class='ocr_line' id='line_1_94' title="bbox 1950 2625 3629 2705; baseline 0.005 -27"><span class='ocrx_word' id='word_1_740' title='bbox 1950 2625 2220 2697; x_wconf 86' lang='grc' dir='ltr'><strong>μάχαιρα.</strong></span> <span class='ocrx_word' id='word_1_741' title='bbox 2271 2626 2349 2690; x_wconf 83' lang='grc' dir='ltr'><strong>ὡς</strong></span> <span class='ocrx_word' id='word_1_742' title='bbox 2396 2628 2560 2700; x_wconf 77' lang='grc' dir='ltr'><strong>ὅρκου</strong></span> <span class='ocrx_word' id='word_1_743' title='bbox 2595 2626 2802 2701; x_wconf 80' lang='grc' dir='ltr'><strong>πληγή.</strong></span> <span class='ocrx_word' id='word_1_744' title='bbox 2844 2628 2903 2682; x_wconf 85' lang='lat'><strong>&#39;0</strong></span> <span class='ocrx_word' id='word_1_745' title='bbox 2925 2628 3155 2700; x_wconf 84' lang='grc' dir='ltr'><strong>ὀμόσας,</strong></span> <span class='ocrx_word' id='word_1_746' title='bbox 3208 2629 3313 2684; x_wconf 81' lang='grc' dir='ltr'><strong>κᾶν</strong></span> <span class='ocrx_word' id='word_1_747' title='bbox 3345 2630 3477 2704; x_wconf 80' lang='grc' dir='ltr'><strong>δοκῇ</strong></span> <span class='ocrx_word' id='word_1_748' title='bbox 3506 2629 3629 2705; x_wconf 71' lang='grc' dir='ltr'><strong>ζῇν,</strong></span> 
     </span>
    </p>
   </div>
   <div class='ocr_carea' id='block_1_94' title="bbox 1946 2712 3632 2794">
    <p class='ocr_par' dir='ltr' id='par_1_94' title="bbox 1946 2712 3632 2794">
     <span class='ocr_line' id='line_1_95' title="bbox 1946 2712 3632 2794; baseline 0.004 -27"><span class='ocrx_word' id='word_1_749' title='bbox 1946 2712 2049 2784; x_wconf 65' lang='grc' dir='ltr'><strong>ἤδη</strong></span> <span class='ocrx_word' id='word_1_750' title='bbox 2077 2712 2451 2785; x_wconf 85' lang='grc' dir='ltr'><strong>τετελεύτηκε,</strong></span> <span class='ocrx_word' id='word_1_751' title='bbox 2488 2714 2584 2769; x_wconf 87' lang='lat' dir='ltr'><strong><em>zeal</em></strong></span> <span class='ocrx_word' id='word_1_752' title='bbox 2604 2714 2703 2786; x_wconf 84' lang='grc' dir='ltr'><strong>τὴν</strong></span> <span class='ocrx_word' id='word_1_753' title='bbox 2742 2714 2957 2788; x_wconf 78' lang='grc' dir='ltr'><strong>πληγὴν</strong></span> <span class='ocrx_word' id='word_1_754' title='bbox 2985 2716 3221 2783; x_wconf 69' lang='grc' dir='ltr'><strong>ἐδέξατο*</strong></span> <span class='ocrx_word' id='word_1_755' title='bbox 3247 2718 3342 2772; x_wconf 86' lang='lat' dir='ltr'><strong><em>zeal</em></strong></span> <span class='ocrx_word' id='word_1_756' title='bbox 3378 2719 3632 2794; x_wconf 89' lang='grc' dir='ltr'><strong>καθάπερ</strong></span> 
     </span>
    </p>
   </div>
   <div class='ocr_carea' id='block_1_95' title="bbox 1947 2800 3632 2874">
    <p class='ocr_par' dir='ltr' id='par_1_95' title="bbox 1947 2800 3632 2874">
     <span class='ocr_line' id='line_1_96' title="bbox 1947 2800 3632 2874; baseline 0.005 -19"><span class='ocrx_word' id='word_1_757' title='bbox 1947 2802 1976 2855; x_wconf 89' lang='grc' dir='ltr'><strong>ὀ</strong></span> <span class='ocrx_word' id='word_1_758' title='bbox 1997 2800 2060 2854; x_wconf 82' lang='grc' dir='ltr'><strong>τὸ</strong></span> <span class='ocrx_word' id='word_1_759' title='bbox 2091 2803 2354 2872; x_wconf 88' lang='grc' dir='ltr'><strong>σπαρτίον</strong></span> <span class='ocrx_word' id='word_1_760' title='bbox 2374 2801 2574 2868; x_wconf 87' lang='grc' dir='ltr'><strong>λαϐὼν,</strong></span> <span class='ocrx_word' id='word_1_761' title='bbox 2597 2803 2693 2857; x_wconf 87' lang='lat' dir='ltr'><strong><em>zeal</em></strong></span> <span class='ocrx_word' id='word_1_762' title='bbox 2716 2802 2845 2874; x_wconf 74' lang='grc' dir='ltr'><strong>πρὶν</strong></span> <span class='ocrx_word' id='word_1_763' title='bbox 2870 2803 2904 2874; x_wconf 81' lang='grc' dir='ltr'>ἢ</span> <span class='ocrx_word' id='word_1_764' title='bbox 2935 2803 3037 2874; x_wconf 77' lang='grc' dir='ltr'><strong>τὴν</strong></span> <span class='ocrx_word' id='word_1_765' title='bbox 3062 2804 3217 2859; x_wconf 81' lang='grc' dir='ltr'><strong>πόλιν</strong></span> <span class='ocrx_word' id='word_1_766' title='bbox 3246 2805 3506 2873; x_wconf 82' lang='grc' dir='ltr'><strong>ἐξελθεῖν,</strong></span> <span class='ocrx_word' id='word_1_767' title='bbox 3534 2808 3632 2863; x_wconf 85' lang='lat' dir='ltr'><strong><em>zeal</em></strong></span> 
     </span>
    </p>
   </div>
   <div class='ocr_carea' id='block_1_96' title="bbox 1948 2888 3631 2969">
    <p class='ocr_par' dir='ltr' id='par_1_96' title="bbox 1948 2888 3631 2969">
     <span class='ocr_line' id='line_1_97' title="bbox 1948 2888 3631 2969; baseline 0.005 -28"><span class='ocrx_word' id='word_1_768' title='bbox 1948 2888 2042 2941; x_wconf 74' lang='grc' dir='ltr'><strong>ἐπὶ</strong></span> <span class='ocrx_word' id='word_1_769' title='bbox 2091 2888 2153 2942; x_wconf 82' lang='grc' dir='ltr'><strong>τὸ</strong></span> <span class='ocrx_word' id='word_1_770' title='bbox 2181 2889 2455 2965; x_wconf 88' lang='grc' dir='ltr'><strong>βάραθρον</strong></span> <span class='ocrx_word' id='word_1_771' title='bbox 2474 2889 2669 2954; x_wconf 85' lang='grc' dir='ltr'><strong>ἐλθεῖν,</strong></span> <span class='ocrx_word' id='word_1_772' title='bbox 2721 2890 2817 2944; x_wconf 86' lang='lat' dir='ltr'><strong><em>zeal</em></strong></span> <span class='ocrx_word' id='word_1_773' title='bbox 2843 2889 3037 2962; x_wconf 78' lang='grc' dir='ltr'><strong>δήμιον</strong></span> <span class='ocrx_word' id='word_1_774' title='bbox 3075 2891 3205 2946; x_wconf 86' lang='grc' dir='ltr'><strong>ίδεῖν</strong></span> <span class='ocrx_word' id='word_1_775' title='bbox 3243 2893 3631 2969; x_wconf 78' lang='grc' dir='ltr'><strong>ἐφιστάμενον,</strong></span> 
     </span>
    </p>
   </div>
   <div class='ocr_carea' id='block_1_97' title="bbox 1947 2974 3630 3054">
    <p class='ocr_par' dir='ltr' id='par_1_97' title="bbox 1947 2974 3630 3054">
     <span class='ocr_line' id='line_1_98' title="bbox 1947 2974 3630 3054; baseline 0.007 -27"><span class='ocrx_word' id='word_1_776' title='bbox 1947 2974 2209 3045; x_wconf 86' lang='grc' dir='ltr'><strong>τέθνηκεν</strong></span> <span class='ocrx_word' id='word_1_777' title='bbox 2237 2977 2355 3047; x_wconf 77' lang='grc' dir='ltr'><strong>ἅμα</strong></span> <span class='ocrx_word' id='word_1_778' title='bbox 2380 2976 2461 3047; x_wconf 84' lang='grc' dir='ltr'><strong>τῷ</strong></span> <span class='ocrx_word' id='word_1_779' title='bbox 2487 2975 2587 3040; x_wconf 86' lang='grc' dir='ltr'><strong>τὰς</strong></span> <span class='ocrx_word' id='word_1_780' title='bbox 2636 2976 2807 3049; x_wconf 89' lang='grc' dir='ltr'><strong>θύρας</strong></span> <span class='ocrx_word' id='word_1_781' title='bbox 2831 2977 3071 3043; x_wconf 81' lang='grc' dir='ltr'><strong>ἐξελθεῖν</strong></span> <span class='ocrx_word' id='word_1_782' title='bbox 3123 2979 3219 3035; x_wconf 88' lang='grc' dir='ltr'><strong>τοῦ</strong></span> <span class='ocrx_word' id='word_1_783' title='bbox 3253 2980 3630 3054; x_wconf 83' lang='grc' dir='ltr'><strong>δικαστηρίου,</strong></span> 
     </span>
    </p>
   </div>
   <div class='ocr_carea' id='block_1_98' title="bbox 1949 3060 3635 3142">
    <p class='ocr_par' dir='ltr' id='par_1_98' title="bbox 1949 3060 3635 3142">
     <span class='ocr_line' id='line_1_99' title="bbox 1949 3060 3635 3142; baseline 0.006 -27"><span class='ocrx_word' id='word_1_784' title='bbox 1949 3060 2094 3116; x_wconf 79' lang='grc' dir='ltr'><strong>οὓτω</strong></span> <span class='ocrx_word' id='word_1_785' title='bbox 2127 3063 2223 3117; x_wconf 89' lang='lat' dir='ltr'><strong><em>zeal</em></strong></span> <span class='ocrx_word' id='word_1_786' title='bbox 2249 3065 2278 3117; x_wconf 92' lang='lat'><strong>6</strong></span> <span class='ocrx_word' id='word_1_787' title='bbox 2326 3063 2555 3134; x_wconf 90' lang='grc' dir='ltr'><strong>ὀμόσας.</strong></span> <span class='ocrx_word' id='word_1_788' title='bbox 2604 3064 2791 3118; x_wconf 89' lang='grc' dir='ltr'><strong>Ταῦτα</strong></span> <span class='ocrx_word' id='word_1_789' title='bbox 2846 3064 3213 3138; x_wconf 80' lang='grc' dir='ltr'><strong>λογιζώμεθα,</strong></span> <span class='ocrx_word' id='word_1_790' title='bbox 3249 3069 3345 3122; x_wconf 87' lang='lat' dir='ltr'><strong><em>zeal</em></strong></span> <span class='ocrx_word' id='word_1_791' title='bbox 3376 3069 3452 3142; x_wconf 77' lang='grc' dir='ltr'><strong>μὴ</strong></span> <span class='ocrx_word' id='word_1_792' title='bbox 3481 3070 3635 3142; x_wconf 69' lang='lat' dir='ltr'><strong>6px!-</strong></span> 
     </span>
    </p>
   </div>
   <div class='ocr_carea' id='block_1_99' title="bbox 1951 3144 3634 3230">
    <p class='ocr_par' dir='ltr' id='par_1_99' title="bbox 1951 3144 3634 3230">
     <span class='ocr_line' id='line_1_100' title="bbox 1951 3144 3634 3230; baseline 0.007 -28"><span class='ocrx_word' id='word_1_793' title='bbox 1951 3149 2133 3220; x_wconf 81' lang='grc' dir='ltr'><strong>ζωμεν</strong></span> <span class='ocrx_word' id='word_1_794' title='bbox 2156 3150 2282 3213; x_wconf 78' lang='grc' dir='ltr'><strong>τοῦς</strong></span> <span class='ocrx_word' id='word_1_795' title='bbox 2311 3150 2595 3221; x_wconf 80' lang='grc' dir='ltr'><strong>ἀδελφούς.</strong></span> <span class='ocrx_word' id='word_1_796' title='bbox 2654 3144 2720 3204; x_wconf 84' lang='grc' dir='ltr'><strong>Τί</strong></span> <span class='ocrx_word' id='word_1_797' title='bbox 2758 3155 2955 3219; x_wconf 87' lang='grc' dir='ltr'><strong>ποιεῖς,</strong></span> <span class='ocrx_word' id='word_1_798' title='bbox 2984 3154 3276 3227; x_wconf 76' lang='grc' dir='ltr'><strong>ἁνθρωπες</strong></span> <span class='ocrx_word' id='word_1_799' title='bbox 3304 3156 3398 3211; x_wconf 76' lang='grc' dir='ltr'><strong>ἐπὶ</strong></span> <span class='ocrx_word' id='word_1_800' title='bbox 3419 3159 3634 3230; x_wconf 83' lang='grc' dir='ltr'><strong>τραπέ-</strong></span> 
     </span>
    </p>
   </div>
   <div class='ocr_carea' id='block_1_100' title="bbox 1940 3235 3636 3319">
    <p class='ocr_par' dir='ltr' id='par_1_100' title="bbox 1940 3235 3636 3319">
     <span class='ocr_line' id='line_1_101' title="bbox 1940 3235 3636 3319; baseline 0.007 -30"><span class='ocrx_word' id='word_1_801' title='bbox 1940 3235 2051 3306; x_wconf 69' lang='grc' dir='ltr'><strong>ζης</strong></span> <span class='ocrx_word' id='word_1_802' title='bbox 2081 3236 2320 3308; x_wconf 83' lang='grc' dir='ltr'><strong>ὁρκίζεις</strong></span> <span class='ocrx_word' id='word_1_803' title='bbox 2349 3237 2520 3308; x_wconf 79' lang='grc' dir='ltr'><strong>ἱερᾶς,</strong></span> <span class='ocrx_word' id='word_1_804' title='bbox 2564 3238 2658 3291; x_wconf 72' lang='grc' dir='ltr'><strong>καὶ</strong></span> <span class='ocrx_word' id='word_1_805' title='bbox 2686 3237 2816 3293; x_wconf 78' lang='grc' dir='ltr'><strong>ἔνθα</strong></span> <span class='ocrx_word' id='word_1_806' title='bbox 2865 3241 2894 3293; x_wconf 90' lang='lat'><strong>6</strong></span> <span class='ocrx_word' id='word_1_807' title='bbox 2920 3242 3158 3311; x_wconf 84' lang='grc' dir='ltr'><strong>Χριστὸς</strong></span> <span class='ocrx_word' id='word_1_808' title='bbox 3187 3247 3364 3298; x_wconf 88' lang='grc' dir='ltr'><strong>κεῖται</strong></span> <span class='ocrx_word' id='word_1_809' title='bbox 3400 3246 3636 3319; x_wconf 78' lang='grc' dir='ltr'><strong>τεθυμέ-</strong></span> 
     </span>
    </p>
   </div>
   <div class='ocr_carea' id='block_1_101' title="bbox 1951 3322 3635 3408">
    <p class='ocr_par' dir='ltr' id='par_1_101' title="bbox 1951 3322 3635 3408">
     <span class='ocr_line' id='line_1_102' title="bbox 1951 3322 3635 3408; baseline 0.009 -31"><span class='ocrx_word' id='word_1_810' title='bbox 1951 3341 2062 3389; x_wconf 90' lang='grc' dir='ltr'><strong>νος,</strong></span> <span class='ocrx_word' id='word_1_811' title='bbox 2094 3325 2212 3377; x_wconf 85' lang='grc' dir='ltr'><strong>ἐκεῖ</strong></span> <span class='ocrx_word' id='word_1_812' title='bbox 2236 3322 2328 3378; x_wconf 83' lang='grc' dir='ltr'><strong>τὸν</strong></span> <span class='ocrx_word' id='word_1_813' title='bbox 2366 3323 2596 3393; x_wconf 84' lang='grc' dir='ltr'><strong>ἀδελφὸν</strong></span> <span class='ocrx_word' id='word_1_814' title='bbox 2637 3326 2934 3393; x_wconf 88' lang='grc' dir='ltr'><strong>καταθύεις</strong></span> <span class='ocrx_word' id='word_1_815' title='bbox 2964 3328 3059 3381; x_wconf 82' lang='grc' dir='ltr'><strong>τὸν</strong></span> <span class='ocrx_word' id='word_1_816' title='bbox 3097 3331 3226 3397; x_wconf 75' lang='grc' dir='ltr'><strong>σονς</strong></span> <span class='ocrx_word' id='word_1_817' title='bbox 3285 3333 3399 3388; x_wconf 84' lang='lat' dir='ltr'><strong><em>Kal</em></strong></span> <span class='ocrx_word' id='word_1_818' title='bbox 3443 3337 3491 3389; x_wconf 90' lang='grc' dir='ltr'><strong>οἰ</strong></span> <span class='ocrx_word' id='word_1_819' title='bbox 3533 3337 3635 3408; x_wconf 72' lang='grc' dir='ltr'><strong>μὲν</strong></span> 
     </span>
    </p>
   </div>
   <div class='ocr_carea' id='block_1_102' title="bbox 1951 3411 3635 3498">
    <p class='ocr_par' dir='ltr' id='par_1_102' title="bbox 1951 3411 3635 3498">
     <span class='ocr_line' id='line_1_103' title="bbox 1951 3411 3635 3498; baseline 0.008 -33"><span class='ocrx_word' id='word_1_820' title='bbox 1951 3411 2148 3484; x_wconf 76' lang='grc' dir='ltr'><strong>λῃσταὶ</strong></span> <span class='ocrx_word' id='word_1_821' title='bbox 2179 3412 2271 3465; x_wconf 70' lang='grc' dir='ltr'><strong>ἐπὶ</strong></span> <span class='ocrx_word' id='word_1_822' title='bbox 2296 3412 2405 3466; x_wconf 86' lang='grc' dir='ltr'><strong>τῶν</strong></span> <span class='ocrx_word' id='word_1_823' title='bbox 2420 3413 2554 3466; x_wconf 81' lang='grc' dir='ltr'><strong>ὁδῶν</strong></span> <span class='ocrx_word' id='word_1_824' title='bbox 2577 3412 2598 3452; x_wconf 68' lang='grc' dir='ltr'><em>τ</em></span> <span class='ocrx_word' id='word_1_825' title='bbox 2616 3413 2825 3477; x_wconf 88' lang='grc' dir='ltr'><strong>θύουσι,</strong></span> <span class='ocrx_word' id='word_1_826' title='bbox 2855 3415 2920 3470; x_wconf 81' lang='grc' dir='ltr'><strong>σὺ</strong></span> <span class='ocrx_word' id='word_1_827' title='bbox 2955 3415 3012 3470; x_wconf 90' lang='grc' dir='ltr'><strong>δέ</strong></span> <span class='ocrx_word' id='word_1_828' title='bbox 3036 3415 3348 3490; x_wconf 77' lang='grc' dir='ltr'><strong>ἔμπροσθεν</strong></span> <span class='ocrx_word' id='word_1_829' title='bbox 3364 3422 3464 3494; x_wconf 82' lang='grc' dir='ltr'><strong>τῆς</strong></span> <span class='ocrx_word' id='word_1_830' title='bbox 3480 3420 3635 3498; x_wconf 77' lang='grc'><strong>[159]</strong></span> 
     </span>
    </p>
   </div>
   <div class='ocr_carea' id='block_1_103' title="bbox 1958 3499 3637 3584">
    <p class='ocr_par' dir='ltr' id='par_1_103' title="bbox 1958 3499 3637 3584">
     <span class='ocr_line' id='line_1_104' title="bbox 1958 3499 3637 3584; baseline 0.009 -33"><span class='ocrx_word' id='word_1_831' title='bbox 1958 3499 2192 3571; x_wconf 88' lang='grc' dir='ltr'><strong>μητέρος</strong></span> <span class='ocrx_word' id='word_1_832' title='bbox 2214 3499 2306 3553; x_wconf 74' lang='grc' dir='ltr'><strong>τὸν</strong></span> <span class='ocrx_word' id='word_1_833' title='bbox 2333 3500 2449 3554; x_wconf 77' lang='grc' dir='ltr'><strong>υἰδν</strong></span> <span class='ocrx_word' id='word_1_834' title='bbox 2480 3500 2772 3566; x_wconf 87' lang='grc' dir='ltr'><strong>καταθύεις</strong></span> <span class='ocrx_word' id='word_1_835' title='bbox 2794 3503 3153 3578; x_wconf 84' lang='grc' dir='ltr'><strong>ἐναγέστερον</strong></span> <span class='ocrx_word' id='word_1_836' title='bbox 3168 3506 3262 3561; x_wconf 90' lang='grc' dir='ltr'><strong>τοῦ</strong></span> <span class='ocrx_word' id='word_1_837' title='bbox 3296 3509 3440 3563; x_wconf 66' lang='lat' dir='ltr'><strong>xm</strong></span> <span class='ocrx_word' id='word_1_838' title='bbox 3478 3510 3637 3584; x_wconf 70' lang='grc' dir='ltr'><strong>ἐργαι</strong></span> 
     </span>
    </p>
   </div>
   <div class='ocr_carea' id='block_1_104' title="bbox 1954 3586 3639 3666">
    <p class='ocr_par' dir='ltr' id='par_1_104' title="bbox 1954 3586 3639 3666">
     <span class='ocr_line' id='line_1_105' title="bbox 1954 3586 3639 3666; baseline 0.009 -28"><span class='ocrx_word' id='word_1_839' title='bbox 1954 3586 2181 3655; x_wconf 86' lang='grc' dir='ltr'><strong>ζόμενος</strong></span> <span class='ocrx_word' id='word_1_840' title='bbox 2211 3586 2663 3656; x_wconf 75' lang='grc' dir='ltr'><strong>φόνονςἘκεῖνος</strong></span> <span class='ocrx_word' id='word_1_841' title='bbox 2695 3591 2793 3661; x_wconf 87' lang='grc' dir='ltr'><strong>μὲν</strong></span> <span class='ocrx_word' id='word_1_842' title='bbox 2824 3588 2933 3663; x_wconf 84' lang='grc' dir='ltr'><strong>γὰρ</strong></span> <span class='ocrx_word' id='word_1_843' title='bbox 2962 3590 3121 3647; x_wconf 76' lang='grc' dir='ltr'><strong>ἔθυσε</strong></span> <span class='ocrx_word' id='word_1_844' title='bbox 3155 3594 3248 3650; x_wconf 78' lang='grc' dir='ltr'><strong>τὸν</strong></span> <span class='ocrx_word' id='word_1_845' title='bbox 3283 3597 3514 3666; x_wconf 78' lang='grc' dir='ltr'><strong>ἀδελφὸν</strong></span> <span class='ocrx_word' id='word_1_846' title='bbox 3539 3598 3639 3653; x_wconf 83' lang='grc' dir='ltr'><strong>αύ-</strong></span> 
     </span>
    </p>
   </div>
   <div class='ocr_carea' id='block_1_105' title="bbox 1954 3674 3638 3752">
    <p class='ocr_par' dir='ltr' id='par_1_105' title="bbox 1954 3674 3638 3752">
     <span class='ocr_line' id='line_1_106' title="bbox 1954 3674 3638 3752; baseline 0.01 -26"><span class='ocrx_word' id='word_1_847' title='bbox 1954 3674 2048 3727; x_wconf 90' lang='grc' dir='ltr'><strong>τοῦ</strong></span> <span class='ocrx_word' id='word_1_848' title='bbox 2077 3675 2171 3728; x_wconf 76' lang='grc' dir='ltr'><strong>ἐπὶ</strong></span> <span class='ocrx_word' id='word_1_849' title='bbox 2203 3675 2306 3744; x_wconf 85' lang='grc' dir='ltr'><strong>τῆς</strong></span> <span class='ocrx_word' id='word_1_850' title='bbox 2349 3677 2608 3748; x_wconf 83' lang='grc' dir='ltr'><strong>ἐρημίας,</strong></span> <span class='ocrx_word' id='word_1_851' title='bbox 2672 3678 2768 3731; x_wconf 86' lang='lat' dir='ltr'><strong><em>zeal</em></strong></span> <span class='ocrx_word' id='word_1_852' title='bbox 2794 3678 2888 3733; x_wconf 73' lang='grc' dir='ltr'><strong>τὸν</strong></span> <span class='ocrx_word' id='word_1_853' title='bbox 2929 3681 3176 3752; x_wconf 88' lang='grc' dir='ltr'><strong>παρόντα</strong></span> <span class='ocrx_word' id='word_1_854' title='bbox 3198 3682 3449 3739; x_wconf 78' lang='grc' dir='ltr'><strong>θάνατον’</strong></span> <span class='ocrx_word' id='word_1_855' title='bbox 3482 3687 3546 3741; x_wconf 74' lang='grc' dir='ltr'><strong>σὺ</strong></span> <span class='ocrx_word' id='word_1_856' title='bbox 3579 3687 3638 3743; x_wconf 71' lang='grc' dir='ltr'><strong>δέ</strong></span> 
     </span>
    </p>
   </div>
   <div class='ocr_carea' id='block_1_106' title="bbox 1956 3760 3641 3847">
    <p class='ocr_par' dir='ltr' id='par_1_106' title="bbox 1956 3760 3641 3847">
     <span class='ocr_line' id='line_1_107' title="bbox 1956 3760 3641 3847; baseline 0.01 -33"><span class='ocrx_word' id='word_1_857' title='bbox 1956 3760 2105 3826; x_wconf 87' lang='grc' dir='ltr'><strong>θύεις</strong></span> <span class='ocrx_word' id='word_1_858' title='bbox 2131 3762 2225 3816; x_wconf 81' lang='grc' dir='ltr'><strong>τὸν</strong></span> <span class='ocrx_word' id='word_1_859' title='bbox 2254 3763 2485 3834; x_wconf 77' lang='grc' dir='ltr'><strong>ἀδελφὸν</strong></span> <span class='ocrx_word' id='word_1_860' title='bbox 2516 3766 2574 3818; x_wconf 84' lang='grc' dir='ltr'><strong>ἐν</strong></span> <span class='ocrx_word' id='word_1_861' title='bbox 2610 3765 2762 3838; x_wconf 85' lang='grc' dir='ltr'><strong>μέσῳ</strong></span> <span class='ocrx_word' id='word_1_862' title='bbox 2792 3767 2890 3836; x_wconf 82' lang='grc' dir='ltr'><strong>τῆς</strong></span> <span class='ocrx_word' id='word_1_863' title='bbox 2924 3768 3242 3840; x_wconf 83' lang='grc' dir='ltr'><strong>ἐκκλησίας,</strong></span> <span class='ocrx_word' id='word_1_864' title='bbox 3274 3774 3368 3827; x_wconf 80' lang='lat' dir='ltr'><strong><em>zeal</em></strong></span> <span class='ocrx_word' id='word_1_865' title='bbox 3394 3775 3486 3829; x_wconf 77' lang='grc' dir='ltr'><strong>τὸν</strong></span> <span class='ocrx_word' id='word_1_866' title='bbox 3518 3776 3641 3847; x_wconf 73' lang='grc' dir='ltr'><strong>μέλ⁹</strong></span> 
     </span>
    </p>
   </div>
   <div class='ocr_carea' id='block_1_107' title="bbox 1954 3848 3640 3931">
    <p class='ocr_par' dir='ltr' id='par_1_107' title="bbox 1954 3848 3640 3931">
     <span class='ocr_line' id='line_1_108' title="bbox 1954 3848 3640 3931; baseline 0.009 -28"><span class='ocrx_word' id='word_1_867' title='bbox 1954 3848 2114 3904; x_wconf 87' lang='grc' dir='ltr'><strong>λοντα</strong></span> <span class='ocrx_word' id='word_1_868' title='bbox 2141 3849 2370 3905; x_wconf 86' lang='grc' dir='ltr'><strong>θάνατον</strong></span> <span class='ocrx_word' id='word_1_869' title='bbox 2393 3851 2483 3907; x_wconf 71' lang='grc' dir='ltr'><strong>τον</strong></span> <span class='ocrx_word' id='word_1_870' title='bbox 2506 3851 2795 3911; x_wconf 83' lang='grc' dir='ltr'><strong>ἀθάνατον.</strong></span> <span class='ocrx_word' id='word_1_871' title='bbox 2824 3855 2917 3926; x_wconf 80' lang='grc' dir='ltr'><strong>Μὴ</strong></span> <span class='ocrx_word' id='word_1_872' title='bbox 2944 3858 3052 3928; x_wconf 81' lang='grc' dir='ltr'><strong>γὰρ</strong></span> <span class='ocrx_word' id='word_1_873' title='bbox 3080 3858 3343 3931; x_wconf 81' lang='grc' dir='ltr'><strong>ἐκκλησία</strong></span> <span class='ocrx_word' id='word_1_874' title='bbox 3370 3861 3460 3915; x_wconf 86' lang='grc' dir='ltr'><strong>διὰ</strong></span> <span class='ocrx_word' id='word_1_875' title='bbox 3481 3863 3640 3919; x_wconf 87' lang='grc' dir='ltr'><strong>τοῦτο</strong></span> 
     </span>
    </p>
   </div>
   <div class='ocr_carea' id='block_1_108' title="bbox 1954 3937 3637 4023">
    <p class='ocr_par' dir='ltr' id='par_1_108' title="bbox 1954 3937 3637 4023">
     <span class='ocr_line' id='line_1_109' title="bbox 1954 3937 3637 4023; baseline 0.008 -33"><span class='ocrx_word' id='word_1_876' title='bbox 1954 3937 2202 4006; x_wconf 86' lang='grc' dir='ltr'><strong>γέγονεν,</strong></span> <span class='ocrx_word' id='word_1_877' title='bbox 2261 3939 2348 3991; x_wconf 78' lang='grc' dir='ltr'><strong>ἴνα</strong></span> <span class='ocrx_word' id='word_1_878' title='bbox 2380 3939 2708 4010; x_wconf 83' lang='grc' dir='ltr'><strong>ὀμνύωμεν;</strong></span> <span class='ocrx_word' id='word_1_879' title='bbox 2757 3940 2859 4000; x_wconf 81' lang='grc' dir='ltr'><strong>Διά</strong></span> <span class='ocrx_word' id='word_1_880' title='bbox 2876 3942 3035 4003; x_wconf 81' lang='grc' dir='ltr'><strong>τοῦτο</strong></span> <span class='ocrx_word' id='word_1_881' title='bbox 3064 3945 3308 4013; x_wconf 57' lang='grc' dir='ltr'><strong>γέγονεν,</strong></span> <span class='ocrx_word' id='word_1_882' title='bbox 3341 3947 3429 4008; x_wconf 74' lang='grc' dir='ltr'><strong>ἴνα</strong></span> <span class='ocrx_word' id='word_1_883' title='bbox 3464 3950 3637 4023; x_wconf 80' lang='grc' dir='ltr'><strong>εὐχώ-</strong></span> 
     </span>
    </p>
   </div>
   <div class='ocr_carea' id='block_1_109' title="bbox 1960 4025 3635 4106">
    <p class='ocr_par' dir='ltr' id='par_1_109' title="bbox 1960 4025 3635 4106">
     <span class='ocr_line' id='line_1_110' title="bbox 1960 4025 3635 4106; baseline 0.007 -29"><span class='ocrx_word' id='word_1_884' title='bbox 1960 4026 2116 4097; x_wconf 87' lang='grc' dir='ltr'><strong>μεθα.</strong></span> <span class='ocrx_word' id='word_1_885' title='bbox 2152 4027 2245 4098; x_wconf 83' lang='grc' dir='ltr'><strong>Μὴ</strong></span> <span class='ocrx_word' id='word_1_886' title='bbox 2271 4026 2381 4096; x_wconf 85' lang='grc' dir='ltr'><strong>γὰρ</strong></span> <span class='ocrx_word' id='word_1_887' title='bbox 2406 4025 2655 4097; x_wconf 76' lang='grc' dir='ltr'><strong>τράπεζα</strong></span> <span class='ocrx_word' id='word_1_888' title='bbox 2692 4028 2781 4086; x_wconf 79' lang='grc' dir='ltr'><strong>διὰ</strong></span> <span class='ocrx_word' id='word_1_889' title='bbox 2805 4028 2963 4087; x_wconf 75' lang='grc' dir='ltr'><strong>τοῦτο</strong></span> <span class='ocrx_word' id='word_1_890' title='bbox 3006 4029 3263 4104; x_wconf 63' lang='grc' dir='ltr'><strong>ἕστηκεν,</strong></span> <span class='ocrx_word' id='word_1_891' title='bbox 3287 4033 3374 4100; x_wconf 70' lang='grc' dir='ltr'><strong>ἵνα</strong></span> <span class='ocrx_word' id='word_1_892' title='bbox 3398 4036 3635 4106; x_wconf 72' lang='grc' dir='ltr'><strong>ὁρκίζω.-</strong></span> 
     </span>
    </p>
   </div>
   <div class='ocr_carea' id='block_1_110' title="bbox 1961 4113 3637 4197">
    <p class='ocr_par' dir='ltr' id='par_1_110' title="bbox 1961 4113 3637 4197">
     <span class='ocr_line' id='line_1_111' title="bbox 1961 4113 3637 4197; baseline 0.009 -31"><span class='ocrx_word' id='word_1_893' title='bbox 1961 4131 2093 4185; x_wconf 87' lang='grc' dir='ltr'><strong>μεν;</strong></span> <span class='ocrx_word' id='word_1_894' title='bbox 2131 4114 2230 4168; x_wconf 87' lang='grc' dir='ltr'><strong>Διά</strong></span> <span class='ocrx_word' id='word_1_895' title='bbox 2255 4113 2415 4167; x_wconf 88' lang='grc' dir='ltr'><strong>τοῦτο</strong></span> <span class='ocrx_word' id='word_1_896' title='bbox 2450 4115 2707 4187; x_wconf 70' lang='grc' dir='ltr'><strong>ἕστηκεν,</strong></span> <span class='ocrx_word' id='word_1_897' title='bbox 2741 4116 2831 4178; x_wconf 73' lang='grc' dir='ltr'><strong>ἵνα</strong></span> <span class='ocrx_word' id='word_1_898' title='bbox 2877 4117 2956 4181; x_wconf 74' lang='grc' dir='ltr'><strong>τὰ,</strong></span> <span class='ocrx_word' id='word_1_899' title='bbox 2982 4118 3358 4195; x_wconf 80' lang='grc' dir='ltr'><strong>ἁμαρτήματα</strong></span> <span class='ocrx_word' id='word_1_900' title='bbox 3394 4122 3637 4197; x_wconf 87' lang='grc' dir='ltr'><strong>λύωμεν,</strong></span> 
     </span>
    </p>
   </div>
   <div class='ocr_carea' id='block_1_111' title="bbox 1956 4202 2518 4275">
    <p class='ocr_par' dir='ltr' id='par_1_111' title="bbox 1956 4202 2518 4275">
     <span class='ocr_line' id='line_1_112' title="bbox 1956 4202 2518 4275; baseline 0.007 -21"><span class='ocrx_word' id='word_1_901' title='bbox 1956 4202 2056 4273; x_wconf 84' lang='grc' dir='ltr'><strong>οὐχ</strong></span> <span class='ocrx_word' id='word_1_902' title='bbox 2087 4202 2174 4255; x_wconf 79' lang='grc' dir='ltr'><strong>ἵνα</strong></span> <span class='ocrx_word' id='word_1_903' title='bbox 2202 4202 2260 4257; x_wconf 88' lang='grc' dir='ltr'><strong>δε</strong></span> <span class='ocrx_word' id='word_1_904' title='bbox 2269 4202 2518 4275; x_wconf 84' lang='grc' dir='ltr'><strong>σμῶμεν.</strong></span> 
     </span>
    </p>
   </div>
   <div class='ocr_carea' id='block_1_112' title="bbox 2030 4291 3641 4374">
    <p class='ocr_par' dir='ltr' id='par_1_112' title="bbox 2030 4291 3641 4374">
     <span class='ocr_line' id='line_1_113' title="bbox 2030 4291 3641 4374; baseline 0.009 -31"><span class='ocrx_word' id='word_1_905' title='bbox 2030 4292 2102 4344; x_wconf 76' lang='grc' dir='ltr'><strong>Σὺ</strong></span> <span class='ocrx_word' id='word_1_906' title='bbox 2135 4291 2193 4344; x_wconf 83' lang='grc' dir='ltr'><strong>δέ</strong></span> <span class='ocrx_word' id='word_1_907' title='bbox 2223 4293 2271 4345; x_wconf 86' lang='grc' dir='ltr'><strong>εί</strong></span> <span class='ocrx_word' id='word_1_908' title='bbox 2303 4291 2468 4363; x_wconf 85' lang='grc' dir='ltr'><strong>μηδὲν</strong></span> <span class='ocrx_word' id='word_1_909' title='bbox 2494 4292 2699 4364; x_wconf 77' lang='grc' dir='ltr'><strong>ἕτερον.</strong></span> <span class='ocrx_word' id='word_1_910' title='bbox 2741 4293 2874 4355; x_wconf 74' lang='grc' dir='ltr'><strong>αὐτὸ</strong></span> <span class='ocrx_word' id='word_1_911' title='bbox 2898 4292 3029 4371; x_wconf 74' lang='grc' dir='ltr'><strong>γοῦν</strong></span> <span class='ocrx_word' id='word_1_912' title='bbox 3047 4295 3111 4349; x_wconf 77' lang='grc' dir='ltr'><strong>τὸ</strong></span> <span class='ocrx_word' id='word_1_913' title='bbox 3133 4295 3339 4367; x_wconf 87' lang='grc' dir='ltr'><strong>βιϐλίον</strong></span> <span class='ocrx_word' id='word_1_914' title='bbox 3360 4300 3641 4374; x_wconf 73' lang='grc' dir='ltr'><strong>αἰδέσθητε</strong></span> 
     </span>
    </p>
   </div>
   <div class='ocr_carea' id='block_1_113' title="bbox 1956 4379 3639 4463">
    <p class='ocr_par' dir='ltr' id='par_1_113' title="bbox 1956 4379 3639 4463">
     <span class='ocr_line' id='line_1_114' title="bbox 1956 4379 3639 4463; baseline 0.007 -31"><span class='ocrx_word' id='word_1_915' title='bbox 1956 4379 1985 4432; x_wconf 86' lang='grc' dir='ltr'><strong>δ</strong></span> <span class='ocrx_word' id='word_1_916' title='bbox 2007 4380 2307 4451; x_wconf 87' lang='grc' dir='ltr'><strong>προτείνεις</strong></span> <span class='ocrx_word' id='word_1_917' title='bbox 2331 4383 2409 4444; x_wconf 86' lang='grc' dir='ltr'><strong>εἰς</strong></span> <span class='ocrx_word' id='word_1_918' title='bbox 2431 4381 2611 4451; x_wconf 85' lang='grc' dir='ltr'><strong>ὅρκον,</strong></span> <span class='ocrx_word' id='word_1_919' title='bbox 2636 4383 2733 4441; x_wconf 75' lang='grc' dir='ltr'><strong>καὶ</strong></span> <span class='ocrx_word' id='word_1_920' title='bbox 2756 4380 2819 4434; x_wconf 80' lang='grc' dir='ltr'><strong>τὸ</strong></span> <span class='ocrx_word' id='word_1_921' title='bbox 2844 4382 3195 4452; x_wconf 81' lang='grc' dir='ltr'><strong>Εὑαγγέλιον,</strong></span> <span class='ocrx_word' id='word_1_922' title='bbox 3218 4385 3246 4440; x_wconf 82' lang='grc' dir='ltr'><strong>ὃ</strong></span> <span class='ocrx_word' id='word_1_923' title='bbox 3277 4388 3414 4457; x_wconf 79' lang='grc' dir='ltr'><strong>μετὰ</strong></span> <span class='ocrx_word' id='word_1_924' title='bbox 3451 4392 3639 4463; x_wconf 86' lang='grc' dir='ltr'><strong>χεῖρας</strong></span> 
     </span>
    </p>
   </div>
   <div class='ocr_carea' id='block_1_114' title="bbox 1957 4466 3642 4541">
    <p class='ocr_par' dir='ltr' id='par_1_114' title="bbox 1957 4466 3642 4541">
     <span class='ocr_line' id='line_1_115' title="bbox 1957 4466 3642 4541; baseline 0.008 -22"><span class='ocrx_word' id='word_1_925' title='bbox 1957 4466 2251 4538; x_wconf 83' lang='grc' dir='ltr'><strong>λαμϐάνων</strong></span> <span class='ocrx_word' id='word_1_926' title='bbox 2280 4466 2523 4531; x_wconf 87' lang='grc' dir='ltr'><strong>κελεύεις</strong></span> <span class='ocrx_word' id='word_1_927' title='bbox 2550 4467 2802 4538; x_wconf 75' lang='grc' dir='ltr'><strong>ὀμνύναι,</strong></span> <span class='ocrx_word' id='word_1_928' title='bbox 2844 4469 3171 4539; x_wconf 88' lang='grc' dir='ltr'><strong>άνάπτυξον,</strong></span> <span class='ocrx_word' id='word_1_929' title='bbox 3197 4472 3290 4527; x_wconf 86' lang='lat' dir='ltr'><strong><em>zeal</em></strong></span> <span class='ocrx_word' id='word_1_930' title='bbox 3323 4474 3562 4541; x_wconf 84' lang='grc' dir='ltr'><strong>ἀκούσας</strong></span> <span class='ocrx_word' id='word_1_931' title='bbox 3589 4477 3642 4536; x_wconf 83' lang='grc' dir='ltr'><strong>τί</strong></span> 
     </span>
    </p>
   </div>
   <div class='ocr_carea' id='block_1_115' title="bbox 1961 4555 3643 4632">
    <p class='ocr_par' dir='ltr' id='par_1_115' title="bbox 1961 4555 3643 4632">
     <span class='ocr_line' id='line_1_116' title="bbox 1961 4555 3643 4632; baseline 0.005 -23"><span class='ocrx_word' id='word_1_932' title='bbox 1961 4555 2090 4626; x_wconf 74' lang='grc' dir='ltr'><strong>περὶ</strong></span> <span class='ocrx_word' id='word_1_933' title='bbox 2122 4556 2299 4626; x_wconf 85' lang='grc' dir='ltr'><strong>ὅρκων</strong></span> <span class='ocrx_word' id='word_1_934' title='bbox 2328 4557 2356 4612; x_wconf 87' lang='lat'><strong>6</strong></span> <span class='ocrx_word' id='word_1_935' title='bbox 2391 4556 2626 4627; x_wconf 85' lang='grc' dir='ltr'><strong>Χριστὸς</strong></span> <span class='ocrx_word' id='word_1_936' title='bbox 2656 4558 2773 4615; x_wconf 83' lang='grc' dir='ltr'><strong>ἐκεῖ</strong></span> <span class='ocrx_word' id='word_1_937' title='bbox 2792 4556 3120 4627; x_wconf 76' lang='grc' dir='ltr'><strong>διαλέγεται,</strong></span> <span class='ocrx_word' id='word_1_938' title='bbox 3148 4560 3358 4632; x_wconf 83' lang='grc' dir='ltr'><strong>φρίξον,</strong></span> <span class='ocrx_word' id='word_1_939' title='bbox 3394 4563 3487 4616; x_wconf 87' lang='lat' dir='ltr'><strong><em>zeal</em></strong></span> <span class='ocrx_word' id='word_1_940' title='bbox 3508 4562 3643 4617; x_wconf 83' lang='grc' dir='ltr'><strong>ἁπό-</strong></span> 
     </span>
    </p>
   </div>
   <div class='ocr_carea' id='block_1_116' title="bbox 1962 4639 3645 4723">
    <p class='ocr_par' dir='ltr' id='par_1_116' title="bbox 1962 4639 3645 4723">
     <span class='ocr_line' id='line_1_117' title="bbox 1962 4639 3645 4723; baseline 0.008 -29"><span class='ocrx_word' id='word_1_941' title='bbox 1962 4642 2139 4714; x_wconf 87' lang='grc' dir='ltr'><strong>στηθι.</strong></span> <span class='ocrx_word' id='word_1_942' title='bbox 2172 4642 2238 4695; x_wconf 88' lang='grc' dir='ltr'><strong>Τί</strong></span> <span class='ocrx_word' id='word_1_943' title='bbox 2265 4639 2360 4697; x_wconf 84' lang='grc' dir='ltr'><strong>οὖν</strong></span> <span class='ocrx_word' id='word_1_944' title='bbox 2388 4645 2508 4697; x_wconf 86' lang='grc' dir='ltr'><strong>ἐκεῖ</strong></span> <span class='ocrx_word' id='word_1_945' title='bbox 2532 4643 2661 4715; x_wconf 80' lang='grc' dir='ltr'><strong>περί</strong></span> <span class='ocrx_word' id='word_1_946' title='bbox 2693 4644 2873 4715; x_wconf 73' lang='grc' dir='ltr'><strong>ὅρκων</strong></span> <span class='ocrx_word' id='word_1_947' title='bbox 2916 4647 3118 4718; x_wconf 83' lang='grc' dir='ltr'><strong>φησίν;</strong></span> <span class='ocrx_word' id='word_1_948' title='bbox 3185 4649 3333 4719; x_wconf 77' lang='grc' dir='ltr'><strong>Ἐγὼ</strong></span> <span class='ocrx_word' id='word_1_949' title='bbox 3369 4648 3439 4704; x_wconf 79' lang='grc' dir='ltr'><strong>δὲ</strong></span> <span class='ocrx_word' id='word_1_950' title='bbox 3486 4651 3645 4723; x_wconf 75' lang='grc' dir='ltr'><strong>λέγω</strong></span> 
     </span>
    </p>
   </div>
   <div class='ocr_carea' id='block_1_117' title="bbox 1959 4729 3642 4807">
    <p class='ocr_par' dir='ltr' id='par_1_117' title="bbox 1959 4729 3642 4807">
     <span class='ocr_line' id='line_1_118' title="bbox 1959 4729 3642 4807; baseline 0.007 -24"><span class='ocrx_word' id='word_1_951' title='bbox 1959 4729 2122 4800; x_wconf 79' lang='grc' dir='ltr'><strong>ὑμῖν,</strong></span> <span class='ocrx_word' id='word_1_952' title='bbox 2149 4729 2237 4799; x_wconf 82' lang='grc' dir='ltr'><strong>μὴ</strong></span> <span class='ocrx_word' id='word_1_953' title='bbox 2269 4731 2484 4800; x_wconf 81' lang='grc' dir='ltr'><strong>ὀμόσαι</strong></span> <span class='ocrx_word' id='word_1_954' title='bbox 2507 4730 2682 4799; x_wconf 79' lang='grc' dir='ltr'><strong>ὅλωςο</strong></span> <span class='ocrx_word' id='word_1_955' title='bbox 2709 4734 2774 4786; x_wconf 80' lang='grc' dir='ltr'><strong>σὺ</strong></span> <span class='ocrx_word' id='word_1_956' title='bbox 2810 4733 2868 4786; x_wconf 80' lang='grc' dir='ltr'><strong>δὲ</strong></span> <span class='ocrx_word' id='word_1_957' title='bbox 2893 4734 2984 4787; x_wconf 81' lang='grc' dir='ltr'><strong>τὸν</strong></span> <span class='ocrx_word' id='word_1_958' title='bbox 3019 4734 3182 4805; x_wconf 75' lang='grc' dir='ltr'><strong>νόμον</strong></span> <span class='ocrx_word' id='word_1_959' title='bbox 3209 4736 3303 4807; x_wconf 81' lang='grc' dir='ltr'><strong>τὸν</strong></span> <span class='ocrx_word' id='word_1_960' title='bbox 3360 4736 3642 4795; x_wconf 87' lang='grc' dir='ltr'><strong>κωλύοντα</strong></span> 
     </span>
    </p>
   </div>
   <div class='ocr_carea' id='block_1_118' title="bbox 1960 4815 3642 4900">
    <p class='ocr_par' dir='ltr' id='par_1_118' title="bbox 1960 4815 3642 4900">
     <span class='ocr_line' id='line_1_119' title="bbox 1960 4815 3642 4900; baseline 0.008 -31"><span class='ocrx_word' id='word_1_961' title='bbox 1960 4815 2210 4889; x_wconf 88' lang='grc' dir='ltr'><strong>ὀμνύναι,</strong></span> <span class='ocrx_word' id='word_1_962' title='bbox 2255 4816 2453 4871; x_wconf 88' lang='grc' dir='ltr'><strong>τοῦτον</strong></span> <span class='ocrx_word' id='word_1_963' title='bbox 2495 4819 2658 4891; x_wconf 73' lang='grc' dir='ltr'><strong>ὅρκον</strong></span> <span class='ocrx_word' id='word_1_964' title='bbox 2708 4823 2917 4886; x_wconf 86' lang='grc' dir='ltr'><strong>ποιεῖς;</strong></span> <span class='ocrx_word' id='word_1_965' title='bbox 2962 4822 3027 4876; x_wconf 84' lang='grc' dir='ltr'>Ὢ</span> <span class='ocrx_word' id='word_1_966' title='bbox 3055 4822 3156 4896; x_wconf 87' lang='grc' dir='ltr'><strong>τῆς</strong></span> <span class='ocrx_word' id='word_1_967' title='bbox 3187 4822 3429 4896; x_wconf 80' lang='grc' dir='ltr'><strong>ῦϐρεωςί</strong></span> <span class='ocrx_word' id='word_1_968' title='bbox 3469 4825 3517 4882; x_wconf 79' lang='grc' dir='ltr'><strong>ὣ</strong></span> <span class='ocrx_word' id='word_1_969' title='bbox 3541 4828 3642 4900; x_wconf 82' lang='grc' dir='ltr'><strong>τῆς</strong></span> 
     </span>
    </p>
   </div>
   <div class='ocr_carea' id='block_1_119' title="bbox 1962 4904 3644 4989">
    <p class='ocr_par' dir='ltr' id='par_1_119' title="bbox 1962 4904 3644 4989">
     <span class='ocr_line' id='line_1_120' title="bbox 1962 4904 3644 4989; baseline 0.008 -31"><span class='ocrx_word' id='word_1_970' title='bbox 1962 4904 2247 4976; x_wconf 88' lang='grc' dir='ltr'><strong>παροινίας</strong></span> <span class='ocrx_word' id='word_1_971' title='bbox 2261 4907 2316 4961; x_wconf 78' lang='grc' dir='ltr'><strong>ει</strong></span> <span class='ocrx_word' id='word_1_972' title='bbox 2335 4906 2527 4960; x_wconf 85' lang='grc' dir='ltr'><strong>ταυτὸν</strong></span> <span class='ocrx_word' id='word_1_973' title='bbox 2554 4906 2663 4978; x_wconf 87' lang='grc' dir='ltr'><strong>γάρ</strong></span> <span class='ocrx_word' id='word_1_974' title='bbox 2684 4911 2880 4974; x_wconf 89' lang='grc' dir='ltr'><strong>ποιεῖς,</strong></span> <span class='ocrx_word' id='word_1_975' title='bbox 2903 4908 3093 4982; x_wconf 78' lang='grc' dir='ltr'><strong>ὥσπερ</strong></span> <span class='ocrx_word' id='word_1_976' title='bbox 3113 4910 3179 4966; x_wconf 79' lang='grc' dir='ltr'><strong>ἂν</strong></span> <span class='ocrx_word' id='word_1_977' title='bbox 3197 4914 3250 4967; x_wconf 81' lang='grc' dir='ltr'><strong>εἴ</strong></span> <span class='ocrx_word' id='word_1_978' title='bbox 3270 4931 3353 4978; x_wconf 87' lang='grc' dir='ltr'><strong>τις</strong></span> <span class='ocrx_word' id='word_1_979' title='bbox 3371 4914 3462 4968; x_wconf 81' lang='grc' dir='ltr'><strong>τὸν</strong></span> <span class='ocrx_word' id='word_1_980' title='bbox 3486 4933 3644 4989; x_wconf 79' lang='grc' dir='ltr'><strong>νομο-</strong></span> 
     </span>
    </p>
   </div>
   <div class='ocr_carea' id='block_1_120' title="bbox 1963 4990 3644 5073">
    <p class='ocr_par' dir='ltr' id='par_1_120' title="bbox 1963 4990 3644 5073">
     <span class='ocr_line' id='line_1_121' title="bbox 1963 4990 3644 5073; baseline 0.01 -29"><span class='ocrx_word' id='word_1_981' title='bbox 1963 4990 2121 5063; x_wconf 86' lang='grc' dir='ltr'><strong>θέτην</strong></span> <span class='ocrx_word' id='word_1_982' title='bbox 2145 4991 2236 5045; x_wconf 80' lang='grc' dir='ltr'><strong>τὸν</strong></span> <span class='ocrx_word' id='word_1_983' title='bbox 2263 4992 2540 5049; x_wconf 87' lang='grc' dir='ltr'><strong>κωλύοντα</strong></span> <span class='ocrx_word' id='word_1_984' title='bbox 2585 4994 2854 5064; x_wconf 84' lang='grc' dir='ltr'><strong>φονεύειν,</strong></span> <span class='ocrx_word' id='word_1_985' title='bbox 2914 4998 3075 5053; x_wconf 82' lang='grc' dir='ltr'><strong>αὐτὸν</strong></span> <span class='ocrx_word' id='word_1_986' title='bbox 3106 4998 3399 5073; x_wconf 86' lang='grc' dir='ltr'><strong>σύμμαχον</strong></span> <span class='ocrx_word' id='word_1_987' title='bbox 3428 5002 3644 5060; x_wconf 83' lang='grc' dir='ltr'><strong>κελεύοι</strong></span> 
     </span>
    </p>
   </div>
   <div class='ocr_carea' id='block_1_121' title="bbox 1962 5078 3646 5162">
    <p class='ocr_par' dir='ltr' id='par_1_121' title="bbox 1962 5078 3646 5162">
     <span class='ocr_line' id='line_1_122' title="bbox 1962 5078 3646 5162; baseline 0.008 -30"><span class='ocrx_word' id='word_1_988' title='bbox 1962 5078 2217 5147; x_wconf 86' lang='grc' dir='ltr'><strong>γενέσθαι</strong></span> <span class='ocrx_word' id='word_1_989' title='bbox 2247 5081 2383 5152; x_wconf 79' lang='grc' dir='ltr'><strong>πρὸς</strong></span> <span class='ocrx_word' id='word_1_990' title='bbox 2409 5080 2510 5152; x_wconf 83' lang='grc' dir='ltr'><strong>τὴν</strong></span> <span class='ocrx_word' id='word_1_991' title='bbox 2539 5084 2773 5155; x_wconf 86' lang='grc' dir='ltr'><strong>σφαγήν.</strong></span> <span class='ocrx_word' id='word_1_992' title='bbox 2806 5085 2919 5156; x_wconf 86' lang='grc' dir='ltr'><strong>Οὐχ</strong></span> <span class='ocrx_word' id='word_1_993' title='bbox 2947 5085 3090 5140; x_wconf 86' lang='grc' dir='ltr'><strong>οῦτω</strong></span> <span class='ocrx_word' id='word_1_994' title='bbox 3115 5089 3288 5143; x_wconf 86' lang='grc' dir='ltr'><strong>στένω</strong></span> <span class='ocrx_word' id='word_1_995' title='bbox 3308 5090 3404 5143; x_wconf 88' lang='lat' dir='ltr'><strong><em>zeal</em></strong></span> <span class='ocrx_word' id='word_1_996' title='bbox 3423 5090 3646 5162; x_wconf 89' lang='grc' dir='ltr'><strong>δακρύω</strong></span> 
     </span>
    </p>
   </div>
   <div class='ocr_carea' id='block_1_122' title="bbox 1966 5166 3648 5243">
    <p class='ocr_par' dir='ltr' id='par_1_122' title="bbox 1966 5166 3648 5243">
     <span class='ocr_line' id='line_1_123' title="bbox 1966 5166 3648 5243; baseline 0.008 -24"><span class='ocrx_word' id='word_1_997' title='bbox 1966 5166 2337 5237; x_wconf 79' lang='grc' dir='ltr'><strong>σφαζομένους</strong></span> <span class='ocrx_word' id='word_1_998' title='bbox 2368 5169 2581 5233; x_wconf 80' lang='grc' dir='ltr'><strong>ἀκούων</strong></span> <span class='ocrx_word' id='word_1_999' title='bbox 2610 5171 2762 5235; x_wconf 66' lang='grc' dir='ltr'><strong>τινας</strong></span> <span class='ocrx_word' id='word_1_1000' title='bbox 2790 5173 2848 5226; x_wconf 94' lang='grc' dir='ltr'><strong>ἐν</strong></span> <span class='ocrx_word' id='word_1_1001' title='bbox 2880 5175 3000 5238; x_wconf 81' lang='grc' dir='ltr'><strong>ταῖς</strong></span> <span class='ocrx_word' id='word_1_1002' title='bbox 3057 5174 3218 5243; x_wconf 82' lang='grc' dir='ltr'><strong>ὁδοῖς,</strong></span> <span class='ocrx_word' id='word_1_1003' title='bbox 3249 5176 3325 5241; x_wconf 85' lang='grc' dir='ltr'><strong>ὠς</strong></span> <span class='ocrx_word' id='word_1_1004' title='bbox 3347 5178 3518 5231; x_wconf 88' lang='grc' dir='ltr'><strong>στένω</strong></span> <span class='ocrx_word' id='word_1_1005' title='bbox 3549 5178 3648 5234; x_wconf 76' lang='grc' dir='ltr'><strong>καὶ</strong></span> 
     </span>
    </p>
   </div>
   <div class='ocr_carea' id='block_1_123' title="bbox 1963 5252 3648 5338">
    <p class='ocr_par' dir='ltr' id='par_1_123' title="bbox 1963 5252 3648 5338">
     <span class='ocr_line' id='line_1_124' title="bbox 1963 5252 3648 5338; baseline 0.008 -32"><span class='ocrx_word' id='word_1_1006' title='bbox 1963 5252 2183 5326; x_wconf 87' lang='grc' dir='ltr'><strong>δακρύω</strong></span> <span class='ocrx_word' id='word_1_1007' title='bbox 2213 5254 2307 5309; x_wconf 88' lang='lat' dir='ltr'><strong><em>zeal</em></strong></span> <span class='ocrx_word' id='word_1_1008' title='bbox 2335 5255 2559 5326; x_wconf 84' lang='grc' dir='ltr'><strong>φρίττω,</strong></span> <span class='ocrx_word' id='word_1_1009' title='bbox 2588 5258 2809 5314; x_wconf 83' lang='grc' dir='ltr'><strong>ἐπειδάν</strong></span> <span class='ocrx_word' id='word_1_1010' title='bbox 2831 5260 2928 5314; x_wconf 82' lang='grc' dir='ltr'><strong>ίδω</strong></span> <span class='ocrx_word' id='word_1_1011' title='bbox 2948 5262 3072 5317; x_wconf 82' lang='grc' dir='ltr'><strong>τινὰ</strong></span> <span class='ocrx_word' id='word_1_1012' title='bbox 3105 5263 3332 5334; x_wconf 85' lang='grc' dir='ltr'><strong>πλησίον</strong></span> <span class='ocrx_word' id='word_1_1013' title='bbox 3361 5264 3462 5335; x_wconf 81' lang='grc' dir='ltr'><strong>τῆς</strong></span> <span class='ocrx_word' id='word_1_1014' title='bbox 3507 5283 3648 5338; x_wconf 74' lang='grc' dir='ltr'><strong>τραο</strong></span> 
     </span>
    </p>
   </div>
   <div class='ocr_carea' id='block_1_124' title="bbox 1966 5341 3649 5423">
    <p class='ocr_par' dir='ltr' id='par_1_124' title="bbox 1966 5341 3649 5423">
     <span class='ocr_line' id='line_1_125' title="bbox 1966 5341 3649 5423; baseline 0.01 -29"><span class='ocrx_word' id='word_1_1015' title='bbox 1966 5341 2138 5414; x_wconf 80' lang='grc' dir='ltr'><strong>πέζης</strong></span> <span class='ocrx_word' id='word_1_1016' title='bbox 2162 5342 2362 5414; x_wconf 79' lang='grc' dir='ltr'><strong>ταύτης</strong></span> <span class='ocrx_word' id='word_1_1017' title='bbox 2404 5343 2647 5411; x_wconf 73' lang='grc' dir='ltr'><strong>ἐλθόντα,</strong></span> <span class='ocrx_word' id='word_1_1018' title='bbox 2689 5348 2784 5401; x_wconf 79' lang='grc' dir='ltr'><strong>καὶ</strong></span> <span class='ocrx_word' id='word_1_1019' title='bbox 2819 5349 2918 5413; x_wconf 87' lang='grc' dir='ltr'><strong>τάς</strong></span> <span class='ocrx_word' id='word_1_1020' title='bbox 2959 5353 3146 5423; x_wconf 86' lang='grc' dir='ltr'><strong>χεῖρας</strong></span> <span class='ocrx_word' id='word_1_1021' title='bbox 3176 5350 3358 5415; x_wconf 90' lang='grc' dir='ltr'><strong>θέντα,</strong></span> <span class='ocrx_word' id='word_1_1022' title='bbox 3404 5355 3499 5408; x_wconf 86' lang='lat' dir='ltr'><strong><em>zeal</em></strong></span> <span class='ocrx_word' id='word_1_1023' title='bbox 3538 5356 3649 5410; x_wconf 86' lang='grc' dir='ltr'><strong>τῶν</strong></span> 
     </span>
    </p>
   </div>
   <div class='ocr_carea' id='block_1_125' title="bbox 1970 5428 3648 5514">
    <p class='ocr_par' dir='ltr' id='par_1_125' title="bbox 1970 5428 3648 5514">
     <span class='ocr_line' id='line_1_126' title="bbox 1970 5428 3648 5514; baseline 0.01 -32"><span class='ocrx_word' id='word_1_1024' title='bbox 1970 5428 2319 5501; x_wconf 78' lang='grc' dir='ltr'><strong>Εὑαγγελίων</strong></span> <span class='ocrx_word' id='word_1_1025' title='bbox 2369 5432 2649 5504; x_wconf 68' lang='grc' dir='ltr'><strong>ἁψάμενον</strong></span> <span class='ocrx_word' id='word_1_1026' title='bbox 2690 5435 2785 5489; x_wconf 89' lang='lat' dir='ltr'><strong><em>zeal</em></strong></span> <span class='ocrx_word' id='word_1_1027' title='bbox 2834 5436 3125 5508; x_wconf 86' lang='grc' dir='ltr'><strong>ὀμνύοντα.</strong></span> <span class='ocrx_word' id='word_1_1028' title='bbox 3173 5436 3309 5511; x_wconf 75' lang='grc' dir='ltr'><strong>Περὶ</strong></span> <span class='ocrx_word' id='word_1_1029' title='bbox 3347 5442 3648 5514; x_wconf 82' lang='grc' dir='ltr'><strong>χρημάτων</strong></span> 
     </span>
    </p>
   </div>
   <div class='ocr_carea' id='block_1_126' title="bbox 1968 5524 3649 5604">
    <p class='ocr_par' dir='ltr' id='par_1_126' title="bbox 1968 5524 3649 5604">
     <span class='ocr_line' id='line_1_127' title="bbox 1968 5524 3649 5604; baseline 0.008 -27"><span class='ocrx_word' id='word_1_1030' title='bbox 1968 5524 2348 5595; x_wconf 78' lang='grc' dir='ltr'><strong>ἀμφιϐάλλεις,</strong></span> <span class='ocrx_word' id='word_1_1031' title='bbox 2376 5526 2497 5580; x_wconf 86' lang='grc' dir='ltr'><strong>εἰπέ</strong></span> <span class='ocrx_word' id='word_1_1032' title='bbox 2527 5545 2638 5598; x_wconf 88' lang='grc' dir='ltr'><strong>μοι,</strong></span> <span class='ocrx_word' id='word_1_1033' title='bbox 2666 5533 2760 5582; x_wconf 86' lang='lat' dir='ltr'><strong><em>zeal</em></strong></span> <span class='ocrx_word' id='word_1_1034' title='bbox 2788 5528 2967 5601; x_wconf 74' lang='grc' dir='ltr'><strong>ψυχὴν</strong></span> <span class='ocrx_word' id='word_1_1035' title='bbox 2997 5531 3279 5604; x_wconf 74' lang='grc' dir='ltr'><strong>ἀναιρεῖςς</strong></span> <span class='ocrx_word' id='word_1_1036' title='bbox 3314 5532 3369 5587; x_wconf 90' lang='grc' dir='ltr'><strong>τί</strong></span> <span class='ocrx_word' id='word_1_1037' title='bbox 3394 5534 3649 5590; x_wconf 88' lang='grc' dir='ltr'><strong>τοσοῦτον</strong></span> 
     </span>
    </p>
   </div>
   <div class='ocr_carea' id='block_1_127' title="bbox 1970 5611 3647 5701">
    <p class='ocr_par' dir='ltr' id='par_1_127' title="bbox 1970 5611 3647 5701">
     <span class='ocr_line' id='line_1_128' title="bbox 1970 5611 3647 5701; baseline 0.011 -38"><span class='ocrx_word' id='word_1_1038' title='bbox 1970 5611 2288 5681; x_wconf 87' lang='grc' dir='ltr'><strong>κερδαίνεις,</strong></span> <span class='ocrx_word' id='word_1_1039' title='bbox 2316 5614 2438 5667; x_wconf 73' lang='grc' dir='ltr'><strong>ὅσον</strong></span> <span class='ocrx_word' id='word_1_1040' title='bbox 2455 5613 2671 5685; x_wconf 79' lang='grc' dir='ltr'><strong>ζημιοῖς</strong></span> <span class='ocrx_word' id='word_1_1041' title='bbox 2700 5616 2793 5669; x_wconf 85' lang='lat' dir='ltr'><strong><em>zeal</em></strong></span> <span class='ocrx_word' id='word_1_1042' title='bbox 2818 5617 2919 5689; x_wconf 83' lang='grc' dir='ltr'><strong>τὴν</strong></span> <span class='ocrx_word' id='word_1_1043' title='bbox 2941 5617 3121 5690; x_wconf 74' lang='grc' dir='ltr'><strong>ψυχήν</strong></span> <span class='ocrx_word' id='word_1_1044' title='bbox 3150 5635 3268 5691; x_wconf 87' lang='grc' dir='ltr'><strong>σου,</strong></span> <span class='ocrx_word' id='word_1_1045' title='bbox 3286 5622 3383 5678; x_wconf 85' lang='lat' dir='ltr'><strong><em>zeal</em></strong></span> <span class='ocrx_word' id='word_1_1046' title='bbox 3400 5622 3492 5679; x_wconf 80' lang='grc' dir='ltr'><strong>τὸν</strong></span> <span class='ocrx_word' id='word_1_1047' title='bbox 3520 5624 3647 5701; x_wconf 68' lang='grc' dir='ltr'><strong>πλης</strong></span> 
     </span>
    </p>
   </div>
   <div class='ocr_carea' id='block_1_128' title="bbox 2039 5767 2954 5840">
    <p class='ocr_par' dir='ltr' id='par_1_128' title="bbox 2039 5767 2954 5840">
     <span class='ocr_line' id='line_1_129' title="bbox 2039 5767 2954 5840; baseline 0.02 -26"><span class='ocrx_word' id='word_1_1048' title='bbox 2039 5767 2076 5840; x_wconf 47' lang='grc' dir='ltr'><strong>(ξ</strong></span> <span class='ocrx_word' id='word_1_1049' title='bbox 2092 5771 2203 5840; x_wconf 64' lang='grc' dir='ltr'><strong>ξεν.</strong></span> <span class='ocrx_word' id='word_1_1050' title='bbox 2227 5778 2276 5840; x_wconf 62' lang='grc' dir='ltr'><strong>ει</strong></span> <span class='ocrx_word' id='word_1_1051' title='bbox 2300 5773 2496 5840; x_wconf 53' lang='lat' dir='ltr'><strong>quidam</strong></span> <span class='ocrx_word' id='word_1_1052' title='bbox 2517 5772 2601 5823; x_wconf 75' lang='lat' dir='ltr'><strong><em>alii</em></strong></span> <span class='ocrx_word' id='word_1_1053' title='bbox 2621 5775 2835 5840; x_wconf 77' lang='grc' dir='ltr'><strong>πήχεων,</strong></span> <span class='ocrx_word' id='word_1_1054' title='bbox 2854 5776 2954 5832; x_wconf 67' lang='lat' dir='ltr'><strong>bii.</strong></span> 
     </span>
    </p>
   </div>
   <div class='ocr_carea' id='block_1_129' title="bbox 2042 5831 2506 5895">
    <p class='ocr_par' dir='ltr' id='par_1_129' title="bbox 2042 5831 2506 5895">
     <span class='ocr_line' id='line_1_130' title="bbox 2042 5831 2506 5895; baseline -0.004 0"><span class='ocrx_word' id='word_1_1055' title='bbox 2042 5832 2067 5895; x_wconf 69' lang='grc' dir='ltr'>ῗ</span> <span class='ocrx_word' id='word_1_1056' title='bbox 2092 5831 2203 5895; x_wconf 62' lang='lat' dir='ltr'><strong>Sa‘f-</strong></span> <span class='ocrx_word' id='word_1_1057' title='bbox 2225 5833 2506 5895; x_wconf 77' lang='grc' dir='ltr'><strong>ἐπαγομένη-</strong></span> 
     </span>
    </p>
   </div>
   <div class='ocr_carea' id='block_1_130' title="bbox 2046 5890 2535 5951">
    <p class='ocr_par' dir='ltr' id='par_1_130' title="bbox 2046 5890 2535 5951">
     <span class='ocr_line' id='line_1_131' title="bbox 2046 5890 2535 5951; baseline 0.008 -10"><span class='ocrx_word' id='word_1_1058' title='bbox 2046 5892 2064 5927; x_wconf 69' lang='grc' dir='ltr'>τ</span> <span class='ocrx_word' id='word_1_1059' title='bbox 2089 5890 2184 5941; x_wconf 78' lang='grc' dir='ltr'><strong>Διίὶ</strong></span> <span class='ocrx_word' id='word_1_1060' title='bbox 2211 5895 2287 5942; x_wconf 86' lang='grc' dir='ltr'><strong>ἐπὶ</strong></span> <span class='ocrx_word' id='word_1_1061' title='bbox 2308 5890 2393 5951; x_wconf 72' lang='grc' dir='ltr'><strong>τὴν</strong></span> <span class='ocrx_word' id='word_1_1062' title='bbox 2408 5890 2535 5945; x_wconf 77' lang='grc' dir='ltr'><strong>ὀδόν.</strong></span> 
     </span>
    </p>
   </div>
   <div class='ocr_carea' id='block_1_131' title="bbox 2042 5952 2644 6024">
    <p class='ocr_par' dir='ltr' id='par_1_131' title="bbox 2042 5952 2644 6024">
     <span class='ocr_line' id='line_1_132' title="bbox 2042 5952 2644 6024; baseline 0 -18"><span class='ocrx_word' id='word_1_1063' title='bbox 2042 5956 2066 5995; x_wconf 76' lang='grc' dir='ltr'><strong>ε</strong></span> <span class='ocrx_word' id='word_1_1064' title='bbox 2090 5952 2185 6010; x_wconf 76' lang='lat' dir='ltr'><strong>Alii</strong></span> <span class='ocrx_word' id='word_1_1065' title='bbox 2213 5956 2251 6003; x_wconf 85' lang='grc' dir='ltr'><strong>ὣ</strong></span> <span class='ocrx_word' id='word_1_1066' title='bbox 2273 5961 2355 6015; x_wconf 78' lang='grc' dir='ltr'><strong>τῆς</strong></span> <span class='ocrx_word' id='word_1_1067' title='bbox 2369 5955 2644 6024; x_wconf 75' lang='grc' dir='ltr'><strong>παρανοίας.</strong></span> 
     </span>
    </p>
   </div>
  </div>
