3912 6230
356 298 452 354 Nl

355 417 501 479 σίον;
552 411 616 466 El
651 411 752 483 μὲν
800 413 1093 478 πιστεύεις.
1140 415 1222 469 δτι
1255 417 1460 489 ἀληθής
1498 421 1655 474 ἐστιν
1707 423 1736 476 ὁ
1759 423 1919 495 ἀνὴρ,
1953 425 2029 498 μή

354 500 644 572 ἐπαγάγῃς
671 501 767 554 τοῦ
791 502 957 573 ὅρκου
982 500 1081 573 τὴν
1107 502 1374 576 ἀνάγκην·
1423 507 1472 558 εί
1500 506 1560 561 δέ
1586 504 1754 573 οἶδας.
1784 510 1867 564 ὅτι
1891 509 2028 582 ψεύ-

353 586 523 653 δεται,
542 588 617 660 μὴ
651 589 969 660 ἀναγκάσῃς
996 590 1292 660 ἐπιορκεῖν.
1332 592 1470 646 Ἀλλ’
1494 594 1582 649 ἵνα
1605 595 2024 669 πληροφορηθῶ,

352 675 537 747 φησίν.
567 676 734 730 Ὅταν
767 676 863 747 μὲν
890 673 984 730 οὖν
1006 676 1081 749 μὴ
1103 679 1351 752 ὁρκίσῃς,
1376 681 1499 735 τότε
1529 682 1718 754 ἱκανὴν
1737 683 1863 758 δέξῃ
1888 685 2026 757 πλη-

354 765 638 836 ροφθρίαν.
661 763 776 817 Νῦν
794 766 893 836 μὲν
921 766 1033 838 γὰρ
1050 769 1413 841 ἀναχωρήσας
1428 769 1614 825 οίκαδε
1639 773 1898 847 κατεσθίῃ
1947 775 2027 829 δι-

351 850 564 920 ηνεκῶς
592 851 697 906 ὑπὸ
750 852 846 904 τοῦ
878 854 1178 919 συνειδότος
1205 856 1382 912 ταῦτα
1407 857 1776 930 λογιζόμενος,
1805 856 1916 931 ἆρα
1950 863 2025 934 μὴ

353 939 529 1009 μάτην
551 936 823 1009 ῶρκωσα;
857 936 968 1012 ἆρα
1009 941 1084 1014 μὴ
1114 942 1496 1016 ἐπιώρκησεν;
1548 942 1662 1018 ἆρα
1689 947 1763 1019 μὴ
1793 947 1903 1017 ἐγὼ
1927 950 2027 1019 τῆς

327 1025 627 1099 ’ἁμαρτίας
659 1027 924 1099 ἐγενόμην
952 1028 1160 1097 αἴτιοςς
1189 1032 1286 1085 Ἂν
1321 1033 1380 1086 δέ
1406 1033 1482 1105 μὴ
1504 1033 1779 1108 ὁρκώσῃς,
1809 1036 2026 1106 ἀναχω-

355 1115 529 1183 ρήσας
552 1114 735 1169 οἴκαδε
765 1115 965 1187 πολλὴν
992 1116 1121 1189 δέξῃ
1151 1119 1507 1190 παραμυθίαν
1555 1122 1897 1193 εὐχαριστῶν
1926 1122 2025 1197 ,τῷ

352 1199 493 1271 Θεῷ,
524 1201 621 1254 καὶ
647 1201 845 1271 λέγων·
874 1203 1176 1275 Εὐλογητὸς
1196 1208 1227 1260 ό
1257 1205 1409 1271 Θεὸς,
1443 1207 1526 1261 δτι
1556 1210 1820 1280 κατέσχον
1855 1212 2026 1278 ἐμαυ-

346 1288 460 1354 τὸν,
491 1288 588 1343 καὶ
613 1289 715 1359 οὐχ
769 1288 1011 1360 ὧρκωσα
1062 1292 1183 1364 είκῆ
1237 1292 1358 1346 οὐδὲ
1401 1294 1597 1365 μάτην.
1643 1295 2023 1366 Οίμωζέτωτὸ

344 1374 593 1446 χρυσίον,
640 1372 965 1431 ἀπολλύσθω
996 1378 1065 1432 τὰ
1120 1380 1379 1450 χρήματα
1399 1421 1415 1446 ,
1464 1379 1607 1434 ὥστε
1646 1382 2021 1456 πληροφορίαν

344 1466 478 1535 ἡμῖν
502 1460 661 1518 τοῦτο
685 1465 926 1536 ἐντίθησι
960 1465 1214 1536 μάλιστα,
1251 1466 1313 1519 τὸ
1348 1466 1423 1538 μὴ
1452 1468 1768 1539 παραϐῆναι
1801 1470 1893 1525 τὸν
1931 1472 2019 1525 νά.

350 1569 477 1621 μον,
522 1548 659 1623 μηδέ
685 1551 872 1624 ἕτερον
912 1553 1219 1621 ἀναγκάσαι
1264 1553 1423 1607 τοῦτο
1453 1556 1695 1625 ποιῆσαι.
1739 1556 2019 1630 Ἐννόησαι

343 1638 433 1692 διὰ
452 1639 574 1693 τίνα
599 1640 697 1710 οὐχ
725 1636 1015 1711 ῶρκωσας,
1064 1640 1156 1693 καὶ
1185 1640 1406 1711 ἀρκέσει
1442 1658 1526 1695 σοι
1553 1642 1711 1697 τοῦτο
1736 1644 1815 1708 εἰς
1842 1664 2020 1719 παρα-

348 1725 543 1795 μυθίαν
571 1727 668 1779 καὶ⁵
711 1726 1076 1797 παράκλησιν.
1127 1726 1395 1791 Πολλάκις
1426 1727 1558 1796 γοῦν
1586 1729 1766 1800 μάχης
1797 1733 2020 1803 γινομέ-

345 1830 444 1883 νης
478 1811 827 1884 ὑϐριζόμενοι
866 1812 1104 1884 φέρομεν
1128 1813 1392 1882 γενναίως
1412 1852 1427 1876 ,
1463 1815 1559 1867 καὶ⁵
1589 1816 1727 1887 πρὸς
1756 1817 1848 1871 τὸν
1866 1819 2022 1891 ὑδρι-

347 1898 510 1963 ζοντα
549 1898 799 1970 λέγομεν·
860 1899 925 1952 Τί
972 1916 1054 1953 σοι
1086 1900 1325 1971 ποιήσω;
1361 1900 1566 1962 ὁδεῖνά
1597 1919 1665 1974 με
1692 1903 1891 1958 κωλύει
1913 1919 1961 1971 ι,
1992 1910 2021 1961 ὁ

344 1985 657 2057 προστάτης
684 1989 713 2040 ὀ
735 1986 846 2052 σὸς,
878 1986 1083 2051 ἐκεῖνός
1136 2004 1238 2059 μου
1292 1988 1510 2058 κατέχει
1538 1988 1637 2053 τὰς
1664 1992 1873 2062 χεῖρας·
1925 1993 2020 2047 καὶ

342 2075 507 2143 ἀρκεῖ
529 2073 684 2128 τοῦτο
708 2077 838 2146 ἡμῖν
874 2077 953 2140 εἰς
974 2075 1348 2146 παραμυθίαν.
1371 2073 1530 2131 Οῦτω
1561 2077 1655 2130 καὶ
1680 2078 1768 2142 σὺ,
1802 2078 2018 2133 ἐπειδὰν

345 2159 545 2231 μέλλῃς
579 2161 702 2215 τινὰ
742 2158 1005 2232 ὁρκίζειν,
1042 2163 1265 2233 ἐπίσχες
1289 2163 1487 2218 σαυτὸν
1518 2163 1614 2217 καὶ
1642 2163 1904 2229 κώλυσον,
1924 2167 2019 2221 καὶ

340 2247 463 2301 εἰπὲ
484 2247 621 2319 πρὸς
644 2248 736 2301 τὸν
761 2248 1023 2318 μέλλοντα
1059 2248 1311 2321 ὀμνύναι·
1338 2249 1404 2303 Τί
1436 2266 1519 2304 σοι
1555 2251 1766 2323 ποιήσω
1790 2268 1804 2318 ;
1832 2254 1863 2305 ό
1886 2252 2019 2317 Θεὸς

342 2336 592 2391 ἐκέλευσε
635 2337 710 2409 μὴ
743 2332 1001 2409 ὁρκίζειν·
1035 2337 1242 2403 ἐκεῖνός
1269 2356 1336 2410 με
1382 2338 1604 2410 κατέχει
1648 2339 1763 2394 νῦν.
1832 2340 2020 2413 ’Δρκετ

340 2423 498 2478 τοῦτο
528 2426 622 2479 καὶ
648 2427 728 2490 είς
763 2425 928 2498 τιμήν
966 2426 1061 2480 τοῦ
1088 2425 1544 2497 νομοθετήσαντος
1561 2466 1577 2491 ,
1602 2425 1698 2481 καὶ
1737 2428 1818 2492 είς
1841 2428 2017 2498 ἀσφά-

336 2513 489 2568 λειαν
518 2516 638 2586 σὴν,
672 2515 765 2569 καὶ
787 2517 867 2580 εἰς
899 2512 1063 2584 φόϐον
1084 2514 1177 2570 τοῦ
1226 2516 1511 2587 μέλλοντος
1552 2515 1804 2585 ὀμνύναι.
1849 2517 2015 2571 Ὅταν

337 2601 448 2672 γάρ
482 2603 687 2666 ἐκεῖνος
720 2601 826 2674 ἴδῃ.
856 2604 938 2657 ὅτι
965 2598 1206 2675 ὁρκῶσαι
1253 2602 1473 2674 ἐτέρους
1502 2601 1645 2657 οὕτω
1671 2602 2009 2675 δεδοίκαμεν,

339 2688 518 2759 πολλῷ
546 2688 744 2762 μᾶλλον
770 2689 932 2754 αὐτὸς
960 2688 1155 2762 ὀμόσαι
1188 2689 1477 2761 προπετῶς
1515 2688 1903 2761 φοϐηθήσεται·
1933 2691 2001 2746 ἂν

400 2806 422 2882 ς
445 2807 528 2882 ξω
548 2820 637 2882 uno
658 2821 774 2882 σιιιη
796 2807 1639 2882 διιεξιὶξοῐξιῐκίλοιὸὁρησξν.ΔΕιιιτ.

395 2866 429 2908 δ
451 2871 563 2933 ξεν.
585 2874 641 2919 ει
658 2868 852 2930 quidam
873 2866 957 2919 alii
976 2873 1102 2933 ἡμᾶς
1127 2866 1377 2933 ἐπιτυχεῖν.
1403 2871 1590 2933 Catena
1601 2882 1713 2933 quae
1730 2870 2005 2933 oralionem

322 2928 593 2994 'claudunl,
616 2928 826 2994 multum
846 2928 1034 2981 variant
1050 2932 1101 2981 in
1121 2928 1374 2994 codicibus
1402 2945 1490 2994 pro
1511 2928 1819 2981 libririorum
1844 2930 2004 2992 libilo,

336 2992 423 3054 qui
443 2993 551 3042 hac
568 3004 660 3042 suo
676 2993 887 3056 quisque
908 3005 1048 3043 more
1066 2993 1378 3042 concinnant.

1096 301 1457 365 SJUANNIS
1492 304 1981 366 CHRYSOSTOMI
2013 310 2335 371 ABCHIEP.
2375 316 2923 376 CONSTAN’I’INOP.

3718 328 3807 383 169

2128 428 2287 516 τοῦτο
2306 431 2368 516 τὸ
2397 434 2548 504 ῥῆμα
2576 433 2801 508 φθέγξῃ,
2834 434 2971 505 μετά
2997 434 3196 506 πολλῆς
3215 435 3400 491 οἴκαδε
3424 438 3805 516 ἀναχωρήσεις

2127 515 2231 584 τῆς
2260 515 2649 591 πληροφορίας.
2685 522 2951 575 Ἄκουσον
2986 520 3138 594 [160]
3168 523 3300 591 γοῦν
3314 524 3411 578 τοῦ
3442 525 3585 580 Θεοῦ
3615 515 3804 595 ἐνταῖς

2129 604 2388 671 ἐντολαῖς,
2424 606 2512 661 ἴνα
2534 609 2628 661 καὶ
2651 608 2814 674 αὐτὸς
2846 609 3053 681 ἀκούσῃ
3081 608 3172 663 σοῦ
3207 612 3266 664 ἐν
3292 614 3415 676 ταῖς
3446 619 3799 686 προσευχαῖς.

2128 689 2294 744 Τοῦτο
2332 692 2392 745 τὸ
2448 696 2598 765 ῥῆμα
2623 696 3030 767 ἐγγραφήσεται
3074 697 3210 762 ἀνω,
3258 699 3355 752 καὶ
3384 703 3799 772 παραστήσεταί

2129 796 2210 832 σοι
2241 781 2300 834 ἐν
2313 784 2381 852 τῇ
2404 782 2588 855 ἡμέρᾳ
2612 785 2711 854 τῆς
2742 784 2999 856 κρίσεως,
3034 786 3129 840 καὶ
3158 786 3362 850 πολλάς
3383 789 3669 859 ἁμαρτίας
3689 790 3801 845 διαρ-

2127 867 2368 925 λύσεται.
2410 871 2521 926 Καὶ
2548 872 2707 926 τοῦτο
2749 872 2823 944 μὴ
2856 874 2950 927 ἐπὶ
2994 874 3091 928 τοῦ
3114 876 3279 947 ὅρκου
3314 877 3497 946 μόνον,
3530 878 3677 932 ἀλλά
3713 882 3802 934 καί

2125 959 2218 1012 ἐπὶ
2237 958 2457 1013 πάντων
2482 960 2591 1014 τῶν
2622 962 2968 1033 πραγμάτων
2998 963 3364 1034 λογιζώμεθα,
3396 967 3493 1019 καὶ
3514 966 3650 1020 ὅταν
3680 968 3803 1037 μέλα

2124 1045 2309 1118 λωμέν
2337 1066 2392 1102 τι
2414 1048 2502 1102 διά
2518 1049 2651 1103 Θεὸν
2679 1054 2852 1104 ποιεῖν
2866 1051 3089 1120 ἀγαθὸν,
3118 1049 3234 1106 εἶτα
3268 1052 3406 1125 φέρῃ
3432 1052 3646 1125 ζημίαν
3660 1065 3797 1120 τινα,

2127 1133 2201 1206 μὴ
2234 1136 2332 1206 τήν
2356 1136 2557 1207 ζημίαν
2591 1136 2689 1208 τὴν
2717 1139 2782 1191 ἐκ
2825 1138 2920 1192 τοῦ
2946 1139 3271 1211 πράγματος
3292 1140 3581 1211 βλέπωμεν
3619 1143 3799 1212 μόνον,

2123 1221 2259 1274 ἀλλά
2293 1223 2388 1276 καὶ
2415 1222 2477 1276 τὸ
2501 1222 2712 1294 κέρδος,
2742 1222 2771 1277 δ
2798 1227 3206 1297 καρπωσόμεθα
3230 1229 3294 1281 ἐκ
3320 1227 3413 1281 τοῦ
3446 1228 3537 1282 διά
3560 1229 3655 1282 τὸν
3670 1229 3799 1282 Θεὶν

2122 1311 2364 1381 ποιῆσαι.
2407 1305 2531 1364 υἷόν
2552 1328 2604 1364 τι
2628 1312 2791 1379 λέγω·
2825 1308 3055 1383 ’Υϐρισέ
3085 1313 3146 1367 σέ
3170 1330 3287 1380 τις;
3333 1314 3467 1387 φέρε
3510 1317 3800 1384 γενναίως·

2123 1398 2290 1461 οίσεις
2315 1397 2374 1451 δὲ
2398 1398 2681 1467 γενναίως,
2721 1398 2789 1453 ἀν
2831 1401 2905 1472 μὴ
2949 1401 3048 1472 τὴν
3097 1401 3255 1473 ῦϐριν
3302 1403 3567 1475 ἐήοήσῃς
3614 1405 3797 1475 μόνον,

2122 1484 2259 1539 ἀλλὰ
2288 1485 2384 1539 καὶ
2414 1485 2474 1537 τὸ
2500 1484 2723 1556 ἀξίωμα
2773 1487 2869 1540 τοῦ
2908 1486 3221 1552 κελεύοντος
3270 1489 3480 1560 φέρειν,
3519 1492 3618 1543 καὶ
3678 1490 3800 1564 οζσῃ

2124 1572 2335 1642 πράως.
2371 1571 2621 1636 Ἐδωκας
2651 1573 3058 1644 ἐλεημοσύνηνς
3104 1576 3177 1646 μὴ
3205 1575 3305 1648 τὴν
3333 1577 3581 1646 δαπάνην
3606 1578 3796 1643 ἐννόει,

2123 1658 2260 1713 ἀλλά
2293 1659 2389 1713 καὶ
2418 1659 2517 1731 τὴν
2546 1661 2805 1731 πρόσοδον
2837 1660 2936 1733 τὴν
2961 1662 3068 1715 ἀπὸ
3093 1666 3195 1734 τῆς
3219 1663 3487 1734 δαπάνης.
3526 1665 3801 1737 Έζημιὼ-

2122 1747 2223 1815 θης
2241 1746 2344 1817 χρή
2355 1764 2500 1816 ματα
2522 1761 2537 1811 ;
2571 1747 2985 1819 εὐχαρίστησον,
3015 1750 3111 1802 καὶ
3142 1748 3218 1820 μὴ
3239 1749 3339 1821 τὴν
3358 1750 3555 1823 ὀδύνην
3574 1751 3801 1822 τὴνάπὸ

2121 1834 2221 1905 τῆς
2246 1834 2448 1905 ζημίας
2468 1833 2584 1905 ἴδῃς
2621 1835 2799 1905 μόνον,
2861 1836 2997 1890 ἀλλὰ
3027 1837 3122 1890 καὶ
3149 1838 3211 1889 τὺ
3242 1837 3435 1909 κέρδος
3461 1837 3525 1891 τὸ
3557 1838 3671 1892 ἀπὺ
3702 1838 3803 1905 τῆς

2122 1922 2490 1994 εὐχαριστίας.
2550 1923 2649 1976 Ἂν
2702 1920 2870 1987 οὓτως
2918 1926 3144 1989 ἑαυτοὺς
3203 1926 3577 1998 ῥυθμίξωμεν,
3647 1929 3799 1983 οὐδὲν

2121 2014 2266 2083 ἡμᾶς
2294 2012 2526 2084 λυπήσει
2565 2012 2671 2067 τῶν
2701 2014 3082 2084 ἐμπιπτόντων
3109 2014 3318 2080 δεινῶν,
3352 2015 3491 2070 ἀλλά
3536 2017 3636 2071 καὶ
3664 2034 3801 2088 κερ-

2119 2103 2382 2175 δανοῦμεν
2406 2104 2517 2158 ἀπὸ
2541 2103 2651 2157 τῶν
2678 2103 2975 2158 δοκούντων
3012 2100 3157 2158 εἶναι
3179 2105 3463 2176 λυπηρῶν,
3492 2108 3589 2160 καὶ
3621 2106 3800 2177 ζημία

2121 2191 2374 2257 πλούτου,
2409 2191 2504 2245 καὶ
2541 2191 2688 2262 λύπη
2742 2190 2939 2261 ἡδονῆς
2972 2192 3067 2245 καὶ
3107 2192 3469 2263 εὐφροσύνης,
3492 2193 3589 2245 καὶ
3635 2192 3802 2265 ὕϐρις

2117 2281 2286 2351 τιμῆς
2310 2279 2470 2350 ήδίων
2499 2279 2651 2333 ἔσται
2675 2281 2767 2333 καὶ
2783 2279 3157 2351 ποθεινοτέρα,
3173 2281 3269 2333 καὶ
3287 2279 3357 2333 τὰ
3372 2280 3590 2334 ἐναντία
3615 2281 3800 2336 πάντα

2116 2369 2196 2431 είς
2220 2366 2410 2439 κέρδος
2461 2368 2594 2438 ἡμῖν
2631 2367 2988 2439 ἀποϐήσεται·
3019 2368 3113 2421 καὶ
3144 2366 3379 2422 ἐνταῦθα
3423 2366 3628 2438 πολλῆς
3660 2369 3802 2422 ἀπο-

2116 2453 2424 2525 λαυσόμεθα
2456 2455 2557 2524 τῆς
2584 2454 2858 2526 γαλήνης,
2892 2456 3056 2509 κάκεῖ
3089 2455 3191 2525 τῆς
3225 2454 3503 2526 βασιλείας
3542 2454 3657 2508 τῶν
3704 2456 3800 2508 οὐ-

2118 2544 2301 2615 ρανῶν
2326 2544 2745 2615 ἐπιτευξόμεθα·
2768 2541 2839 2616 ἦς
2862 2543 3071 2613 γένοιτο
3122 2544 3330 2608 πάντας
3372 2546 3523 2614 ἡμᾶς
3555 2543 3797 2614 ἀξιωθῆ-

2115 2648 2203 2686 ναι
2220 2630 2268 2696 δ’,
2291 2626 2472 2701 χάριτι
2505 2633 2598 2685 καὶ⁵
2641 2632 3019 2702 φιλανθρωπία
3040 2630 3135 2685 τοῦ
3180 2630 3388 2701 Κυρίου
3419 2631 3582 2702 ήμῶν
3612 2630 3796 2701 Ἰησοῦ

2117 2717 2372 2789 Χριστοῦ,
2396 2718 2463 2773 δι’
2496 2712 2558 2772 οῦ
2582 2720 2675 2772 καὶ
2710 2719 2828 2791 μεθ’
2854 2712 2917 2773 οὗ
2941 2719 3020 2791 τῷ
3037 2720 3211 2792 Πατρὶ
3234 2718 3351 2790 ἃμα
3364 2718 3443 2790 τῷ
3468 2718 3612 2789 ἁγίῳ
3631 2717 3798 2773 Πνεῦ-

2118 2820 2248 2875 ματι
2280 2805 2429 2870 δόξα,
2452 2807 2672 2878 κράτος,
2724 2806 2877 2879 τιμὴ,
2907 2807 3003 2861 νῦν
3032 2807 3128 2862 καὶ
3153 2807 3243 2861 ἀεὶ
3269 2806 3366 2861 καὶ
3400 2807 3483 2871 είς
3513 2808 3645 2872 τοὺς
3672 2805 3790 2860 ait?»

2115 2910 2213 2959 νας
2233 2894 2343 2948 τῶν
2370 2893 2601 2949 αἰώνων.
2639 2896 2832 2966 ’Δμήν.

395 3162 3609 3193 MM

339 3388 745 3463 Φημισθείσης
766 3390 855 3456 είς
872 3388 983 3444 τὸν
1032 3387 1300 3456 ἄρχοντα
1327 3384 1604 3454 πραίδας,
1666 3384 1765 3441 καί
1832 3384 2074 3439 πάντων
2111 3384 2244 3453 περὶ
2282 3383 2484 3455 φυγῆς
2518 3381 3007 3452 βουλευομένων,
3051 3380 3159 3435 τοῦ
3197 3380 3497 3450 ἄρχοντος
3523 3392 3555 3421 ι
3593 3383 3790 3435 εἰσελ-

412 3482 624 3548 θόντος
676 3483 765 3548 είς
814 3478 934 3550 τήν
975 3479 1316 3547 ἐκκλησίαν
1370 3477 1470 3533 καί
1519 3477 2074 3546 παρακαλέσαντος,
2112 3475 2331 3546 ἐλέχθη
2361 3477 2399 3544 ἡ
2428 3473 2707 3544 παροῦσα
2733 3475 2964 3546 ὁμιλία·
2990 3473 3090 3529 καί
3113 3471 3247 3542 περὶ
3272 3471 3380 3527 τοῦ
3393 3471 3484 3542 μὴ
3508 3472 3787 3543 ὀμνύναι·

412 3572 510 3627 καὶ
540 3575 628 3640 είς
673 3572 741 3627 τὸ
776 3570 963 3642 ῥητὸν
1008 3570 1117 3625 τοῦ
1168 3571 1564 3637 ’Διττοῦ-σόλον,
1605 3568 1815 3633 Παῦλος
1852 3567 2075 3640 δέσμιος
2125 3569 2301 3639 Ἰησοῦ
2339 3568 2598 3639 Χριστοῦ.

1008 3884 1255 3956 Ὃμιλίιί
1269 3892 1368 3953 ις’.

408 3987 477 4033 α’.
514 3978 618 4033 Τὸν
637 3976 874 4051 ἄρχοντα
904 3978 1002 4047 μὲν
1037 3972 1276 4045 ἐπῄνεσα
1302 3971 1402 4043 τῆς
1428 3970 1776 4043 κηδεμονίας,
1803 3972 1885 4025 ὅτι
1916 3989 2005 4027 τε-

335 4063 716 4139 θορυϐημένην
731 4065 831 4135 τὴν
858 4062 1013 4117 πόλιν
1040 4059 1163 4115 ίδὼν
1184 4060 1278 4115 καὶ
1301 4059 1508 4124 πάντας
1523 4059 1653 4131 περὶ
1672 4061 1848 4132 φυγῆς
1878 4059 2005 4129 βου.

333 4154 676 4226 λευομένους,
695 4149 950 4206 εἰσελθὼν
967 4148 1307 4221 παρεκάλεσέ
1321 4165 1381 4200 τε
1400 4148 1544 4217 ὑμᾶς
1559 4147 1655 4201 καὶ
1669 4150 1749 4211 είς
1760 4147 2004 4219 χρηστάς

331 4245 538 4313 ἢγαγεν
556 4240 795 4304 ἐλπίδας·
829 4239 970 4310 ὑπὲρ
992 4238 1146 4311 ὑμῶν
1173 4238 1230 4291 δὲ
1258 4235 1534 4308 ᾐσχύνθην
1556 4236 1650 4290 καὶ
1672 4235 2000 4307 ἠρυθρίασα,

332 4330 416 4383 ὅτι
444 4327 544 4398 τῆς
568 4325 765 4392 ἔξωθεν
801 4324 1059 4397 ἐδεήθητε
1108 4324 1512 4396 παρακλήσεως
1547 4321 1686 4393 μετά
1713 4322 1838 4387 τοὺς
1867 4325 1999 4377 πολ-

330 4419 457 4483 λοὺς
497 4419 591 4472 καὶ
617 4415 860 4488 μακροὺς
896 4414 1087 4483 λόγους
1118 4414 1378 4477 ἐκείνους.
1430 4411 1695 4483 Ηύξάμην
1719 4412 2001 4484 διαστῆναί

334 4525 424 4581 μοι
458 4508 555 4577 τὴν
575 4505 679 4578 γῆν
704 4504 801 4558 καὶ
815 4502 1128 4567 καταδῦναις
1157 4504 1253 4583 ὅτε
1271 4502 1468 4574 ἤκουον
1499 4498 1663 4553 αὐτοῦ
1697 4499 1834 4572 πρὸς
1855 4501 2001 4571 ὑμᾶς

326 4592 728 4664 διαλεγομένου,
766 4590 864 4644 καὶ
891 4589 987 4645 νῦν
1046 4589 1144 4661 μέν
1186 4588 1678 4661 παραμυθουμένου
1716 4587 1769 4649 ι’,
1814 4587 1909 4642 νῦν
1941 4589 1999 4643 δέ

326 4679 657 4750 αἰτιωμένου
688 4677 790 4749 τὴν
823 4672 1051 4749 ἄκαιρον
1094 4675 1298 4747 ταύτην
1326 4677 1419 4731 καὶ
1446 4675 1637 4747 ἀλογον
1668 4674 1889 4731 δειλίαν.
1919 4676 1995 4730 Οὐ

323 4767 436 4839 γὰρ
461 4766 609 4836 ὑμᾶς
633 4768 764 4839 παρ’
793 4764 1005 4820 ἐκείνου
1028 4763 1376 4819 διδάσκεσθαι
1402 4763 1529 4828 ἔδει,
1574 4763 1688 4818 ἀλλ’
1712 4764 1856 4836 ὑμᾶς
1884 4766 1997 4828 τοῖς

322 4854 572 4918 ἀπίστοις
592 4854 763 4908 ἀπασι
787 4851 1031 4923 γίνεσθαι
1058 4851 1427 4916 διδασκάλους.
1447 4853 1520 4905 Οὐ
1551 4851 1660 4924 γὰρ
1681 4851 1996 4917 δικάζεσθαι

323 4942 476 5015 παρὰ
497 4942 609 5007 τοῖς
637 4941 885 5005 ἀπίστοις
910 4942 941 4994 ὁ
969 4939 1179 5005 Παῦλος
1230 4938 1519 5010 ἐπέτρεψε·
1553 4940 1618 4995 σύ
1651 4940 1708 4994 δέ
1735 4939 1992 4995 διδασκά-

321 5033 429 5087 λων
458 5028 567 5087 τῶν
588 5028 787 5096 ἔξωθεν
809 5031 1035 5103 ἐδεήθης
1062 5029 1202 5101 μετά
1249 5030 1348 5098 τὴν
1378 5027 1645 5099 τοσαύτην
1683 5028 1795 5083 τῶν
1825 5029 1994 5082 πατέρ

326 5137 435 5193 ρων
462 5118 801 5193 παραίνεσιν,
837 5118 932 5173 καὶ
967 5117 1232 5190 δραπέται
1262 5117 1356 5170 καὶ
1392 5116 1673 5186 μαστιγίαι
1711 5117 1854 5179 τινές

319 5208 406 5262 λιν
453 5208 720 5282 τοσαύτην
777 5208 1162 5279 ἀνεπτέρωσαν
1216 5206 1313 5259 καὶ
1358 5205 1439 5269 είς
1478 5204 1654 5276 φυγὴν
1714 5204 1985 5282 ἐνέϐαλᾳν.

321 5222 406 5262 λιν
453 5222 720 5282 τοσαυτην
777 5222 1162 5279 ανεπτερωσαν
1216 5222 1313 5259 και
1358 5222 1439 5269 εις
1478 5222 1654 5276 φυγην
1714 5222 1905 5258 ενεοαΛ
1948 5222 1985 5259 δ.

319 5296 502 5361 Ποίοις
526 5296 823 5368 ὀφθαλμοῖς
869 5293 1263 5364 ἀντιϐλέψομεν
1294 5291 1479 5345 λοιπὸν
1528 5292 1655 5354 τοὺς
1681 5289 1832 5363 [161]
1862 5222 1988 5345 aii-

319 5400 476 5448 στους
509 5395 557 5449 ο,
596 5382 742 5439 οὕτω
769 5380 1050 5452 ψοφοδεεῖς
1074 5380 1227 5442 ὄντες
1256 5378 1349 5434 καὶ
1379 5377 1578 5444 δειλοί;
1610 5376 1739 5448 ποίᾳ
1772 5376 1987 5452 γλώττῃ

320 5471 454 5540 πρὺς
502 5473 698 5536 αὐτοὺς
720 5466 1101 5542 διαλεξόμεθα,
1139 5467 1234 5525 καὶ
1281 5466 1542 5537 πείσομεν
1592 5464 1817 5538 θαρρεῖν
1844 5465 1985 5537 ὑπὲρ

382 5586 398 5610 ⁸
420 5591 533 5655 Snv.
557 5599 611 5655 ει
646 5592 843 5655 quidam
883 5590 965 5643 alii
997 5587 1084 5655 τοῦ
1113 5589 1338 5653 κὸμητος.
1360 5586 1492 5637 Vide
1520 5594 1685 5638 nolam
1724 5586 1984 5638 Frontonis

319 5648 570 5713 l‘tpcmlnd
597 5648 781 5703 calcem
803 5655 949 5713 hujus
969 5654 1103 5703 torni.

380 5710 409 5783 Ξ·
432 5710 526 5783 Hii
545 5710 981 5783 παραξαλουμέθον-

379 5773 407 5804 ⁸
432 5771 528 5823 Alii
554 5771 652 5829 τοῖς
679 5771 907 5833 ἀπίστοις.
944 5774 1074 5828 Infra
1096 5774 1291 5839 quidam
1315 5773 1564 5839 δειλότεροι
1594 5772 1708 5838 ὑπὲρ
1741 5777 1822 5832 τῆς
1855 5771 1980 5836 ἀγω-

320 5854 436 5894 νιας,

2025 3757 2092 3769 .-

2106 3906 2214 3960 τῶν
2243 3906 2503 3961 ἐπιόντων
2522 3905 2732 3972 δεινῶν,
2769 3902 2982 3973 λαγωοῦ
3009 3903 3209 3968 παντὸς
3239 3902 3532 3974 δειλότεροι
3560 3904 3654 3958 διά
3683 3904 3787 3974 τῆς

2104 3993 2343 4062 ἀγωνίας
2370 3993 2648 4065 γενόμενοι
2700 3992 2937 4064 ταύτης;
2984 3991 3096 4045 Καὶ
3141 3990 3195 4044 τί
3233 3990 3518 4061 πάθωμεν,
3573 3992 3780 4063 φησίν;

2108 4079 2415 4152 ’Ἄνθρωποι
2455 4081 2564 4152 γάρ
2604 4083 2790 4151 ἐσμεν.
2839 4076 2928 4133 Δι’·
2955 4079 3089 4133 αὐτὸ
3137 4077 3235 4150 μὲν
3262 4074 3357 4133 οὖν
3384 4076 3547 4131 τοῦτο
3571 4079 3634 4131 οὐ
3674 4078 3782 4152 χρὴ

2103 4164 2467 4239 θορυϐεῖσθαι,
2509 4167 2694 4238 ἐπειδὴ
2744 4166 3019 4238 ἄνθρωποί
3063 4166 3265 4236 ἐσμεν,
3310 4165 3405 4218 καὶ
3436 4164 3539 4217 οὐκ
3581 4165 3780 4234 ἄλογα.

2103 4251 2317 4307 Ἐκεῖνα
2340 4254 2447 4308 ἀπὸ
2462 4253 2646 4323 ψόφων
2679 4254 2775 4306 καὶ
2801 4251 3020 4307 κτύπων
3040 4251 3255 4306 ἅπαντα
3280 4251 3539 4305 σοϐεἶται·
3571 4252 3633 4305 οὐ
3667 4252 3781 4324 γάρ

2100 4338 2213 4411 ἔχει
2245 4341 2500 4412 λογισμὸν
2527 4341 2618 4394 τὸν
2646 4340 2942 4411 δυνάμενον
2971 4337 3418 4410 ἀποκρούσασθαι
3442 4337 3504 4391 τὸ
3531 4338 3678 4403 δέος·
3713 4341 3780 4395 σὺ

2098 4427 2156 4481 δὲ
2174 4428 2317 4499 λόγῳ
2369 4424 2462 4482 καὶ
2488 4427 2733 4498 λογισμῷ
2757 4426 3137 4499 τετιμημένος,
3167 4424 3287 4489 πῶς
3314 4428 3395 4488 είς
3414 4424 3514 4498 τὴν
3545 4426 3781 4482 ἐκείνων

2099 4516 2458 4579 καταπίπτεις
2484 4514 2834 4584 δυσγένειαν;
2895 4512 3125 4585 Είσῆλθέ
3153 4530 3260 4579 τις,
3314 4513 3655 4584 ἀπήγγειλεν
3687 4514 3782 4585 ἔφ-

2097 4604 2213 4657 οδον
2238 4603 2617 4677 στρατιωτῶνς
2647 4602 2722 4675 μὴ
2752 4600 3088 4674 θορυϐηθῇς,
3124 4600 3239 4654 ἀλλ’
3269 4601 3427 4670 ἀφεὶς
3442 4600 3629 4668 αὐτὸν,
3655 4602 3780 4655 κλῖ-

2096 4707 2185 4743 νον
2211 4690 2280 4744 τὰ
2306 4689 2531 4759 γόνατα,
2563 4689 2656 4743 τὸν
2685 4688 2960 4758 Δεσπότην
2988 4704 3082 4741 σου
3135 4687 3544 4759 παρακάλεσον,
3576 4690 3776 4744 στένα-

2096 4776 2185 4843 ξον
2210 4778 2425 4850 πικρὸν,
2447 4777 2542 4831 καὶ
2566 4774 2966 4847 ἀποκρούσεται
2986 4775 3047 4828 τὸ
3076 4774 3272 4829 δεινόν.
3297 4775 3368 4828 Σὺ
3389 4776 3488 4846 μὲν
3508 4792 3779 4847 στρατιω-

2093 4863 2203 4918 τῶν
2236 4864 2425 4934 ἔφοδον
2465 4864 2706 4926 ἀκούσας
2739 4863 2839 4915 οὐκ
2880 4860 3079 4933 ἀληθῆ,
3109 4863 3202 4916 καὶ
3232 4863 3330 4933 τῆς
3380 4860 3525 4934 ζωῆς
3555 4865 3774 4917 ἐκινδύ-

2093 4968 2288 5015 νευσας
2321 4949 2700 5023 ἀπορραγῆναι
2729 4948 2828 5018 τῆς
2862 4947 3166 5020 παρούσης·
3194 4950 3223 5002 ὁ
3248 4948 3307 5002 δέ
3341 4948 3615 5021 μακάριος
3642 4947 3772 5003 ἰὼϐ

2093 5039 2299 5101 ἐκεῖνος
2325 5036 2642 5108 ἐπαλλήλων
2691 5034 2938 5105 ἀγγέλων
2970 5035 3303 5106 ἐρχομένων,
3363 5036 3459 5088 καὶ
3504 5035 3579 5088 τὰ
3613 5036 3774 5090 δεινά

2095 5123 2551 5192 ἀπαγγελλόντων
2583 5121 2819 5188 ἀκούων,
2860 5122 2956 5177 καὶ
2984 5121 3327 5192 προσθέντων
3356 5123 3457 5194 τὴν
3486 5122 3771 5195 ἀφόρητον

2094 5212 2204 5264 τῶν
2229 5210 2434 5264 παίδων
2478 5208 2775 5275 ἀπώλειαν,
2831 5210 2932 5263 οὐκ
2963 5207 3278 5279 ἀνῴμωξεν,
3324 5213 3427 5267 οὐκ
3450 5210 3768 5277 ἐστέναξεν,

2092 5298 2208 5353 ἀλλ’
2231 5299 2324 5351 ἐπὶ
2357 5295 2661 5368 προσευχὴν
2688 5295 2963 5366 ἐτρέπετο,
2979 5294 3073 5349 καὶ
3097 5296 3417 5366 ηὐχαρίστει
3450 5294 3532 5365 τῷ
3561 5294 3768 5348 Δεσπό-

2091 5403 2177 5457 τῃ.
2208 5384 2407 5438 Τοῦτον
2458 5383 2551 5436 καὶ
2585 5384 2648 5436 σύ
2686 5382 2939 5453 μίμησαι·
2995 5382 3087 5436 καὶ
3113 5383 3240 5436 ὅταν
3269 5381 3441 5437 ἐλθών
3467 5399 3551 5445 τις
3580 5382 3768 5452 ἀπαγ-

2091 5470 2244 5543 γείλῃ
2283 5472 2364 5525 ὅτι
2400 5469 2727 5541 στρατιῶται
2758 5468 2858 5540 τὴν
2890 5468 3046 5522 πόλιν
3074 5467 3390 5522 ἐκύκλωσαν
3419 5467 3641 5533 καὶτὰς
3672 5468 3766 5521 οὐ·

2092 5561 2213 5624 σίας
2240 5557 2559 5630 διαρπάζειν
2588 5555 2861 5627 μέλλουσι,
2903 5555 3042 5628 πρὸς
3078 5557 3170 5610 τὸν
3213 5556 3490 5626 Δεσπότην
3522 5572 3623 5609 σου
3660 5571 3763 5610 κα-

2089 5647 2318 5717 τάφυγε,
2365 5645 2454 5698 καὶ
2478 5644 2619 5697 είπέ·
2664 5643 2726 5696 '0
2758 5643 2973 5710 Κύριος
3010 5642 3254 5707 ἔδωκεν,
3286 5646 3320 5698 ό
3348 5645 3568 5712 Κύριος
3596 5643 3765 5712 ἀφεί-

2087 5738 2255 5789 λατο·
2286 5734 2367 5799 ὠς
2406 5729 2484 5797 τῷ
2521 5730 2715 5799 Κυρίῳ
2760 5730 2990 5794 ἔδοξεν,
3025 5730 3177 5784 οὕτω
3206 5730 3304 5784 καὶ
3361 5730 3625 5799 ἐγένετο·
3668 5731 3763 5795 εἴη

2088 5824 2151 5877 τὸ
2206 5820 2390 5892 ὄνομα
2442 5818 2658 5887 Κυρίου
2715 5817 3118 5887 εὐλογημένοι·
3175 5819 3262 5885 είς
3318 5818 3462 5888 τοὺς
3513 5818 3760 5885 αἰῶνας.
