3920 6224
194 308 299 361 961

201 430 416 485 ιιηειξδο,
444 415 655 472 dubitas
673 457 688 483 ,
719 423 773 471 et
796 415 1028 470 animam
1056 417 1291 472 occidis?
1314 418 1441 488 quid
1470 427 1671 473 tantum
1702 418 1784 473 lu-

192 522 294 561 cra
305 507 400 574 ris,
424 516 678 578 quantum
704 507 938 562 animam
961 515 1101 562 tuam
1124 515 1180 562 et
1204 509 1502 579 proximum
1525 510 1676 565 laedis
1693 510 1717 564 ἳ
1736 509 1790 566 Si

198 616 354 654 enim
381 600 554 654 credis
581 599 722 670 quod
750 614 910 654 verax
949 599 1016 653 sit
1064 600 1224 655 homo
1244 641 1262 662 ,
1290 613 1358 655 ne
1382 600 1669 669 juramenti
1700 617 1794 657 ne-

198 695 515 748 cessitatem
544 692 812 757 adducas;
859 693 904 745 si
948 703 1078 747 vero
1123 693 1261 746 nosti
1301 693 1440 763 quod
1482 695 1790 759 mentietur,

202 799 276 839 ne
322 783 563 854 peierare
606 798 784 854 cogas.
816 782 919 838 Sed
965 791 1022 838 ut
1043 783 1172 838 mihi
1230 784 1387 854 plena
1440 784 1571 840 ﬁdes
1620 785 1790 853 ﬁeret,

198 872 514 928 instandum
556 881 707 938 erat,
750 872 922 942 inquit
961 890 975 927 :
1017 872 1126 928 imo
1173 882 1300 929 tunc
1350 874 1444 929 tibi
1493 885 1606 930 rata
1664 876 1795 931 ﬁdes

204 962 325 1033 ﬁet,
357 980 476 1022 cum
501 965 686 1035 jnrare
728 980 849 1019 eum
904 980 1008 1019 non
1052 966 1312 1036 coegeris.
1345 965 1497 1033 Nunc
1524 967 1667 1022 enim
1697 968 1794 1022 do-

206 1072 358 1110 mum
407 1070 713 1126 regressus,
739 1070 767 1108 a
797 1056 1122 1110 conscientia
1150 1056 1365 1110 assidue
1404 1055 1641 1123 roderis,
1679 1056 1796 1112 haec

204 1156 467 1217 reputans
492 1164 505 1199 :
530 1145 794 1216 Numquid
837 1161 943 1201 non
988 1144 1183 1200 frustm
1215 1146 1493 1216 adjuravi?
1536 1147 1794 1217 numquid

204 1255 321 1295 non
351 1238 640 1309 pejeravit?
669 1238 924 1308 nmnquid
963 1253 1066 1292 non
1106 1254 1205 1307 ego
1247 1238 1319 1292 fui
1359 1254 1519 1294 causa
1551 1239 1796 1307 peccati?

206 1331 267 1387 Si
309 1346 439 1386 vero
477 1345 584 1384 non
624 1328 952 1400 adjuravcris
974 1371 989 1395 ,
1022 1329 1238 1382 domum
1269 1344 1546 1399 regressus
1573 1329 1793 1383 multam

206 1422 395 1491 capies
416 1421 861 1486 consolationem,
892 1435 1056 1490 agens
1085 1421 1194 1475 Deo
1220 1421 1419 1490 gratias
1438 1462 1452 1484 ,
1485 1430 1540 1477 et
1566 1421 1752 1476 dicens
1776 1438 1790 1475 :

205 1512 531 1568 Benedictus
553 1511 714 1577 Deus,
739 1511 989 1581 quoniam
1010 1526 1095 1565 me
1127 1512 1298 1579 ipsum
1328 1512 1586 1577 continui,
1619 1527 1793 1581 neque

208 1603 451 1673 adjuravi
483 1602 702 1665 frustra,
731 1616 831 1655 nec
858 1611 1080 1656 temere.
1110 1601 1434 1670 Deploretur
1453 1616 1662 1664 aurum,
1680 1616 1796 1670 pcr-

207 1705 339 1749 eant
367 1694 630 1764 pecuuire,
653 1702 712 1748 ut
741 1694 840 1746 hoc
868 1692 1020 1746 nobis
1042 1693 1274 1747 maxime
1301 1693 1513 1763 pienam
1544 1693 1700 1748 ﬁdem
1728 1693 1795 1748 fa-

206 1788 339 1850 ciat,
363 1786 534 1856 legem
566 1801 670 1839 non
699 1786 1043 1854 prmteriisse,
1067 1800 1166 1839 nec
1190 1784 1417 1840 alterum
1442 1787 1704 1856 coegisse,
1735 1796 1791 1842 nt

209 1876 319 1930 hoc
341 1876 555 1930 faceret.
578 1875 758 1946 Cogita
790 1885 1007 1945 propter
1027 1891 1147 1946 quae
1175 1891 1281 1930 non
1309 1876 1593 1947 adjurasti,
1617 1888 1671 1934 et
1691 1878 1795 1934 hoc

208 1968 308 2024 tibi
333 1967 561 2022 sufﬁciet
587 1967 642 2021 in
670 1966 1002 2035 refrigerium
1034 1976 1089 2023 et
1116 1969 1561 2024 consolationem.
1583 1972 1794 2042 Stepius

208 2073 444 2128 namque
471 2072 643 2127 pugna
674 2056 903 2112 conflata
930 2058 1309 2113 contumeliam
1339 2060 1600 2128 patientes
1626 2076 1794 2131 gene-

208 2164 336 2205 rose
358 2148 600 2214 ferimus,
629 2157 685 2202 et
709 2148 1091 2203 contumeliam
1116 2147 1362 2222 inferenti
1384 2150 1632 2216 dicimus,
1656 2151 1793 2219 Quid

160 2309 167 2315 _
208 2242 307 2297 tibi
328 2241 554 2297 faciam?
581 2241 673 2296 ille
702 2257 787 2295 me
818 2241 1047 2295 retinet‘
1078 2250 1334 2311 patronus
1356 2250 1476 2298 tuus
1496 2260 1512 2310 ;
1536 2244 1624 2299 ille
1645 2260 1793 2299 meas

208 2332 427 2387 cohibet
457 2346 666 2386 manus.
695 2329 765 2386 Et
795 2330 899 2385 hoc
924 2331 1078 2385 nobis
1102 2331 1169 2385 ad
1191 2333 1615 2388 consolationem
1640 2334 1790 2387 suffi-

207 2424 304 2478 cit.
338 2423 412 2477 lta
442 2431 497 2476 tu
534 2437 747 2493 quoque
791 2438 910 2476 cum
958 2422 1264 2492 quempiam
1307 2422 1649 2492 adjuraturus
1693 2439 1788 2490 es,

211 2515 437 2584 teipsum
465 2515 701 2580 contine,
731 2512 975 2582 prohibe,
1008 2519 1063 2565 et
1090 2511 1179 2566 dic
1202 2512 1448 2582 juraturo
1481 2530 1495 2566 :
1529 2512 1667 2579 Quid
1699 2514 1790 2568 tibi

209 2604 437 2659 faciam?
466 2603 606 2658 Deus
631 2602 794 2670 jussit
819 2617 924 2656 non
952 2600 1221 2670 adjurare,
1255 2601 1345 2655 ille
1373 2616 1461 2655 me
1490 2617 1633 2657 nunc
1662 2617 1793 2657 con-

209 2697 365 2749 tinet.
400 2692 609 2750 Sufficit
640 2694 739 2748 huc
765 2702 819 2747 et
846 2692 915 2747 ad
947 2692 1204 2746 honorem
1235 2691 1558 2761 legislatoris
1582 2733 1598 2759 ,
1628 2700 1684 2747 et
1722 2692 1789 2746 ad

207 2785 550 2841 securitatem
581 2794 746 2848 tuam,
776 2794 829 2839 et
855 2783 920 2836 ad
945 2783 1179 2853 iuraturi
1207 2783 1472 2837 timorem.
1493 2783 1626 2838 Cum
1648 2784 1788 2838 enim

208 2879 300 2933 ille
326 2877 519 2932 viderit
542 2877 684 2947 quod
727 2877 807 2932 sic
843 2876 979 2930 alios
1008 2874 1258 2945 adjurare
1285 2890 1588 2941 vereamur,
1621 2876 1791 2930 multo

207 2972 380 3040 magis
410 2970 525 3041 ipse
553 2969 710 3025 facile
732 2969 915 3040 jurare
943 2966 1273 3023 formidahit.
1328 2967 1384 3022 Si
1427 2967 1529 3023 hoc
1570 2968 1789 3023 verbum

205 3124 297 3246 pr;
601 3129 707 3172 Sav.
733 3122 863 3186 Apud
896 3120 1090 3171 Montef.
1133 3133 1254 3172 vero
1275 3121 1484 3185 legitur,
1521 3119 1789 3187 vituperat,

298 3219 314 3244 ,
512 3216 528 3232 .

298 3219 314 3244 ν
341 3216 354 3231 v
365 3216 528 3235 nunc"

1130 307 1220 362 AD
1257 306 1581 365 POPULUM
1619 306 2107 368 ANTIOCHENUM
2168 311 2398 370 HOMIL.
2438 316 2578 375 XVI.

3385 335 3488 390 £62

1894 421 2115 489 dixeris,
2141 440 2261 480 cum
2286 427 2448 482 multa
2470 424 2686 484 domum
2710 435 3010 491 securitatis
3035 437 3364 507 plenitudine
3389 462 3475 501 re-

1899 515 2059 571 dihis.
2090 517 2229 573 Audi
2259 535 2389 590 ergo
2418 521 2581 577 Deum
2602 523 2667 591 in
2698 525 2981 590 mandatis,
3009 537 3065 583 ut
3088 530 3202 599 ipse
3229 537 3484 593 exaudiat

1900 618 1954 662 te
1983 608 2034 663 in
2060 610 2409 665 orationibus.
2434 611 2545 668 lloc
2569 617 2789 671 verbum
2811 617 2860 670 in
2883 620 3016 673 caelo
3040 623 3321 692 scribetur,
3348 637 3400 682 et
3426 631 3481 685 in

1895 699 2185 770 judiciidio
2216 702 2308 757 tibi
2335 704 2589 770 sistetur,
2642 717 2694 760 et
2738 709 2901 764 multa
2944 711 3199 768 dissolvet
3239 727 3480 785 peccata.

1898 790 2009 847 Nec
2036 792 2139 848 hoc
2165 803 2366 849 tantum
2394 796 2447 861 in
2481 796 2786 864 juramcoto
2813 841 2827 863 ,
2860 816 3042 856 verum
3070 812 3124 859 et
3150 805 3202 859 in
3231 810 3489 866 omnibus

1900 884 2125 953 negotiis
2168 887 2462 954 cogitemus
2491 904 2504 941 :
2536 896 2593 943 et
2619 903 2738 943 cum
2776 891 3033 948 debemus
3062 895 3259 966 aliquid
3305 899 3489 955 facere

1899 971 2022 1027 boni
2050 982 2269 1043 propter
2296 976 2460 1032 Deum
2482 1019 2495 1042 ,
2524 979 2664 1048 quod
2686 995 2807 1035 mox
2837 983 3034 1053 aliquid
3062 985 3250 1041 inferat
3275 989 3481 1057 damni,

1901 1079 2006 1117 non
2038 1064 2210 1118 solum
2233 1081 2297 1120 ex
2327 1067 2539 1137 negotio
2565 1067 2819 1124 damnum
2847 1082 3170 1142 spectemus,
3200 1077 3292 1132 sed
3314 1079 3477 1135 etiam

1902 1153 2124 1219 lucrum,
2150 1157 2290 1225 quod
2313 1158 2584 1226 capiemus
2605 1169 2822 1230 propter
2841 1162 3007 1217 Deum
3024 1164 3290 1221 faciendo.
3322 1169 3477 1233 Puta,

1898 1243 2075 1298 affecit
2103 1255 2154 1299 te
2189 1246 2450 1316 quispiam
2479 1250 2839 1306 contumelia?
2890 1252 2970 1307 fer
3001 1270 3259 1324 generose
3291 1275 3305 1312 :
3334 1260 3478 1315 feres

1897 1343 2073 1388 autem
2104 1351 2380 1405 generose.
2411 1340 2453 1393 si
2482 1356 2587 1395 non
2614 1343 2991 1398 contumeliam
3014 1348 3331 1416 cogitaveris
3362 1359 3480 1406 tan-

1899 1432 2031 1491 tum,
2062 1426 2155 1482 sed
2174 1428 2331 1482 etiam
2361 1430 2499 1485 ferre
2513 1431 2751 1500 jubentis
2771 1433 3102 1504 dignitatem,
3125 1447 3181 1493 et
3200 1452 3479 1497 mansuete

1899 1514 2057 1570 feres.
2104 1517 2510 1591 Eleemosynam
2548 1522 2779 1578 dedisti?
2821 1541 2890 1580 ne
2939 1526 3231 1597 impensam
3279 1532 3482 1601 cogites

1901 1613 2101 1661 tantum
2125 1649 2141 1675 ,
2167 1624 2349 1689 verum
2380 1621 2432 1665 et
2457 1626 2771 1680 proventum
2798 1630 2867 1670 ex
2908 1616 3166 1686 impensa.
3198 1619 3481 1677 Mulctatus

1898 1711 1957 1752 es
1980 1701 2264 1767 pecuniis?
2290 1702 2485 1771 gratias
2507 1718 2624 1773 age,
2649 1721 2748 1761 nec
2769 1715 2971 1761 tantum
2993 1709 3216 1778 jactura:
3237 1712 3478 1769 dolorem

1898 1798 2141 1859 spectes,
2183 1806 2368 1846 verum
2395 1802 2448 1847 et
2476 1794 2679 1849 lucrum
2719 1811 2785 1850 ex
2828 1799 3112 1867 gratiarum
3142 1802 3374 1857 actione.
3422 1804 3478 1858 Si

1897 1879 1977 1933 sic
2006 1895 2102 1934 nos
2131 1896 2540 1951 componamus,
2589 1885 2792 1940 nullum
2839 1887 3188 1943 accidentium
3231 1905 3328 1944 nos
3351 1908 3474 1960 gra-

1900 1974 2039 2025 vium
2070 1973 2439 2042 contristabit,
2480 1974 2575 2030 sed
2602 1992 2667 2030 ex
2696 1977 2760 2031 iis
2802 1994 2922 2047 quae
2963 1979 3211 2035 videntur
3238 1997 3358 2038 esse
3389 1986 3485 2038 tri-

1899 2066 1997 2119 stia
2017 2107 2032 2128 ,
2062 2066 2386 2122 lncrabimur
2412 2087 2426 2121 :
2466 2078 2521 2123 et
2545 2069 2797 2125 damnum
2824 2071 3039 2138 divitiis,
3091 2075 3302 2129 tristitia
3328 2077 3481 2131 volu-

1901 2165 2041 2225 ptate
2068 2167 2120 2212 et
2146 2156 2536 2227 delectatione,
2588 2160 2908 2215 contumelia
2962 2161 3164 2217 honore
3190 2165 3475 2232 jucundior

1898 2249 2000 2303 erit
2026 2256 2079 2303 et
2108 2248 2508 2304 desiderabilior
2529 2291 2545 2315 ,
2588 2260 2644 2305 et
2669 2251 2849 2305 omnia
2876 2255 3146 2307 contraria
3185 2254 3237 2307 in
3268 2255 3476 2309 lucrum

1898 2339 2050 2394 nobis
2078 2340 2425 2408 provenient,
2458 2348 2513 2395 et
2555 2339 2642 2395 hic
2685 2341 2849 2396 multa
2896 2339 3134 2396 fruemur
3183 2344 3481 2413 tranquilli-

1854 2470 1859 2473 .
1899 2438 2007 2484 tate
2029 2471 2043 2495 ,
2075 2440 2128 2485 et
2158 2430 2264 2485 illic
2288 2443 2510 2493 regnum
2538 2431 2793 2485 caelorum
2831 2444 3180 2500 assequemur
3207 2450 3221 2486 :
3251 2447 3356 2501 quo
3384 2447 3484 2487 nos

1897 2535 2085 2576 onmes
2106 2519 2296 2589 dignos
2317 2519 2430 2574 ﬁeri
2461 2520 2477 2550 ¹
2506 2519 2681 2584 detur,
2712 2520 2879 2590 gratia
2890 2524 2944 2572 et
2959 2516 3249 2575 clementia
3267 2521 3482 2577 Domini

1899 2611 2065 2665 nostri
2092 2608 2219 2666 Jesu
2247 2609 2442 2664 Christi
2467 2650 2483 2677 ,
2514 2623 2611 2678 per
2642 2623 2800 2680 quem
2831 2618 3031 2666 etcum
3061 2624 3168 2680 quo
3198 2611 3342 2666 Patri
3370 2627 3473 2667 una

1897 2715 2016 2755 cum
2041 2710 2225 2756 sancto
2253 2700 2456 2769 Spiritu
2484 2700 2650 2770 gloria
2674 2741 2690 2766 ,
2721 2700 3002 2769 imperium
3026 2709 3084 2756 et
3108 2699 3282 2757 honor
3299 2741 3317 2769 ,
3338 2718 3483 2758 nunc

1898 2801 1953 2847 et
1970 2807 2202 2863 semper,
2225 2801 2281 2848 et
2307 2793 2360 2847 in
2390 2792 2585 2847 saecula
2612 2791 2955 2847 saeculorum.
2984 2792 3174 2849 Amen.

1964 3062 1981 3094 ι
2017 3059 2158 3110 savii.
2186 3066 2239 3121 et
2260 3058 2454 3121 quidam
2478 3055 2576 3121 alii,
2612 3056 2741 3119 quod
2776 3068 2865 3121 μοι
2887 3053 3128 3121 ρθτίηεῖεῖ-
3149 3059 3485 3121 δείδω-9³³³

1897 3124 2165 3172 orationem
2187 3113 2431 3177 claudunt,
2458 3113 2663 3166 multum
2688 3119 2875 3166 variant
2897 3117 2946 3164 in
2959 3115 3209 3164 codicibus
3227 3129 3316 3176 pro
3336 3113 3486 3166 libra-

1895 3185 2081 3234 riorum
2106 3182 2259 3241 libito,
2285 3183 2370 3243 qui
2393 3180 2498 3230 haec
2519 3192 2610 3228 suo
2632 3179 2844 3241 quisque
2865 3190 3004 3226 more
3024 3177 3331 3226 concinnant.

202 3297 3484 3326 ww—

205 3416 531 3461 ΝΠΝΤῙΔΤΔ
574 3414 658 3459 ΔΙ)
698 3411 1089 3462 ΡΒΒἘῈΩῙὌΠ
1132 3415 1151 3448 ί
1194 3414 1657 3473 ΡοΡῠιΔτιοΝΕ,
1727 3417 1793 3460 ΕἸ

1903 3416 2146 3461 ’ΜΝἸΒυε
2191 3417 2275 3459 DE
2317 3416 2486 3462 FUGA
2554 3411 3126 3469 CONSULTANTIBUS,
3198 3412 3331 3457 CUM
3375 3413 3482 3455 IN-

288 3517 567 3561 TRASSET
607 3515 986 3560 PRBFECTUS
1029 3515 1095 3558 IN
1138 3514 1485 3559 ECCLBSIAM
1528 3516 1610 3559 ET
1652 3516 2047 3560 CONSOLATUS
2090 3516 2372 3571 FUISSET,
2421 3516 2657 3558 ΗΔΒῙΤΔ
2693 3515 2807 3558 EST
2834 3513 3120 3556 PRESENS
3150 3512 3417 3556 HOMILIA
3454 3514 3471 3552 ζ

289 3618 372 3660 ΕΤ
411 3617 495 3658 DE
540 3613 817 3661 VITANDO
857 3613 1261 3672 JURLMENTO,
1293 3615 1376 3657 ET
1420 3615 1485 3658 IN
1529 3615 1719 3658 ILLUD
1744 3616 2045 3660 APOSTOLI
2085 3616 2328 3660 DICTUM
2377 3618 2392 3657 2
2430 3615 2669 3658 PAULUS
2700 3613 2965 3659 VINCTUS
3036 3613 3181 3656 δεδι]
3229 3610 3485 3657 CHRISTI

292 3701 310 3774 (
355 3700 615 3764 Philem.
660 3715 684 3759 ι
712 3697 759 3768 ).

1639 3823 2058 3891 mm
2610 3872 2618 3899 κ

822 4001 1038 4043 ΗΟΙΙιΙΔ
1079 4000 1169 4040 XVI
1176 4023 1191 4039 ο

287 4087 335 4141 1.
375 4079 617 4138 Praefecti
643 4077 854 4150 quidem
891 4074 1272 4147 providentiam
1294 4071 1520 4135 laudavi,
1547 4073 1791 4142 quoniam

211 4174 619 4232 tumultuantem
640 4168 975 4238 conspicatus
994 4166 1282 4230 civitatem,
1309 4175 1357 4219 et
1382 4179 1569 4218 omnes
1589 4163 1654 4217 de
1677 4163 1793 4233 fuga

210 4266 589 4329 deliberantes,
637 4260 927 4331 ingressus,
957 4273 1055 4313 vos
1096 4257 1400 4312 consolatus
1426 4264 1507 4309 est
1536 4263 1589 4309 et
1617 4255 1668 4308 in
1696 4255 1794 4307 ho-

212 4374 334 4414 nam
354 4371 504 4427 spem
524 4353 761 4417 adduxit;
792 4366 888 4422 pro
909 4351 1058 4403 vobis
1079 4357 1255 4403 autem
1276 4347 1466 4402 rubore
1487 4345 1795 4415 pudorcque

211 4448 433 4504 allectus
461 4461 602 4511 sum,
630 4441 770 4512 quod
791 4439 1073 4496 exterioris
1094 4447 1212 4508 post
1236 4437 1431 4491 multos
1458 4435 1794 4505 prolixosqne

210 4554 488 4597 sermones
503 4537 619 4592 illos
633 4531 1012 4590 consolationis
1028 4529 1378 4599 indigueritis.
1397 4525 1583 4596 Optavi
1601 4535 1794 4580 terram

210 4632 342 4688 mihi
381 4630 656 4685 dehiscere
697 4636 752 4681 et
784 4622 1048 4693 immergi,
1090 4619 1301 4691 quando
1340 4619 1509 4688 ipsum
1536 4617 1684 4672 vobis
1711 4616 1796 4669 lo-

210 4732 463 4796 quentem
488 4719 787 4784 audiebam,
817 4726 872 4773 et
894 4712 1319 4786 intempestivam
1350 4710 1489 4766 hanc
1514 4718 1569 4765 et
1597 4709 1799 4764 irratio-

212 4814 444 4870 nabilem
493 4811 828 4867 timiditatem
878 4806 1036 4861 modo
1075 4804 1459 4868 consolantem,
1494 4799 1653 4855 modo
1680 4798 1797 4854 cul-

214 4915 449 4976 pantem.
493 4901 608 4958 Non
650 4900 794 4957 enim
833 4914 929 4953 vos
966 4895 1148 4951 abillo
1173 4893 1354 4950 doceri
1379 4893 1675 4964 oportebat,
1705 4890 1798 4947 sed

215 4993 515 5051 inﬁdelibus
533 5006 629 5046 vos
656 4996 1010 5061 praeceptores
1055 4985 1302 5041 omnibus
1346 4984 1479 5040 ﬁeri.
1511 4982 1619 5039 Nec
1657 4982 1797 5038 enim

212 5086 355 5152 apud
383 5084 620 5139 infideles
643 5080 869 5153 jndicari
898 5079 1094 5135 Paulus
1123 5078 1361 5148 permisit
1388 5077 1462 5149 (Ι.
1489 5078 1605 5130 Cor.
1637 5075 1692 5129 6.
1721 5072 1798 5145 i);

218 5188 274 5231 tu
315 5189 446 5230 vero
487 5181 608 5244 post
635 5179 836 5226 tantam
872 5178 1079 5239 patrum
1108 5167 1521 5223 admonitionem
1563 5164 1799 5219 cauernis

216 5263 488 5334 indiguisti
534 5261 967 5334 praeceptoribus,
1014 5266 1070 5314 et
1114 5255 1314 5327 fugitivi
1371 5264 1427 5310 et
1472 5244 1799 5307 verberones

211 5357 429 5425 quidam
474 5369 659 5410 rursus
703 5353 967 5408 civitatem
1013 5358 1208 5404 tantam
1249 5347 1631 5409 excitaverunt,
1662 5353 1715 5400 et
1744 5345 1798 5398 in

214 5449 389 5517 fugam
432 5445 792 5515 conjecerunt.
836 5441 1037 5511 Quibus
1080 5436 1246 5495 oculis
1289 5437 1515 5507 amplius
1557 5434 1801 5491 inﬁdeles

216 5540 585 5611 respiciemus,
630 5546 735 5591 tam
782 5533 954 5605 pavidi
999 5548 1123 5588 cum
1170 5532 1334 5587 simus
1378 5538 1434 5584 et
1454 5526 1795 5594 timidiiQua

218 5632 396 5701 lingua
422 5631 565 5699 ipsos
612 5628 961 5697 alloquemur,
1002 5633 1055 5678 et
1099 5636 1195 5693 pro
1238 5618 1597 5693 ingruentibus
1644 5617 1797 5673 malis

284 5743 305 5776 ι
327 5741 472 5794 Savil.
499 5747 551 5792 ct
573 5739 765 5805 quidam
789 5736 888 5798 alii,
913 5732 1146 5786 confitens.

1902 3982 2169 4038 confidere
2198 3979 2651 4050 persuadebimus,
2681 3978 2825 4032 onmi
2862 3979 3045 4047 lepore
3074 3979 3367 4033 timidiores
3394 3986 3492 4042 per

1903 4073 2038 4127 hanc
2083 4073 2202 4126 facti
2250 4070 2607 4125 anxietatem?
2652 4070 2718 4124 Et
2758 4069 2883 4139 quid
2925 4068 3241 4133 faceremus,
3285 4071 3499 4140 inquit?

1907 4165 2158 4219 Homines
2185 4164 2325 4218 enim
2371 4179 2575 4219 sumus.
2618 4165 2686 4217 At
2717 4171 2930 4232 propter
2958 4161 3057 4216 hoc
3085 4161 3255 4231 ipsum
3284 4172 3495 4232 pertur-

1902 4257 2015 4310 bari
2047 4271 2148 4309 non
2176 4265 2403 4325 oportet,
2428 4255 2551 4325 quia
2582 4255 2827 4309 homines
2851 4267 3053 4317 sumus,
3080 4262 3132 4307 et
3169 4268 3273 4306 non
3310 4253 3486 4309 bruta.

1907 4348 1997 4402 illa
2047 4345 2342 4416 fragoribus
2384 4355 2439 4400 et
2478 4345 2790 4399 stridoribus
2819 4343 2994 4397 omnia
3036 4351 3345 4398 terrentur:
3379 4359 3492 4398 non

1905 4437 2047 4492 enim
2073 4435 2268 4491 habent
2292 4436 2571 4497 rationem,
2599 4449 2716 4504 qua:
2748 4435 2990 4488 timorem
3013 4434 3271 4502 repellere
3297 4433 3495 4503 possit;

1907 4535 1961 4581 tu
2010 4542 2139 4581 vero
2182 4525 2390 4580 ratione
2435 4534 2490 4579 et
2531 4522 2755 4579 consilio
2798 4523 3100 4588 decoratus,
3138 4523 3406 4593 quomodo
3432 4525 3493 4578 in

1906 4618 2113 4673 illorum
2135 4616 2410 4686 segnitiem
2428 4614 2596 4670 cadis?
2616 4614 2890 4686 Ingressus
2910 4623 2991 4668 est
3006 4613 3238 4683 quidam,
3259 4613 3497 4668 militum

1908 4710 2263 4766 incursionem
2292 4707 2581 4762 nuntiavit?
2607 4721 2675 4762 ne
2706 4706 2953 4771 turheris,
2979 4705 3075 4760 sed
3104 4704 3277 4774 ipsum
3302 4704 3488 4759 dimit-

1911 4812 2046 4866 tens,
2074 4792 2242 4871 genua
2261 4797 2436 4864 flecte,
2458 4798 2739 4852 Dominum
2765 4805 2913 4851 tuum
2934 4809 3083 4865 roga,
3104 4809 3260 4871 geme
3287 4808 3493 4862 amare,

1907 4866 2358 4947 etadversitatem
2404 4888 2644 4958 repellet.
2695 4886 2774 4941 Tu
2817 4885 3030 4956 quidem
3060 4866 3238 4938 audita
3269 4884 3496 4940 militum

1910 4981 2214 5036 incursione
2255 4995 2362 5034 non
2405 4993 2554 5046 vera,
2580 4977 2828 5048 praesenti
2858 4976 2962 5029 vita
2985 4975 3250 5045 abrumpti
3277 4973 3493 5045 pericli-

1908 5080 2049 5130 tatus
2090 5090 2183 5141 es;
2232 5073 2419 5129 beatus
2459 5086 2585 5126 vero
2611 5068 2712 5126 Job
2755 5069 2844 5124 ille
2866 5067 3134 5124 continuis
3160 5069 3509 5126 venientibus

1904 5169 2126 5234 nuntiis,
2171 5177 2220 5221 et
2243 5162 2423 5237 gravia
2452 5162 2833 5227 nuntiantibus,
2863 5170 2918 5217 et
2942 5160 3310 5231 adjicientibus
3352 5161 3498 5214 into-

1912 5258 2185 5314 lerabilem
2233 5257 2465 5311 ﬁliorum
2511 5253 2897 5324 perditionem,
2949 5266 3053 5306 non
3098 5250 3335 5322 ejulavit.
3389 5263 3507 5304 non

1908 5350 2129 5423 gemuit,
2177 5348 2271 5404 sed
2313 5347 2380 5403 ad
2424 5346 2719 5401 orationem
2745 5358 3037 5399 conversus
3063 5350 3164 5406 est,
3190 5348 3245 5395 et
3269 5338 3509 5394 Domino.

1903 5441 2101 5512 gratias
2129 5439 2339 5510 agebat.
2371 5437 2522 5492 llunc
2545 5445 2599 5492 et
2627 5445 2681 5491 tu
2705 5434 2949 5501 imitare;
2973 5447 3095 5488 cum
3115 5431 3332 5486 veniens
3349 5430 3507 5501 quisa

1907 5534 2047 5602 piam
2093 5529 2415 5584 nuntiaverit
2459 5527 2653 5582 milites
2701 5526 2887 5581 urbem
2936 5520 3353 5579 circumdedisse
3383 5561 3398 5585 ,
3436 5528 3499 5576 et

1906 5624 2046 5678 bona
2069 5622 2369 5691 direpturos
2399 5637 2538 5686 esse,
2583 5618 2649 5673 ad
2674 5617 2956 5672 Dominum
2988 5624 3133 5669 tuum
3158 5611 3405 5684 confuge,
3440 5624 3504 5669 et

1905 5715 1991 5770 dic
2021 5729 2036 5768 :
2070 5712 2316 5768 Dominus
2359 5711 2515 5778 dedit,
2565 5708 2811 5764 Dominus
2862 5704 3097 5774 abstulit,
3115 5705 3243 5760 sicut
3271 5701 3499 5761 Domino
