3920 6224
447 237 552 295 165

436 349 755 423 placuit,ita
781 351 968 421 factum
996 356 1108 400 est:
1137 344 1202 398 sit
1243 359 1422 397 nomen
1469 340 1679 395 Domini
1718 330 2029 394 benedictum

441 441 496 494 in
519 443 708 498 swcula
737 440 857 509 (Job
890 440 939 494 1.
966 436 1082 507 21).
1114 436 1264 490 Illum
1293 449 1398 489 non
1427 433 1614 488 terruit
1643 431 1905 485 malorum
1931 446 2028 485 ex-

443 538 722 608 perientia,
743 544 793 588 te
814 548 941 587 vero
968 531 1112 584 solus
1139 537 1301 582 terret
1342 525 1591 580 auditus?
1621 524 1861 591 Quanam
1887 522 2034 594 digni

440 635 610 684 simus
637 625 1009 687 mstimatione,
1040 621 1150 690 qui,
1181 622 1341 674 etiam
1363 629 1548 672 contra
1578 625 1802 671 mortem
1826 614 2035 669 audenn

442 734 525 774 ter
569 721 645 773 ire
687 719 842 786 jussi,
873 730 901 767 a
929 713 1062 768 falso
1108 726 1324 765 rumore
1348 709 1484 764 adeo
1517 706 1892 777 percellimur?
1933 704 2034 772 Qui

441 813 704 874 turbatur,
724 819 774 862 et
793 809 1036 860 timorem
1056 805 1143 874 qui
1163 820 1266 858 non
1285 813 1366 858 est
1390 802 1588 870 colligit
1603 809 1657 854 et
1681 798 2035 869 perturbatio-

443 922 564 957 nem
614 918 717 955 non
755 908 1096 970 apparentem
1127 916 1138 950 :
1172 898 1260 966 qui
1302 912 1428 950 vero
1455 905 1538 949 est
1564 896 1742 948 animo
1765 892 1948 947 sedato
1978 900 2035 945 et

445 997 752 1066 tranquillo,
780 995 939 1048 etiam
959 1007 1082 1047 eum
1103 991 1193 1061 qui
1221 1001 1300 1043 εει
1315 988 1574 1042 dissolvit.
1596 986 1709 1040 Non
1725 986 1872 1039 vides
1899 999 2034 1036 nau-

438 1090 634 1146 clerus.
659 1098 718 1141 ut
749 1085 1044 1139 iusaniente
1087 1082 1240 1144 mari,
1271 1079 1497 1134 nubibus
1527 1075 2031 1139 transeurrentibus,

441 1180 753 1234 fulminibus
781 1177 946 1241 elisis,
975 1174 1224 1230 erunibus
1253 1173 1304 1226 in
1334 1171 1540 1240 navigio
1575 1166 2033 1230 tumultuantibus,

443 1271 511 1326 ad
536 1269 894 1341 gubernacula
922 1267 1111 1321 sedent
1143 1265 1241 1334 ipsi
1272 1264 1387 1317 sine
1417 1261 1764 1330 trepidatione
1791 1270 1844 1313 et
1870 1267 2033 1322 metu,

444 1375 502 1419 et
528 1365 626 1416 arti
669 1378 778 1415 sum
806 1368 1014 1423 vacant,
1063 1368 1119 1411 ut
1147 1356 1513 1411 imminentem
1546 1352 1834 1421 procellam
1863 1351 2036 1419 repel-

449 1455 594 1510 lant?
648 1455 754 1508 Hos
779 1462 832 1506 et
865 1461 915 1505 tu
944 1451 1170 1513 imitare,
1205 1459 1258 1503 et
1283 1462 1490 1502 sacram
1520 1445 1733 1514 capiens
1763 1457 2034 1509 ancoram,

447 1549 502 1601 in
531 1549 692 1600 Deum
719 1560 889 1614 spem,
926 1543 1274 1596 inconcussus
1295 1552 1549 1608 permane
1578 1547 1632 1590 et
1671 1534 2035 1591 immutabilis.

454 1640 766 1708 Quicumque
813 1634 954 1687 audit
1003 1647 1255 1687 sermones
1311 1645 1446 1684 meos
1496 1627 1608 1695 hos,
1652 1626 1840 1696 inquit,
1874 1634 2042 1679 etnon

459 1732 580 1802 facit
626 1732 782 1800 ipsos,
829 1725 1188 1783 assimilubitur
1233 1724 1422 1778 homini
1466 1722 1639 1785 stulto,
1663 1721 1746 1787 qui
1772 1717 2042 1786 wdi/icavit

452 1825 661 1878 domum
684 1838 828 1874 suam
868 1835 1019 1887 super
1044 1832 1269 1876 arenam,
1300 1824 1346 1867 et
1370 1812 1621 1867 descendit
1647 1811 1836 1881 pluvia,
1869 1817 1916 1862 et
1956 1823 2041 1860 ve-

455 1925 634 1970 nerunt
664 1913 896 1985 ﬂumina,
945 1919 990 1964 et
1032 1911 1277 1979 [iuverunt
1304 1907 1454 1969 venti,
1485 1913 1531 1957 et
1571 1904 1824 1957 irruerunt
1865 1902 1918 1953 in
1944 1899 2043 1952 do-

455 2023 593 2061 mum
640 2005 799 2069 itlam,
858 2014 902 2057 et
951 2002 1150 2064 cecidit,
1198 2009 1242 2052 et
1291 2007 1397 2051 erat
1439 1997 1587 2050 ruina
1631 1995 1803 2064 ipsius
1858 2009 2045 2062 magna

455 2095 671 2166 (Matth.
701 2095 754 2146 7.
781 2092 870 2146 26.
903 2090 1016 2162 ‘27).
1055 2089 1211 2142 Vides
1240 2085 1380 2157 quod
1412 2085 1646 2140 stultitia:
1674 2092 1756 2138 est
1775 2081 1967 2137 cadere
1988 2089 2046 2135 et

458 2183 730 2240 subverti?
779 2183 886 2236 lmo
911 2195 1034 2234 vero
1081 2193 1179 2232 nos
1208 2191 1378 2246 neque
1405 2175 1566 2230 stulto
1594 2173 1669 2227 illi
1697 2173 1896 2227 similes
1922 2170 2046 2225 facti

455 2293 662 2344 sumus,
682 2291 865 2330 verum
891 2283 944 2328 et
969 2274 1058 2326 illo
1081 2271 1325 2325 miserius
1347 2268 1665 2324 cecidimus:
1686 2267 1828 2320 illius
1853 2278 2046 2334 nempe

455 2373 649 2426 domus
681 2377 798 2437 post
827 2367 1065 2432 flumina,
1098 2372 1215 2434 post
1235 2362 1465 2416 delatum
1506 2361 1754 2424 imbrem,
1786 2366 1908 2428 post
1933 2357 2050 2410 illa-

461 2475 586 2533 psos
612 2469 798 2514 ventos
837 2457 1054 2520 cecidit;
1098 2469 1194 2508 nos
1236 2468 1364 2507 vero
1390 2467 1493 2506 non
1523 2450 1717 2520 pluviis
1749 2448 2045 2518 ingruenti-

462 2553 582 2618 bus,
610 2566 716 2604 non
735 2547 1036 2602 ﬂutniuibus
1062 2543 1496 2614 irrumpentibus,
1521 2557 1627 2596 non
1650 2541 1822 2595 ventis
1840 2541 2048 2594 irruen-

461 2645 624 2708 tibus,
673 2651 796 2695 ante
842 2638 1100 2693 malorum
1145 2635 1546 2705 experientiam,
1595 2648 1660 2688 ex
1707 2633 1887 2688 auditu
1931 2632 2049 2688 solo

461 2733 702 2792 subversi
762 2745 980 2795 sumus,
1046 2737 1101 2784 et
1142 2727 1318 2782 omnia
1369 2741 1488 2796 quae
1545 2722 2050 2794 philosophabamur

462 2828 763 2883 elfudimus.
804 2823 1023 2892 Qualem
1067 2820 1197 2875 mihi
1237 2829 1468 2875 mentem
1512 2817 1706 2888 putatis
1732 2831 1871 2872 nunc
1895 2815 2050 2871 esse?

464 2917 732 2990 quomodo
763 2915 965 2985 pudore
995 2913 1265 2969 suffundi?
1295 2912 1561 2983 quomodo
1607 2909 1871 2982 deprimi?
1913 2924 2048 2979 quo-

467 3011 626 3066 modo
653 3007 1007 3064 erubescere?
1033 3004 1140 3060 Nisi
1165 3005 1326 3059 multa
1355 3020 1384 3058 a
1412 3004 1650 3074 patribus
1670 3003 1720 3057 vi
1745 3002 2052 3072 compulsus

467 3102 706 3166 fuissem,
758 3114 929 3168 neque
969 3097 1338 3160 surrexissem,
1369 3109 1540 3165 neque
1563 3095 1811 3165 loquutus
1835 3094 2051 3149 fuissem

467 3195 653 3248 dolore
695 3193 1070 3246 obtenebratus
1109 3205 1176 3244 ex
1230 3189 1661 3259 pusillanimitate
1701 3200 1910 3253 veSIra,
1956 3185 2054 3242 sed

469 3299 641 3352 neque
683 3297 823 3336 nunc
868 3281 919 3335 in
947 3280 1206 3348 meipsum
1232 3279 1406 3333 redire
1434 3295 1646 3348 possum
1675 3297 1687 3332 :
1717 3279 1792 3331 sic
1819 3278 2053 3331 animum

469 3379 598 3434 milu
627 3375 911 3443 indignatio
939 3379 995 3423 et
1039 3369 1249 3423 tristitia
1293 3365 1521 3422 obsidet.
1567 3365 1697 3432 Quis
1744 3364 1886 3419 enim
1931 3379 2044 3418 non

469 3484 609 3540 :rgre
635 3467 814 3526 ferret,
837 3461 954 3530 quis
978 3475 1083 3513 non
1099 3464 1462 3521 succenseret,
1485 3454 1694 3524 quando
1711 3463 1830 3524 post
1850 3461 2048 3508 tantam

470 3561 761 3617 doctrinam
809 3553 1092 3626 gentilibus
1142 3563 1275 3618 opus
1309 3547 1566 3602 habuistis
1595 3545 1926 3610 doctoribus,
1958 3544 2047 3614 qui

474 3657 812 3708 hortarentur
851 3655 906 3699 et
966 3649 1276 3705 mouerent,
1323 3649 1379 3693 ut
1425 3647 1740 3704 przeseutem
1789 3651 2049 3707 generose

469 3749 715 3803 timorem
763 3742 1005 3800 ferretis?
1033 3743 1193 3798 Orate
1231 3742 1388 3813 igitur
1415 3744 1527 3797 dari
1573 3743 1724 3798 nobis
1752 3745 1971 3798 verbum
1995 3743 2049 3800 in

466 3838 742 3909 apertione
767 3836 876 3890 oris
904 3835 1093 3900 nostri,
1120 3844 1175 3888 ut
1196 3835 1330 3888 hanc
1357 3834 1622 3888 tristitiam
1648 3844 1894 3889 excutere
1929 3850 2053 3905 pos-

390 3957 395 3962 ·
468 3931 657 3996 simus,
699 3937 754 3984 et
780 3928 991 3999 paulum
1018 3936 1247 3981 mentem
1272 3926 1524 3982 excitare.
1548 3926 1754 3980 Etenim
1785 3926 1958 3996 pudor
1985 3926 2053 3983 de

469 4019 900 4093 pusillanimitate
917 4027 1088 4074 vestra
1117 4019 1354 4072 animum
1379 4016 1532 4072 valde
1562 4027 1800 4071 nostrum
1836 4017 2048 4088 dejecit.

537 4116 593 4168 2.
636 4114 796 4168 Multa
856 4128 1025 4182 nuper
1076 4111 1144 4166 ad
1170 4110 1485 4166 charitatem
1520 4120 1755 4165 vestram
1802 4110 2053 4180 loquutus

468 4221 608 4269 sum,
638 4203 770 4258 etde
796 4204 998 4272 laqueis
1025 4201 1178 4256 nobis
1204 4201 1436 4270 undique
1467 4200 1670 4269 positis,
1699 4209 1751 4254 et
1775 4199 1840 4253 de
1863 4200 2056 4255 timore

469 4308 522 4352 et
549 4297 778 4357 tristitia,
817 4305 870 4349 et
889 4295 957 4351 de
981 4295 1122 4349 luctu
1152 4303 1203 4349 et
1228 4293 1514 4362 voluptate,
1547 4303 1602 4348 et
1629 4293 1697 4348 de
1727 4293 1862 4348 falce
1887 4294 1940 4347 in
1964 4294 2054 4363 ju-

471 4390 699 4444 rantiqu
741 4389 930 4442 domos
970 4388 1218 4451 volante;
1265 4403 1330 4440 ex
1363 4387 1427 4440 iis
1471 4387 1630 4456 igitur
1654 4385 1901 4440 omnibus
1926 4401 2056 4441 sane

471 4481 670 4542 inultis,
692 4480 780 4534 illa
798 4477 924 4533 mihi
944 4481 1170 4532 maxime
1202 4477 1601 4532 reminiscimiui
1620 4492 1739 4547 qua:
1755 4477 1821 4531 de
1841 4477 2055 4533 volante

471 4571 606 4627 falce
634 4572 774 4626 dicta
818 4581 940 4625 sunt
979 4569 1160 4638 (Zach.
1193 4571 1245 4626 5.
1279 4570 1351 4641 1),
1394 4571 1444 4624 in
1467 4570 1695 4639 jurantis
1726 4569 1942 4624 domum
1971 4570 2056 4624 di-

469 4673 729 4728 vertente,
764 4662 965 4731 lapides
1007 4672 1061 4716 et
1102 4663 1240 4732 ligna
1286 4664 1593 4730 subruente,
1641 4672 1695 4717 et
1720 4663 1896 4717 omnia
1922 4677 2056 4717 con-

384 4788 387 4792 ν
471 4765 734 4811 sumente.
768 4755 837 4809 Et
876 4769 995 4809 cum
1025 4753 1126 4809 hoc
1157 4753 1282 4807 illud
1321 4769 1531 4825 quoque
1565 4754 1867 4820 observate,
1916 4753 2057 4824 quod

470 4857 725 4903 extrema:
745 4846 1028 4903 dementia:
1049 4847 1477 4925 sitEvangelium
1493 4857 1764 4904 sumentes
1784 4851 1985 4918 jurare,
2005 4855 2061 4902 et

471 4941 641 5013 legem
656 4940 835 5010 jurare
866 4939 1232 5010 prohibentem
1262 4941 1632 5011 juramentum,
1653 4941 1801 4995 fieri:
1833 4951 1888 4996 et
1920 4937 2060 5012 quod

469 5036 662 5090 melius
704 5034 774 5089 sit
823 5034 1059 5103 pecuniis
1098 5034 1379 5102 mulctari,
1421 5051 1578 5107 quam
1616 5037 1872 5107 proximis
1909 5035 2060 5106 jura-
2112 5075 2114 5078 μ

471 5137 711 5182 mentum
761 5124 994 5182 oiferre:
1030 5127 1277 5199 quoniam
1319 5127 1420 5183 hoe
1451 5138 1534 5182 est
1576 5145 1682 5185 non
1716 5129 1956 5185 modicus
2005 5130 2060 5185 in

476 5222 640 5274 Deum
659 5219 847 5273 honor.
901 5218 1034 5273 Cum
1089 5220 1230 5275 enim
1283 5219 1393 5275 Deo
1439 5219 1676 5288 dixeris,
1730 5223 1956 5293 Propter
2010 5233 2062 5278 te

473 5330 578 5368 non
609 5312 847 5382 adjuravi
877 5310 1059 5379 illum,
1108 5313 1196 5382 qui
1242 5321 1358 5367 erat
1405 5312 1608 5367 furatus
1654 5324 1706 5367 et
1748 5314 1884 5369 male
1925 5315 2064 5369 fece-

474 5417 593 5461 rat:
625 5421 722 5476 pro
764 5405 865 5461 hoc
905 5406 1108 5462 honore
1138 5421 1381 5476 magnam
1416 5406 1508 5460 tibi
1537 5405 1717 5461 reddet
1743 5408 1963 5477 gratiam
2007 5417 2064 5464 et

475 5499 526 5550 in
559 5499 806 5566 prmsenti
838 5508 1077 5567 tempore
1104 5507 1157 5553 et
1186 5497 1238 5551 in
1267 5497 1461 5552 futuro.
1491 5497 1616 5551 Haec
1645 5506 1698 5551 et
1725 5497 1846 5552 aliis
1880 5498 2061 5566 dicite,

475 5597 523 5640 et
558 5589 654 5659 ipsi
680 5588 979 5644 observate.
1010 5587 1134 5644 Scio
1161 5587 1300 5658 quod
1330 5587 1416 5643 hic
1440 5589 1830 5644 reverentiores
1854 5603 2058 5655 sumus,

476 5686 532 5731 et
559 5692 770 5733 omnem
794 5677 1088 5749 improbam
1109 5679 1427 5750 deponimus
1466 5680 1934 5750 consuetudinem;
1965 5681 2060 5738 sed

1159 229 1218 286 s.
1256 227 1535 286 JOANNIS
1570 225 2041 284 cnuvsosroxn
2080 227 2401 285 meumr.
2451 230 2984 298 consummet).

3623 245 3726 302 164

2143 351 2287 419 quod
2315 351 2598 421 quaeritur,
2646 353 2749 408 hoc
2775 363 2879 419 est,
2919 367 3026 408 non
3052 363 3111 408 ut
3137 354 3224 408 hic
3249 360 3457 409 tantum
3485 356 3726 424 philoso-

2143 441 2396 510 phemur,
2420 444 2515 498 sed
2546 453 2604 498 ut
2629 447 2888 515 pietatem
2918 446 3045 501 hinc
3074 447 3347 517 capientes
3366 457 3516 504 extra
3545 465 3726 507 serve-

2141 549 2284 598 mus,
2308 534 2400 588 ubi
2429 535 2660 591 maxime
2681 537 2852 606 ipsius
2879 537 3200 608 indigemus.
3229 537 3440 595 Etenim
3455 553 3725 612 aquantes

2142 639 2252 678 non
2275 632 2485 679 tantum
2505 629 2644 697 apud
2662 628 2866 683 fontem
2891 630 3092 683 habent
3109 645 3232 684 vasa
3257 633 3476 702 repleta,
3496 636 3722 692 domum

2141 725 2323 770 autem
2345 717 2610 773 abeuntes
2629 729 2925 782 evacuant;
2953 723 3046 776 sed
3067 722 3174 776 illic
3202 722 3316 793 ipsa
3339 726 3572 781 maxime
3600 743 3725 784 cum

2143 807 2663 878 cautela-reponunt,
2687 827 2756 865 ne
2773 811 3160 866 subvertantur
3175 825 3227 867 et
3245 815 3397 868 labor
3413 817 3504 871 fiat
3521 817 3723 873 inanis:

2144 896 2244 950 bos
2254 899 2416 953 etiam
2430 915 2531 955 nos
2543 902 3219 974 imitemur,aecurateque,
3233 907 3450 962 domum
3469 911 3726 980 profecti,

2143 989 2284 1044 dicta
2311 1007 2607 1046 servemus.
2627 992 2780 1059 Quod
2803 995 2846 1048 si
2877 995 2968 1050 hic
2995 997 3256 1052 maneatis
3276 1000 3474 1063 satiati,
3499 1001 3725 1056 domum

2143 1096 2273 1135 vero
2291 1083 2521 1137 redeatis
2546 1084 2754 1148 inanes,
2779 1101 2901 1139 vasa
2927 1087 3123 1140 mentis
3140 1097 3333 1143 vestrae
3351 1090 3564 1143 admoni
3577 1093 3726 1145 tione

2141 1184 2305 1221 vacua
2351 1168 2660 1232 referentes,
2705 1169 2845 1222 nulla
2891 1170 3040 1225 vobis
3067 1187 3130 1225 ex
3164 1170 3262 1224 hac
3298 1171 3602 1242 repletioue
3631 1175 3732 1223 erit

2143 1259 2358 1312 utilitas.
2400 1259 2478 1313 Ne
2519 1259 2648 1312 mihi
2692 1261 2743 1313 in
2791 1261 3034 1330 palmstra
3078 1261 3414 1319 demonstres
3443 1263 3727 1326 athletam,

2142 1349 2238 1404 sed
2287 1348 2340 1402 in
2381 1350 2805 1406 certamiueme
2850 1353 2979 1407 mihi
3010 1354 3318 1423 religionem
3365 1353 3735 1408 instruetiouis

2145 1449 2401 1511 tempore,
2461 1441 2556 1496 sed
2615 1443 2838 1497 actionis
2856 1443 3136 1498 exhibeas.
3164 1445 3370 1499 Laudas
3419 1462 3561 1500 nunc
3611 1460 3734 1515 quae

2145 1533 2421 1586 dicuntur:
2445 1532 2810 1601 cumjuratum
2831 1533 3058 1595 veneris,
3081 1534 3315 1588 omnium
3342 1533 3575 1604 ipsorum
3606 1544 3735 1588 tunc

2145 1623 2448 1678 recordare.
2479 1623 2534 1678 Si
2564 1622 2700 1677 hanc
2729 1623 2896 1693 legem
2927 1625 3288 1692 expedieritis,
3311 1625 3377 1680 ad
3399 1626 3499 1680 alia
3519 1641 3734 1696 quoque

2147 1717 2347 1785 majora
2387 1715 2718 1785 disciplinam
2765 1717 3110 1784 promovebo.
3159 1717 3296 1772 Ecce
3343 1718 3607 1772 secundus
3649 1716 3737 1772 hic

2147 1823 2318 1863 annus
2342 1817 2444 1874 est,
2477 1823 2543 1862 ex
2559 1823 2664 1877 quo
2689 1815 2882 1862 vestra:
2906 1807 3366 1862 disserocharitati
3382 1810 3533 1876 (a),et
3561 1821 3737 1877 neque

2147 1909 2360 1956 centum
2409 1900 2802 1970 Seripturarum
2851 1915 3036 1955 versus
3072 1901 3222 1955 vobis
3269 1917 3521 1956 enarrare
3560 1902 3733 1971 pomi.

2147 1992 2319 2046 Causa
2366 2007 2514 2057 vero,
2544 1993 2794 2062 quoniam
2837 2007 2870 2046 a
2911 1991 3065 2047 nobis
3094 1993 3301 2048 discere
3338 2009 3472 2063 opus
3502 1993 3736 2056 habetis,

2148 2102 2267 2156 qua:
2308 2085 2453 2139 domi
2498 2093 2553 2140 et
2597 2100 2693 2154 per
2737 2100 2830 2140 vos
2875 2084 3090 2153 explere
3128 2085 3368 2154 potestis,
3401 2093 3454 2139 et
3474 2084 3741 2138 orationis

2149 2176 2320 2246 major
2365 2191 2488 2246 pars
2530 2177 2682 2230 nobis
2729 2175 2781 2231 in
2813 2175 3043 2230 morales
3087 2175 3414 2247 impenditur
3436 2189 3739 2230 sermones.

2152 2268 2277 2323 llaec
2301 2284 2430 2324 vero
2455 2270 2533 2324 sic
2561 2269 2673 2325 fieri
2703 2284 2809 2324 non
2831 2268 3130 2338 oportebat,
3159 2271 3254 2323 sed
3281 2283 3488 2323 morum
3515 2267 3736 2337 quidem

2150 2367 2277 2415 cura
2299 2376 2328 2414 a
2354 2361 2505 2416 vobis
2540 2361 2668 2430 ipsis
2708 2361 2976 2431 gerenda;
3006 2361 3368 2430 Sripturarum
3395 2374 3522 2414 vero
3546 2373 3744 2415 sensus

2149 2464 2204 2508 et
2243 2454 2632 2524 speculationes
2669 2454 2820 2508 nobis
2861 2451 3231 2524 permittenda:
3271 2460 3444 2507 erant.
3476 2451 3529 2507 Si
3555 2461 3742 2506 autem

2149 2555 2205 2601 et
2228 2561 2258 2599 a
2286 2545 2438 2601 nobis
2464 2545 2648 2600 audire
2674 2555 2790 2600 erat
2813 2560 2966 2615 opus.
2990 2560 3095 2600 uno
3125 2546 3241 2615 plus
3260 2545 3347 2600 die
3369 2559 3472 2599 non
3491 2543 3745 2599 decebat.

2152 2635 2263 2693 Nec
2301 2638 2443 2694 enim
2483 2639 2687 2692 varium
2713 2637 2984 2708 quiddam,
3012 2646 3065 2692 et
3089 2637 3305 2692 inventu
3327 2635 3563 2700 difficile,
3594 2633 3744 2703 quod

2151 2729 2347 2784 dicitur
2387 2739 2488 2795 est,
2530 2744 2630 2784 nec
2669 2730 2827 2783 ullius
2867 2729 3108 2799 indigens
3151 2727 3572 2798 prmparationis.
3603 2723 3744 2779 Cum

2153 2820 2295 2875 enim
2324 2816 2466 2875 Deus
2483 2820 2892 2887 denuntiaverit,
2915 2819 3333 2890 argutatiOnibus
3352 2833 3456 2872 non
3480 2826 3562 2872 est
3581 2830 3743 2886 opus.

2155 2911 2295 2967 Deus
2338 2912 2490 2980 dixit,
2534 2911 2616 2966 Ne
2647 2913 2942 2982 juraveris:
2965 2911 3073 2966 noli
3114 2925 3302 2965 causas
3330 2909 3555 2979 amplius
3592 2921 3621 2959 a
3652 2921 3749 2962 me

2155 3007 2451 3077 requirere.
2495 3005 2605 3062 Lex
2645 3015 2727 3061 est
2757 3006 2900 3076 regia
2934 3021 2949 3059 :
2978 3004 3066 3074 qui
3114 3004 3233 3058 tulit
3271 3003 3462 3072 ipsam,
3494 3009 3545 3055 et
3573 2998 3749 3070 ipsius
3835 2991 3840 2994 ’

2155 3099 2417 3154 rationem
2460 3098 2607 3152 novit
2636 3116 2649 3151 :
2679 3097 2779 3151 nisi
2826 3096 3013 3151 fuisset
3041 3095 3188 3160 utile,
3219 3109 3324 3147 non
3359 3091 3745 3161 prohibuisset,

2156 3206 2262 3244 non
2292 3199 2542 3244 vetasset.
2580 3189 2751 3258 Reges
2793 3188 2970 3242 ferunt
3015 3187 3177 3256 leges,
3220 3199 3319 3240 nec
3363 3197 3552 3238 omnes
3597 3196 3751 3251 smpe

2156 3282 2355 3337 utiliter
2379 3300 2390 3335 :
2415 3281 2657 3337 homines
2686 3280 2827 3336 enim
2849 3287 2991 3346 sunt,
3017 3293 3114 3333 nec
3134 3278 3271 3332 sicut
3298 3277 3439 3331 Deus
3464 3274 3592 3329 utile
3619 3286 3750 3341 pos-

2155 3383 2281 3427 sunt
2317 3373 2586 3439 invenire;
2638 3380 3004 3428 verumtamen
3054 3383 3302 3440 paremus
3336 3385 3350 3422 :
3387 3367 3501 3421 sive
3545 3377 3752 3420 uxores

2157 3463 2431 3534 ducamus,
2458 3468 2571 3525 sive
2596 3473 2910 3521 testamenta
2932 3463 3204 3529 faciamus,
3227 3461 3339 3516 sive
3359 3473 3540 3514 servos
3559 3469 3751 3511 emero

2157 3555 2468 3625 debeamus,
2511 3559 2622 3613 sive
2664 3557 2874 3622 domos,
2907 3556 3018 3611 sive
3059 3568 3245 3625 agros,
3299 3553 3411 3607 sive
3464 3548 3753 3621 quodlibet

2157 3667 2300 3722 aliud
2339 3665 2510 3719 facere
2531 3703 2546 3728 ,
2575 3676 2678 3714 non
2712 3674 2780 3714 ex
2809 3656 3022 3725 propria
3053 3653 3274 3707 facimus
3297 3652 3413 3706 hrec
3438 3649 3700 3704 sententia
3719 3688 3742 3716 ,

2157 3760 2252 3813 sed
2281 3753 2777 3827 quomodocumque
2798 3747 3056 3817 iusserint
3082 3744 3187 3809 illi;
3225 3758 3323 3798 nec
3347 3751 3404 3796 ut
3429 3758 3514 3796 res
3539 3748 3746 3795 nostra

2161 3863 2258 3920 pro
2299 3844 2561 3902 sententia
2606 3850 2786 3896 nostra
2843 3838 3224 3906 diSponantur,
3278 3833 3490 3904 penitus
3535 3830 3744 3886 domini

2158 3952 2376 4005 sumus,
2395 3937 2489 3992 sed
2511 3937 2720 3991 illorum
2755 3931 2948 4000 ubique
2973 3928 3252 3983 sententiis
3277 3926 3570 3991 servimus,
3599 3932 3654 3978 et
3693 3923 3747 3978 si

2156 4023 2283 4110 quid
2314 4044 2669 4107 prteterquam
2697 4029 2839 4100 quod
2868 4029 2971 4083 illis
3008 4026 3217 4082 videtur
3255 4024 3496 4091 facimus,
3547 4021 3748 4076 invali-

2157 4130 2283 4184 dum
2333 4135 2388 4180 et
2429 4124 2616 4180 inutile
2657 4121 2916 4177 redditur.
2956 4118 3141 4189 Itaque
3196 4116 3472 4172 hominum
3527 4113 3747 4184 quidem

2159 4219 2361 4290 legibus
2399 4225 2604 4270 tantum
2635 4213 2969 4268 attribuimus
3001 4210 3292 4274 honorem;
3329 4208 3421 4262 Dei
3448 4223 3573 4262 vero
3599 4205 3747 4276 leges

2159 4311 2253 4377 ita,
2285 4323 2487 4380 qumso,
2515 4303 2981 4361 conculcabimus?
3018 4310 3071 4356 et
3105 4301 3247 4371 quali
3291 4301 3404 4355 haec
3446 4300 3601 4369 digna
3643 4297 3746 4352 de-

2159 4402 2430 4458 fensione?
2474 4399 2614 4470 quali
2657 4396 2850 4452 venia?
2897 4394 3054 4461 Dixit,
3089 4393 3172 4448 Ne
3191 4392 3486 4464 juraveris:
3517 4406 3582 4444 ne
3609 4403 3748 4443 con-

2163 4495 2378 4549 trariam
2406 4493 2573 4560 ipsius
2617 4489 2720 4560 legi
2758 4489 2928 4558 legem
2975 4502 3070 4556 per
3111 4501 3274 4556 opera
3314 4484 3476 4551 feras,
3523 4491 3580 4536 ut
3621 4497 3749 4537 cum

2161 4585 2450 4642 securitate
2473 4593 2663 4638 cuncta
2691 4581 2852 4636 facias
2877 4589 2930 4634 et
2949 4579 3115 4634 dicas.

2235 4681 2288 4735 5.
2329 4677 2434 4733 Sed
2457 4676 2525 4732 de
2568 4676 2650 4730 his
2672 4674 2885 4745 quidem
2908 4673 3071 4736 satis;
3114 4685 3209 4741 age
3235 4669 3302 4724 de
3327 4669 3412 4734 iis,
3441 4684 3560 4738 quae
3587 4666 3751 4723 hodie

2161 4769 2297 4826 lecta
2340 4776 2499 4834 sunt,
2541 4783 2643 4823 una
2685 4766 2835 4820 vobis
2863 4764 3104 4835 apposita
3131 4762 3415 4829 sententia,
3444 4776 3748 4816 sermonem

2166 4863 2536 4919 terminemus.
2587 4858 2785 4914 Paulus
2831 4860 3022 4912 uinctus
3053 4854 3178 4911 Iesu
3221 4855 3428 4920 Christi,
3472 4855 3662 4923 inquit,
3702 4864 3752 4909 et

2162 4955 2454 5010 Timotheus
2469 4956 2627 5024 frater
2646 4950 2919 5024 (Philean
2931 4949 2971 5019 ).
2993 4945 3264 5017 Magnifica
3282 4946 3428 5000 Pauli
3442 4945 3748 5014 appellatio,

2165 5061 2273 5101 non
2301 5044 2630 5116 principatus
2650 5052 2704 5097 et
2730 5040 2949 5095 honoris
2975 5054 3190 5103 nomen,
3219 5038 3314 5092 sed
3345 5037 3550 5091 vincula
3579 5045 3632 5089 et
3656 5050 3751 5089 ca-

2167 5149 2305 5196 tena:
2347 5157 2362 5194 :
2407 5153 2532 5193 vere
2576 5135 2885 5205 magniﬁca;
2943 5131 3152 5186 tametsi
3201 5129 3533 5200 splendidum
3579 5128 3753 5196 ipsum

2165 5232 2329 5286 multa
2370 5230 2470 5285 alia
2512 5227 2726 5292 faciunt,
2762 5227 2814 5280 in
2840 5223 3028 5281 ctelum
3057 5223 3168 5292 rapi
3200 5222 3435 5287 tertium,
3464 5221 3514 5274 iu
3538 5219 3754 5289 paradi-

2165 5339 2283 5380 sum
2313 5323 2529 5389 deferri,
2576 5322 2738 5377 verba
2784 5318 2970 5374 audire
2996 5317 3310 5381 iucti‘abilia;
3361 5324 3534 5370 tamen
3563 5314 3757 5368 horum

2167 5419 2296 5473 nihil
2337 5416 2530 5488 posuit,
2581 5415 2674 5470 sed
2717 5429 2814 5484 pro
2859 5412 3105 5466 omnibus
3148 5421 3390 5464 catenam
3416 5425 3430 5462 :
3455 5407 3570 5462 haec
3610 5407 3760 5462 enim

2167 5510 2336 5581 magis
2360 5525 2518 5579 quam
2559 5508 2650 5562 illa
2676 5506 2940 5562 illustrem
2963 5506 3132 5576 ipsum
3158 5502 3414 5559 reddebat
3438 5511 3492 5556 et
3515 5499 3757 5572 splendi.

2233 5689 2308 5747 (α)
2344 5698 2504 5741 Annus
2525 5691 2604 5740 hic
2629 5698 2733 5742 erat
2750 5689 2994 5742 secundus
3008 5686 3365 5747 praedicationis
3385 5684 3732 5747 chrysostomi.
