3912 6230
1589 177 1686 190 ροι*
1714 179 1756 187 η.-

43 315 125 375 Ιθὸ
1013 318 1106 374 AD
1142 318 1473 380 POPULUM
1510 320 2011 381 ANTIOCHENUM
2046 321 2285 382 HOMIL.
2325 322 2469 381 XVI.

43 431 271 486 Ἐκεῖνον
299 430 406 486 οὐκ
434 431 701 504 ἰφόϐησεν
738 433 771 502 ἡ
801 432 967 505 πεῖρα
997 434 1108 488 τῶν
1134 435 1498 507 πραγμάτων,
1525 437 1586 491 σέ
1601 438 1698 491 καὶ

43 513 356 593 ιάκοὴμόνη
373 514 534 568 πεοεῖ
548 529 565 579 ;
580 519 688 574 Καὶ
700 518 842 583 τίνος
853 518 1013 591 ἂνεῖη
1023 537 1122 590 μεν
1156 520 1297 587 άξιοι
1327 522 1511 591 λόγου,
1523 524 1572 576 οἰ
1604 523 1696 576 καὶ

43 606 247 660 λανάτου
286 608 636 678 κατατολμᾷν
672 606 1071 672 κελευσθέντες,
1097 609 1192 662 καὶ
1216 610 1322 663 ὑπὸ
1353 612 1541 681 φήμης
1562 609 1699 680 ψευ-

44 694 135 757 οὗς
157 690 310 747 οὕτω
329 690 687 764 πτοούμενοι;
714 696 773 749 '0
795 695 1190 767 θορυϐούμενος
1210 697 1304 750 καὶ
1329 698 1420 751 τὸν
1438 699 1540 751 οὐκ
1571 697 1700 751 ὄντα

43 782 180 847 ιόϐον
210 782 505 853 συνίστησι
532 784 626 836 καὶ
649 782 896 855 ταραχὴν
915 784 1014 852 τὴν
1039 785 1114 855 μὴ
1147 787 1480 856 φαινομένην
1507 799 1557 826 ι’
1585 789 1614 840 ό
1640 786 1700 841 δὲ

44 887 76 920 ,ν
96 868 439 922 καταστάσει
470 871 567 923 καί
593 870 801 941 γαλήνῃ
849 870 1027 941 ψυχῆς
1071 870 1147 924 ὢν
1180 874 1274 925 καὶ
1301 874 1391 925 τὸν
1422 873 1552 927 ὄντα
1591 872 1699 926 δια-

43 959 150 1015 .ύει.
182 960 297 1030 Ούχ
322 961 458 1031 ὁρᾷς
478 962 605 1024 τοὺς
638 960 994 1032 κυϐερνήτας.
1018 962 1100 1015 ὅτι
1125 963 1225 1032 τῆς
1255 962 1529 1034 Θαλάσσης
1571 979 1699 1034 μαι-

43 1047 270 1118 ιομένης,
308 1047 492 1117 νεφῶν
543 1049 943 1119 συντρεχόντων
972 1049 1023 1110 ὶ),
1054 1048 1292 1120 βροντῶν
1320 1052 1700 1122 καταρῤηγνυ·

43 1134 219 1196 ιένων,
270 1135 494 1189 πάντων
520 1135 630 1187 τῶν
662 1137 757 1188 ἐπὶ
783 1135 878 1188 τοῦ
909 1134 1097 1189 πλοίου
1146 1135 1578 1207 θορυϐουμένων,
1607 1138 1700 1190 ἐπὶ

43 1220 126 1273 τῶν
149 1221 358 1275 οἰάκων
382 1222 540 1275 αὑτοὶ
571 1222 861 1292 κάθηνται,
884 1223 1057 1293 χωρὶς
1087 1221 1318 1294 θορύϐου
1344 1224 1435 1275 καὶ
1459 1224 1698 1294 ταραχῆς

43 1309 88 1378 ζῇ
108 1307 273 1379 τέχνῃ
306 1311 374 1380 τῇ
410 1308 619 1362 ἑαυτῶν
650 1309 1025 1380 προσέχοντες,
1059 1311 1155 1363 καὶ
1176 1309 1523 1373 σκοποῦντες,
1550 1311 1697 1374 ὅπως

43 1395 112 1445 τὸν
139 1394 368 1447 ἐπιόντα
414 1388 842 1467 διακρούσωνται
904 1397 1181 1467 χειμῶνας
1236 1396 1471 1460 Τούτους
1506 1396 1602 1451 καὶ
1633 1398 1697 1451 σὺ

43 1481 285 1551 ιίμησαι,
340 1483 436 1535 καὶ¹
463 1486 563 1554 τῆς
595 1484 746 1554 ἱερᾶς
778 1484 1024 1554 ἀγκύρας
1051 1484 1459 1555 ἐπιλαϐόμενος,
1490 1486 1590 1553 τῆς
1619 1487 1699 1546 εἰς

43 1569 109 1620 τὸν
131 1568 263 1621 Θεὸν
290 1569 526 1633 ἐλπίδος,
554 1571 803 1634 ἀσειστος
834 1571 960 1641 μένε
995 1573 1088 1625 καὶ
1123 1572 1545 1643 ἀπερίτρεπτος.
1571 1568 1700 1636 Πᾶς

43 1657 187 1722 ὅστις
208 1659 425 1711 ἀκούει
441 1676 561 1728 μου
590 1661 732 1726 τοὺς
749 1663 972 1731 λόγους
1004 1662 1272 1728 τούτους,
1308 1662 1460 1732 φησί,
1507 1662 1603 1715 καί
1627 1665 1697 1716 οὐ

43 1744 173 1797 me?
193 1745 447 1812 αὐτοὺς,
482 1748 909 1815 ὁμοιωθήσεται
941 1749 1113 1816 ἀνδρί
1134 1748 1330 1818 μωρῷ,
1362 1749 1532 1816 ὅστις
1554 1751 1700 1816 ᾠκο-

43 1830 289 1899 δόμησεν
354 1834 551 1888 αὐτοῦ
606 1834 721 1902 τὴν
768 1836 966 1890 οἰκίαν
1016 1835 1114 1890 ἐπὶ
1171 1837 1285 1904 τὴν
1324 1835 1550 1906 ἄμμον,
1601 1837 1700 1891 καὶ

43 1918 234 1986 κατέϐη
271 1921 656 1990 ήβροχὴ,καί
674 1919 864 1992 ἦλθον
889 1925 944 1977 οἰ
971 1924 1241 1992 ποταμοὶ,
1260 1924 1358 1977 καί
1393 1924 1701 1978 ἔπνευσαν

43 2008 78 2058 >ἰ
106 2005 338 2076 ἄνεμοι,
388 2008 487 2061 καί
518 2010 944 2078 πωσέρῤηξαν
993 2008 1071 2079 τῇ
1113 2013 1272 2077 οἰκίᾳ
1324 2012 1549 2079 ἐκείνῃ,
1601 2011 1700 2064 καί

43 2093 340 2158 ιατέπεσε,
366 2096 463 2149 καί
487 2091 568 2166 ἦν
592 2099 630 2165 ἠ
657 2097 881 2164 πτῶσις
916 2097 1108 2166 αὐτῆς
1135 2097 1386 2167 μεγάλη.
1428 2098 1588 2169 Ὁρᾷς
1620 2099 1700 2151 ὅτι

43 2179 204 2242 ινοίας
240 2181 361 2234 ἐστὶ
383 2182 443 2235 τὸ
459 2183 926 2253 προκαταπίπτειν
948 2184 1043 2237 καὶ
1077 2184 1534 2256 περιτρέπεσθαι;
1559 2184 1703 2239 Μᾶλ-

43 2282 114 2318 ιον
141 2266 200 2319 δὲ
225 2269 397 2338 ἡμεῖς
448 2269 569 2322 ούδέ
605 2270 747 2323 κατὰ
774 2270 866 2323 τὸν
918 2271 1101 2342 μωρὸν
1128 2273 1335 2325 ἐκεῖνον
1382 2271 1696 2342 ἐγενόμεθα,

43 2353 157 2407 ἱλλά
185 2354 284 2408 καὶ
308 2354 519 2409 ἐκείνου
545 2355 874 2429 ἀθλιώτερον
905 2359 1301 2430 κατεπέσομεν.
1330 2358 1572 2412 Ἐκείνου
1602 2360 1700 2430 μὲν

43 2441 130 2510 γάρ
153 2443 189 2512 ἡ
216 2441 372 2496 οἰκία
394 2444 544 2513 ,μετά
573 2445 872 2515 ποταμοὺς,
939 2446 1075 2516 μετά
1103 2446 1163 2499 τὺ
1193 2446 1582 2517 κατενεχθῆναι
1609 2446 1701 2499 τὸν

43 2526 202 2594 δετὸν,
267 2529 415 2599 μετά
464 2530 527 2583 τὸ
573 2534 905 2602 προσπεσεῖν
936 2534 1062 2598 τοὺς
1097 2532 1332 2604 ἀνέμους
1378 2534 1697 2587 κατέπεσεν·

43 2615 187 2682 ἡμεῖς
219 2616 281 2668 δέ
305 2616 409 2669 οὐκ
431 2617 650 2689 ἀνέμων
677 2617 1023 2689 ἐνεχθέντων,
1061 2619 1123 2672 οὐ
1161 2620 1422 2691 ποταμῶν
1460 2636 1702 2691 προσρηο

43 2698 258 2774 Εάντων,
282 2704 347 2756 οὐ
380 2705 709 2774 πνευμάτων
754 2705 1192 2777 προσϐαλόντων,
1245 2707 1353 2778 πρὸ
1375 2707 1477 2776 τῆς
1506 2706 1701 2777 πείρας

43 2794 133 2846 τῶν
173 2795 371 2849 δεινῶν
413 2796 524 2850 ἀπὸ
554 2797 651 2867 τῆς
679 2797 853 2868 ἀκοῆς
880 2797 1047 2869 μόνης
1086 2796 1555 2869 περιετράπημεν,
1607 2797 1703 2851 καὶ

43 2884 222 2947 πάντα,
256 2884 408 2956 άπερ
445 2885 891 2955 ἐφιλοσοφοῦμεν,
954 2886 1266 2958 ἐξεχέαμεν,
1314 2889 1481 2942 Ποίαν
1527 2889 1702 2943 οἴεσθέ

43 2986 121 3037 μοι
143 2968 299 3043 [162]
329 2971 431 3042 τὴν
456 2971 691 3025 διάνοιαν
723 2967 863 3027 εἶναι
903 2972 1031 3040 νῦν;
1089 2974 1207 3039 πῶς
1238 2975 1700 3044 ἐγκαλύπτεσθαις

43 3056 144 3119 πῶς
174 3058 578 3123 καταδύεσθαι;
634 3059 752 3124 πῶς
799 3060 1092 3132 ἐρυθριᾷν;
1126 3062 1188 3114 Εἰ
1228 3061 1301 3132 μὴ
1325 3062 1525 3135 πολλὴν
1554 3064 1705 3134 παρά

44 3143 137 3196 τῶν
166 3146 429 3217 πατέρων
459 3147 698 3217 ὑπέστην
746 3148 991 3218 ἀνάγκην
1012 3188 1026 3209 ,
1058 3148 1166 3201 οὐδ’
1218 3148 1284 3202 ἂν
1307 3150 1556 3221 ἀνέστην,
1595 3151 1704 3204 οὐδ’

45 3230 104 3282 ἂν
123 3232 407 3303 διελέχθην
444 3234 549 3286 ὑπὸ
579 3235 677 3302 τῆς
724 3234 962 3305 ἀθυμίας
1016 3235 1307 3299 σκοτωθεὶς
1357 3238 1451 3308 τῆς
1507 3238 1598 3291 ἐπὶ
1638 3242 1703 3310 τῇ

47 3319 375 3389 μικροψυχίᾳ
408 3322 473 3391 τῇ
520 3321 782 3395 ὑμετέρᾳ·
814 3321 931 3376 ἀλλ’
965 3322 1087 3375 ούδέ
1146 3322 1241 3376 νῦν
1284 3323 1576 3395 δεδύνημαι
1628 3328 1706 3390 εἰς

45 3404 268 3472 ἐμαυτὸν
301 3406 640 3462 ἐπανελθεῖνσ
670 3409 813 3463 οὕτω
838 3428 926 3481 μοι
942 3411 1109 3481 θυμὸς
1140 3411 1234 3464 καὶ
1259 3412 1465 3483 ἀθυμία
1492 3414 1706 3484 πολιορ-

45 3494 121 3545 κεῖ
156 3493 257 3564 τὴν
288 3495 493 3565 ψυχήν.
523 3496 619 3558 Τίς
652 3498 759 3568 γάρ
783 3498 883 3551 οὐκ
928 3498 992 3551 ἂν
1027 3501 1448 3566 ἀγανακτήσειέ,
1502 3501 1583 3563 τίς
1609 3503 1709 3554 οὐκ

45 3577 105 3633 ἅν
132 3578 541 3651 δυσχεράνειεν,
572 3584 699 3636 ὅταν
726 3584 867 3653 μετὰ
890 3586 1156 3655 τοσαύτην
1192 3585 1553 3651 διδασκαλίαν,
1599 3586 1710 3640 Ἐλ-

45 3662 209 3734 λήνων
234 3666 432 3738 δέησθε
455 3668 788 3723 διδασκάλων
823 3673 904 3735 εἰς
933 3672 994 3725 τὸ
1032 3673 1444 3743 παρακληθῆναι
1471 3675 1564 3727 καὶ
1592 3691 1710 3727 πειη

46 3751 229 3821 σθῆναι
254 3754 527 3822 γενναίως
564 3759 807 3825 ἐνεγκεῖν
851 3760 943 3813 τὸν
973 3760 1216 3831 παρόντα
1242 3760 1436 3828 φόϐον;
1468 3759 1710 3826 Εῠξασθε

47 3841 212 3896 τοίνυν
232 3844 458 3915 δοθῆναι
482 3845 639 3914 λόγον
663 3848 795 3919 ἡμῖν
816 3849 874 3900 ἐν
896 3848 1095 3915 ἀνοίξει
1116 3849 1211 3901 τοῦ
1239 3850 1503 3919 στόματος
1533 3850 1709 3921 ἡμῶν,

47 3927 333 4002 δυνηθῆναί
355 3950 414 3986 τε
441 3935 540 4004 τὴν
586 3934 822 4005 ἀθυμίαν
860 3937 1005 4007 ἡμᾶς
1039 3936 1468 4002 ἀποτινάξασθαι
1503 3937 1709 4009 ταύτην

47 4020 137 4071 καὶ
165 4022 363 4093 μικρὸν
385 4025 701 4096 ἀναστῆναι.
737 4029 844 4081 Καὶ
872 4028 980 4099 γάρ
1007 4027 1210 4099 σφόδρα
1237 4028 1532 4082 κατέϐαλεν
1557 4028 1713 4100 ἡμῶν

48 4109 139 4178 τὴν
155 4110 337 4183 ψυχὴν
366 4115 400 4183 ῆ
423 4113 564 4184 ὑπὲρ
598 4115 696 4185 τῆς
730 4115 999 4186 ὑμετέρας
1034 4115 1395 4187 μικροψυχίας
1423 4117 1674 4187 αἰσχύνη.

117 4197 179 4266 β’.
213 4199 396 4253 Πολλὰ
427 4200 618 4272 πρώην
633 4202 911 4274 διελέχθην
926 4203 1061 4271 πρὸς
1077 4202 1172 4273 τὴν
1188 4203 1461 4274 ὑμετέραν
1488 4203 1710 4275 ἀγάπην

56 4284 140 4336 καί
165 4287 297 4356 περί
330 4288 578 4355 παγίδων
606 4288 714 4341 τῶν
742 4290 1077 4361 πανταχόθεν
1115 4291 1248 4360 ἡμῖν
1291 4289 1581 4361 κειμένων,
1622 4291 1716 4344 καὶ

59 4372 174 4443 περί
205 4373 377 4442 φόϐου
409 4375 506 4428 καὶ
533 4374 789 4446 ἀθυμίας,
821 4377 915 4431 καί
943 4380 1070 4449 περὶ
1096 4375 1328 4442 πένθους
1360 4380 1454 4431 καὶ
1497 4377 1711 4450 ἡδονῆς,

60 4460 143 4512 καί
169 4464 300 4533 περί
331 4461 432 4532 τῆς
464 4463 740 4536 δρεπάνης
769 4465 869 4536 τῆς
898 4465 988 4517 ἐπὶ
1020 4465 1118 4528 τὰς
1141 4465 1317 4528 οἰκίας
1354 4465 1462 4518 τῶν
1491 4465 1718 4536 όμνυόν-

58 4562 152 4601 των
204 4551 534 4621 πετομένης·
568 4552 675 4604 ἀπὸ
717 4552 828 4603 τῶν
872 4551 1079 4606 πολλῶν
1125 4552 1189 4622 δὴ
1244 4551 1480 4623 μάλιστα
1516 4553 1718 4606 τούτων

59 4634 301 4690 ἁπάντων
330 4638 517 4691 ἐκεῖνα
551 4638 1053 4710 διαμνημονεύσατέ
1089 4657 1181 4710 μοι
1216 4640 1288 4692 τά
1317 4639 1445 4709 περί
1480 4640 1578 4711 τῆς
1600 4639 1720 4711 δρε-

60 4724 224 4794 πάνης
251 4725 528 4797 εἰρημένα
557 4727 655 4796 τῆς
684 4727 1010 4798 πετομένης,
1052 4728 1146 4781 καί
1186 4730 1264 4791 εἰς
1299 4729 1397 4800 τὴν
1429 4727 1602 4781 οἰκίαν
1626 4726 1719 4780 τοῦ

58 4808 342 4880 ὀμνύοντος
386 4813 784 4884 καταλυούσης,
819 4816 913 4867 καὶ
959 4816 1085 4878 τοὺς
1135 4813 1315 4879 λίθους
1348 4815 1444 4868 καὶ
1483 4813 1550 4868 τὰ
1588 4813 1721 4878 ξύλα

61 4900 547 4972 κατασκαπτούσης
575 4903 668 4955 καί
700 4902 1024 4972 δαπανώσης
1055 4902 1287 4957 ᾶπαντα.
1308 4903 1416 4956 Καὶ
1451 4902 1587 4973 μετά
1605 4901 1725 4956 τού-

64 4998 143 5038 του
167 4989 394 5042 κάκεῖνο
421 4989 716 5057 φυλάττετε
736 5032 751 5056 ,
783 4991 865 5044 ὅτι
897 4990 994 5058 τῆς
1030 4991 1264 5060 ἐσχάτης
1307 4990 1491 5054 ἀνοίας
1540 4991 1685 5043 ἐστὶν
1705 5030 1720 5055 ,

69 5068 388 5143 Εὺαγγέλιον
402 5076 781 5147 λαμϐάνοντας
805 5077 1053 5149 ὀμνύναι,
1073 5078 1166 5131 καὶ
1193 5078 1283 5130 τὸν
1315 5078 1477 5149 νόμον
1506 5078 1597 5132 τὸν
1617 5096 1724 5131 κωσ

76 5158 241 5215 ιύοντα
268 5164 527 5233 ὀμνύναι,
558 5164 747 5219 τοῦτον
776 5166 936 5236 ὅρκον
964 5164 1253 5218 ποιεῖσθαι·
1279 5166 1375 5219 καὶ
1408 5166 1489 5218 ὅτι
1517 5165 1725 5236 βέλτιον

76 5243 385 5318 ζημιοῦσθαι
418 5252 699 5324 χρήματα,
731 5252 766 5324 ἡ
799 5256 911 5318 τοῖς
942 5252 1168 5323 πλησίον
1202 5254 1364 5327 ὅρκον
1389 5255 1686 5323 ἐπαγαγεῖν
1708 5271 1722 5286 ο

75 5332 143 5387 δτι
170 5338 328 5410 ἰκανὴ
357 5338 522 5393 τοῦτο
562 5340 642 5404 εἰς
671 5340 762 5393 τὸν
798 5341 929 5395 Θεὸν
962 5341 1173 5410 γίνεται
1210 5345 1363 5413 τιμή.
1412 5342 1582 5395 Ὅταν
1620 5340 1728 5413 γὰρ

78 5420 215 5495 εἴπῃς
236 5426 318 5496 τῷ
341 5422 501 5497 Θεῷ,
520 5428 719 5482 ὅτιΔιὰ
746 5427 807 5481 σὲ
834 5430 934 5499 οὐχ
960 5429 1198 5501 ὥρκωσα
1223 5430 1313 5483 τὸν
1345 5430 1493 5483 δεῖνα
1517 5428 1608 5482 τὸν
1632 5447 1725 5483 κε-

82 5512 286 5579 ιλοφότα
324 5515 424 5568 καὶ
455 5516 929 5587 κακουργήσαντα,
963 5518 1086 5570 ἀντὶ
1105 5516 1310 5588 ταύτης
1340 5533 1422 5570 σοι
1442 5517 1541 5588 τῆς
1558 5518 1725 5588 τιμῆς

3366 322 3472 380 ιιι

1807 438 2062 510 ἀμοιϐήν.
2084 435 2270 492 Ταῦτα
2292 435 2546 510 καὶπρὸς
2577 433 2796 506 ἐτέρους
2826 431 3034 503 λέγετε,
3065 432 3157 487 καί
3181 433 3334 489 αὒτοί
3353 436 3465 490 δια-

1807 525 2124 595 φυλάττετε.
2162 520 2293 579 Οἶδα
2313 524 2395 579 δτι
2415 521 2650 578 ἐνταῦθα
2666 519 3045 591 εὑλαϐέστεροι
3072 519 3355 591 γινόμεθα,
3374 522 3466 576 καί

1806 614 1987 666 πᾶσαν
2015 611 2256 683 πονηρὰν
2281 609 2571 681 συνήθειαν
2604 606 2988 678 ἀποτιθέμεθα·
3024 606 3159 662 ἀλλά
3181 607 3244 660 τὸ
3268 607 3469 678 ζητού-

1810 715 1967 769 μενον
1993 698 2151 752 τοῦτό
2177 701 2343 764 ἐστιν,
2374 698 2465 751 ἵνα
2488 697 2562 767 μὴ
2603 694 2836 750 ἐνταῦθα
2872 688 3259 765 φιλοσοφῶμεν
3289 696 3469 767 μόνον,

1806 787 1922 840 ἀλλ’
1952 785 2040 839 ἵνα
2066 786 2163 838 καὶ
2186 783 2290 850 ἔξω
2319 783 2417 854 τὴν
2451 782 2735 836 εὐλάϐειαν
2764 782 2967 853 ταύτην
2998 782 3255 847 λαϐόντες
3299 783 3469 838 ἀπέλ⁹

1806 873 2008 944 θωμεν,
2025 872 2157 925 ὅπου
2192 872 2422 942 μάλιστα
2448 870 2618 939 αὐτῆς
2636 868 2886 939 δεόμεθα.
2905 869 3015 923 Καὶ
3044 870 3153 942 γάρ
3181 872 3231 924 οἰ
3255 869 3470 944 ὑδρευό-

1812 977 1961 1031 μενοι
1990 961 2050 1013 οὐ
2079 959 2227 1030 παρά
2280 959 2378 1030 τὴν
2407 960 2612 1030 κρήνην
2650 960 2809 1030 μόνον
2850 960 3033 1031 έχουσι
3067 958 3471 1031 πεπληρωμένα

1811 1048 1879 1101 τά
1906 1048 2127 1116 ἀγγεῖα,
2154 1046 2292 1100 οἴκοι
2319 1046 2374 1099 δὲ
2405 1044 2731 1109 ἀπελθόντες
2758 1046 3026 1113 κενοῦσιν,
3064 1046 3178 1101 ἀλλ’
3209 1047 3325 1100 ἐκεῖ
3363 1048 3471 1118 μά-

1803 1135 1961 1189 λιστα
1989 1132 2128 1189 αὐτὰ
2152 1134 2290 1206 μετὰ
2324 1134 2625 1203 ἀσφαλείας
2649 1133 3011 1196 ἀποτίθενται,
3038 1133 3178 1187 ὥστε
3209 1132 3283 1205 μὴ
3313 1151 3471 1205 περι-

1805 1208 2080 1294 τραπῆναι
2137 1222 2230 1275 καὶ
2274 1222 2501 1292 μάταιον
2550 1221 2802 1290 γενέσθαι
2860 1221 2952 1274 τὸν
3004 1222 3183 1275 πόνον.
3236 1221 3472 1286 Τούτους

1810 1312 1905 1365 καὶ
1936 1314 2097 1382 ἡμεῖς
2136 1309 2525 1382 μιμησώμεθα,
2574 1310 2669 1364 κα)⁸
2711 1312 2850 1365 οἶκοι
2892 1310 3173 1381 γενόμενοι
3215 1312 3472 1382 τηρῶμεν

1809 1398 1946 1469 μετά
1973 1398 2258 1470 ἀκριϐείας
2289 1397 2358 1451 τά
2383 1399 2667 1471 εἰρημένω
2700 1398 2776 1463 ὡς
2809 1398 2904 1452 ἐάν
2949 1398 3179 1452 ἐνταῦθα
3228 1402 3326 1469 μὲν
3370 1395 3470 1470 ἦτε

1807 1486 2246 1557 πεπληρωμένοι.
2282 1485 2418 1538 οἴκοι
2439 1486 2495 1538 δὲ
2526 1487 2843 1557 ἀναχωρῆτε
2866 1486 3032 1546 κενοὶ.
3062 1485 3131 1539 τὰ
3151 1488 3348 1555 ἀγγεῖα
3369 1486 3472 1557 τῆς

1804 1575 2038 1637 διανοίας
2056 1576 2085 1627 ὑ
2095 1574 2211 1644 μῶν
2238 1573 2334 1643 έρη
2345 1590 2418 1643 μα
2433 1573 2531 1642 τῆς
2560 1576 2876 1645 ἀκροάσεως
2901 1573 3131 1643 ἔχοντες,
3149 1574 3302 1627 οὐδὲν
3317 1573 3473 1628 ἐσται

1806 1663 1869 1715 ὲκ
1895 1662 1990 1732 τῆς
2014 1659 2245 1713 ἐνταῦθα
2274 1659 2607 1731 πληρώσεως
2639 1661 2767 1727 ὑμῖν
2799 1659 3008 1729 ὄφελος.
3045 1661 3134 1730 Μή
3171 1677 3258 1730 μοι
3290 1659 3473 1731 δείξῃς

1805 1748 1863 1801 ἐν
1886 1750 1951 1818 τῇ
1987 1746 2292 1819 παλαίστρᾳ
2313 1745 2404 1798 τόν
2428 1745 2683 1816 ἀθλητὴν,
2716 1745 2829 1798 ἀλλ’
2856 1748 2912 1798 ἐν
2941 1745 3019 1816 τῷ
3055 1745 3357 1816 σκάμματι·
3395 1747 3470 1818 μὴ

1809 1852 1897 1907 μοι
1927 1834 2025 1905 τὴν
2052 1833 2336 1887 εὐλάϐειαν
2368 1832 2507 1886 κατά
2537 1832 2627 1885 τὸν
2647 1832 2837 1901 καιρὸν
2855 1832 2950 1902 τῆς
2979 1832 3317 1904 ἀκροάσεως,
3335 1830 3475 1889 ἀλλὰ

1805 1921 1945 1976 κατά
1992 1922 2082 1975 τὸν
2131 1922 2320 1994 καιρὸν
2350 1919 2448 1990 τῆς
2499 1919 2773 1991 πράξεως.
2801 1919 3073 1984 Ἐπαινεῖς
3096 1921 3165 1973 τὰ
3201 1919 3471 1990 λεγόμενα

1805 2008 1918 2062 νῦν·
1955 2010 2083 2063 ὅταν
2122 2025 2181 2061 σε
2226 2008 2318 2079 δέη
2360 2006 2553 2077 ὀμόσαι
2580 2047 2593 2070 ,
2630 2005 2849 2059 πάντων
2890 2006 3067 2059 αὐτῶν
3098 2006 3476 2077 ἀναμνήσθητι

1805 2096 2062 2149 τότε.“Αν
2086 2097 2296 2167 ταχέως
2324 2095 2514 2150 τοῦτον
2538 2092 2924 2165 κατορθώσητε
2946 2094 3035 2147 τὸν
3063 2094 3248 2164 νόμον,
3265 2094 3358 2147 καὶ
3383 2091 3470 2163 ἐφ’

1806 2182 1969 2255 ἕτερα
2003 2181 2223 2253 μείζονα
2246 2181 2342 2253 τὴν
2363 2180 2709 2236 διδασκαλίαν
2746 2180 3077 2251 προάξομαι.
3102 2180 3236 2233 Ἰδοὺ
3282 2178 3471 2232 δεύτε-

1811 2287 1900 2340 ρον
1925 2270 2042 2333 ἔτος
2063 2269 2169 2340 ἔχω
2190 2269 2343 2322 τοῦτο
2365 2269 2499 2340 πρὸς
2523 2270 2622 2338 τὴν
2641 2267 2914 2339 ὑμετέραν
2939 2266 3317 2337 διαλεγόμενος
3333 2266 3474 2335 ἀγά-

1809 2374 1937 2429 πην,
1968 2358 2062 2409 καὶ
2089 2356 2211 2410 οὐδὲ
2241 2356 2431 2409 ἑκατὸν
2461 2355 2672 2425 στίχους
2700 2353 2808 2406 τῶν
2841 2352 3072 2423 Γραφῶν
3107 2352 3235 2423 ὑμῖν
3278 2351 3476 2423 ῐσχυσα

1807 2442 2200 2516 ἐξηγήσασθαιο
2226 2442 2286 2496 τὸ
2315 2443 2370 2497 δὲ
2405 2441 2597 2505 αἴτιον,
2631 2442 2713 2494 ὅτι
2757 2441 2888 2511 παρ’
2918 2439 3073 2511 ἡμῶν
3105 2439 3290 2493 δέεσθε
3335 2456 3474 2510 μαν-

1808 2528 1935 2583 θάνε
1944 2548 2012 2593 ιν,
2026 2529 2166 2602 άπερ
2188 2529 2396 2583 οἴκοθεν
2424 2529 2516 2583 καὶ
2532 2528 2663 2599 παρ’
2681 2525 2891 2580 ἑαυτῶν
2906 2525 3133 2579 δύνασθε
3155 2526 3473 2598 κατορθοῦν’

1808 2618 1905 2672 καὶ
1938 2618 1996 2669 τὸ
2047 2617 2205 2669 πλέον
2232 2618 2361 2687 ἡμῖν
2385 2616 2484 2686 τῆς
2511 2614 2886 2686 παραινέσεως
2912 2616 2988 2677 εἰς
3015 2613 3107 2666 τὸν
3138 2613 3475 2685 ἠθικώτερον
3552 2667 3557 2672 ,

1809 2705 2159 2759 ἀναλίσκεται
2190 2702 2369 2772 λόγον.
2396 2701 2580 2756 Ταῦτα
2613 2702 2669 2755 δέ
2697 2702 2796 2754 οὐκ
2833 2701 3002 2772 ἐχρῆν
3033 2698 3177 2753 οὕτω
3205 2699 3475 2768 γίνεσθαι’

1812 2791 1964 2865 [165]
2020 2791 2155 2846 ἀλλά
2200 2791 2296 2861 τὴν
2346 2791 2444 2861 μὲν
2475 2789 2585 2842 τῶν
2641 2788 2858 2859 τρόπων
2900 2786 3217 2858 ἐπιμέλειαν
3264 2786 3477 2840 οἴκοθεν

1810 2881 1954 2951 ὑμᾶς
1993 2878 2091 2932 καὶ
2122 2879 2253 2950 παρ’
2290 2877 2499 2931 ἑαυτῶν
2527 2875 2898 2939 παιδεύεσθαι,
2927 2873 3038 2927 τῶν
3068 2873 3296 2944 Γραφῶν
3324 2874 3380 2927 δὲ
3405 2874 3478 2929 τά

1811 2971 2056 3040 νοήματα
2097 2965 2193 3019 καὶ
2234 2965 2331 3028 τὰς
2377 2964 2607 3035 θεωρίας
2641 2964 2774 3033 ἡμῖν
2802 2960 3141 3034 ἐπιτρέπειν.
3179 2962 3242 3014 Εἰ
3282 2960 3340 3014 δέ
3386 2959 3481 3017 καὶ

1813 3057 1980 3129 ἐχρῆν
2015 3056 2108 3109 καὶ
2136 3056 2267 3126 παρ’
2306 3052 2467 3126 ἡμῶν
2501 3054 2648 3123 ὑμᾶς
2688 3050 2941 3115 ἀκοῦσαι,
2981 3051 3143 3105 πλέον
3183 3052 3312 3121 μιᾶς
3338 3051 3479 3123 ἡμέ-

1814 3162 1911 3216 ρας
1940 3144 2042 3197 οὐκ
2076 3142 2202 3195 ἔδει·
2234 3141 2355 3194 οὐδὲ
2385 3139 2493 3212 γάρ
2523 3139 2762 3194 ποικίλον
2786 3157 2841 3193 τι
2870 3139 2966 3194 καὶ
3004 3139 3324 3211 δυσεύρετόν
3363 3139 3480 3193 ἐστι

1812 3232 1873 3284 τὸ
1907 3231 2216 3300 λεγόμενον,
2260 3227 2382 3280 οὑδέ
2428 3227 2777 3296 κατασκευῆς
2818 3225 3070 3297 δεόμενόν
3108 3242 3271 3289 τινος.
3310 3226 3482 3279 Ὅταν

1813 3319 1923 3388 γάρ
1947 3321 1975 3371 ό
2000 3317 2132 3380 Θεὸς
2155 3315 2542 3386 ἀποφαίνηται,
2587 3312 2869 3383 σοφισμῶν
2897 3312 2995 3366 οὐκ
3018 3311 3132 3365 ἐστι
3166 3311 3376 3383 καιρός.
3424 3311 3482 3366 '0

1813 3404 1944 3468 Θεὸς
1969 3402 2107 3457 εἷπε·
2140 3402 2239 3470 Μὴ
2276 3404 2526 3471 ὀμόσῃς·
2566 3401 2642 3472 μὴ
2666 3399 2888 3454 ἀπαίτει
2921 3415 2988 3471 με
3016 3397 3203 3451 λοιπὸν
3227 3396 3479 3461 εὐθύνας.

1814 3492 2000 3563 Νόμος
2048 3490 2167 3544 ἐστί
2194 3489 2487 3560 βασιλικός·
2519 3490 2548 3542 ὁ
2580 3487 2695 3550 θείς
2728 3486 2887 3540 αὐτὸν
2921 3481 3028 3538 οἶδε
3062 3484 3154 3538 τδν
3193 3483 3351 3553 λόγον
3384 3481 3483 3537 τοῦ

1816 3581 2004 3649 νόμου·
2032 3579 2081 3631 εἰ
2109 3577 2183 3649 μὴ
2214 3577 2490 3648 συμφέρον
2515 3571 2603 3647 ἦν,
2628 3576 2729 3629 οὑκ
2760 3573 2825 3628 ἃν
2863 3572 3125 3638 ἐκώλυσε,
3154 3570 3255 3624 οὐκ
3282 3570 3349 3625 ἂν
3378 3571 3487 3625 ἀπ-

1819 3666 2107 3738 ηγόρευσε.
2139 3664 2388 3726 Βασιλεῖς
2409 3663 2719 3734 εἰσφέρουσι
2748 3661 2965 3732 νόμους,
2987 3659 3081 3713 καὶ
3112 3659 3212 3731 οὐχ
3239 3658 3486 3722 ἅπαντας

1820 3752 2206 3824 συμφερόντως
2254 3750 2532 3813 πολλάκις·
2578 3748 2855 3819 ἄνθρωποι
2883 3749 2991 3818 γάρ
3030 3748 3135 3801 εἰσι
3165 3748 3259 3801 καὶ
3293 3749 3393 3801 οὐκ
3418 3746 3487 3800 ἂν

1818 3839 2062 3894 δύναιντο
2091 3838 2152 3892 τὸ
2188 3839 2460 3909 χρήσιμον
2497 3835 2667 3900 οὕτως
2694 3836 2894 3908 εὑρεῖν,
2923 3834 3112 3906 ὥσπερ
3143 3835 3172 3886 ό
3192 3834 3343 3899 Θεὸς,
3371 3832 3486 3887 ἀλλ’

1818 3927 1966 3997 ὅμως
2010 3925 2153 3979 οὕτω
2207 3922 2525 3993 πειθόμεθα·
2577 3922 2681 3975 κᾶν
2733 3924 2996 3989 γυναῖκας
3042 3919 3326 3990 ἀγώμεθα,
3384 3919 3490 3973 κᾶν

1817 4014 2082 4086 διαθήκας
2133 4010 2393 4081 ποιῶμεν,
2430 4008 2535 4063 κᾶν
2593 4009 2811 4071 οἰκέτας
2864 4008 3117 4060 ὠνεῖσθαι
3184 4006 3486 4076 μέλλωμεν,

1822 4102 1926 4155 κᾶν
1954 4100 2152 4165 οἰκίας,
2177 4099 2281 4151 κᾶν
2323 4098 2546 4167 ἀγροὺς,
2573 4095 2675 4148 κᾶν
2717 4094 2893 4147 ότιοῦν
2933 4094 3120 4164 ἕτερον
3157 4096 3353 4155 ποιεῖν,
3387 4093 3491 4148 οὑκ

1822 4189 2001 4259 οἰκείᾳ
2033 4186 2225 4257 γνώμῃ
2255 4184 2428 4239 ταῦτα
2466 4183 2798 4255 πράττομεν,
2834 4180 2948 4235 ἀλλ’
2995 4181 3143 4243 ὅπως
3196 4179 3262 4234 ἀν
3292 4182 3489 4234 ἐκεῖνοι

1827 4274 2136 4340 διατάξωσι,
2172 4272 2266 4327 καί
2293 4271 2361 4325 τὰ
2390 4270 2549 4342 ἡμῶν
2583 4268 2761 4322 αὐτῶν
2784 4267 3063 4321 διαθέσθαι
3093 4266 3233 4320 κατὰ
3265 4267 3491 4338 γνώμην

1822 4365 1922 4435 τὴν
1955 4362 2229 4435 ἡμετέραν
2251 4358 2350 4412 οὐκ
2390 4358 2557 4427 ἐσμέν
2580 4356 2759 4426 κύριοι
2782 4353 3030 4408 καθόλου’
3055 4353 3191 4407 ἀλλά
3222 4352 3491 4423 πολλαχοῦ

1823 4453 1941 4514 ταῖς
1998 4448 2223 4502 ἐκείνων
2275 4444 2594 4515 δουλεύομεν
2639 4441 2907 4513 γνώμαις,
2956 4441 3060 4495 κᾶν
3094 4441 3405 4511 ποιήσωμέν
3436 4457 3491 4494 τι

1826 4539 1980 4608 παρά
2001 4537 2063 4589 τὸ
2088 4533 2276 4588 δοκοῦν
2306 4532 2553 4597 ἐκείνοις,
2589 4530 2791 4602 ἄκυρον
2835 4531 2928 4583 καὶ
2957 4529 3229 4599 ἄχρηστον
3259 4528 3492 4596 γίνεται.

1825 4622 1966 4679 Εἶτα
1993 4626 2104 4685 τοῖς
2141 4623 2237 4692 μὲν
2270 4620 2377 4672 τῶν
2424 4618 2726 4689 ἀνθρώπων
2762 4617 2947 4687 νόμοις
2992 4615 3261 4686 τοσαύτην
3298 4613 3497 4669 ἀπονέ-

1831 4729 2002 4783 μομεν
2048 4710 2233 4779 τιμὴν,
2258 4708 2384 4770 τοὺς
2406 4705 2462 4759 δὲ
2489 4705 2582 4759 τοῦ
2611 4704 2745 4758 Θεοῦ
2773 4704 2972 4775 νόμους
3012 4703 3154 4757 οῦτω
3178 4703 3498 4773 καταπατὴο

1832 4815 2017 4869 σομεν,
2044 4796 2166 4848 εἰπέ
2193 4811 2314 4865 μοις
2344 4793 2607 4856 καὶποίας
2625 4791 2799 4846 ταῦτα
2820 4790 3116 4860 ἀπολογίας
3136 4789 3296 4857 agn;
3338 4787 3499 4853 ποίας

1833 4885 2192 4956 συγγνώμηςς
2256 4878 2416 4935 Εἶπεο
2479 4879 2577 4949 Μὴ
2630 4880 2891 4950 ὀμόσῃςο
2955 4878 3029 4950 μὴ
3082 4876 3498 4948 ἀντινομοθετψ

1831 4991 1929 5048 an;
1955 4972 2103 5043 αὐτῷ
2122 4971 2211 5025 διὰ
2232 4969 2337 5024 τῶν
2357 4967 2718 5041 πραγμάτων,
2742 4968 2832 5022 ἵνα
2859 4966 2996 5039 μετά
3011 4963 3307 5035 ἀσφαλείας
3328 4964 3504 5020 ἀπαν-

1833 5079 1902 5116 τα
1931 5063 2023 5114 καὶ
2046 5062 2204 5131 ποιῇς
2238 5060 2333 5113 καὶ
2357 5056 2543 5130 λέγῃς.

1901 5190 1971 5254 γ’.
2001 5181 2163 5238 Ἀλλά
2193 5182 2322 5254 περὶ
2349 5180 2447 5252 μὲν
2470 5177 2675 5234 τούτων
2703 5176 2844 5241 ἅλις·
2877 5175 3011 5249 φέρε
3026 5175 3084 5230 δέ
3101 5174 3226 5247 μίαν
3250 5173 3404 5243 ῥῆσιν
3436 5170 3502 5223 ἐκ

1836 5273 1942 5325 τῶν
1983 5274 2221 5343 σήμερον
2266 5267 2728 5338 ἀναγνωσθέντων
2785 5264 3124 5339 παραθέντες
3158 5262 3306 5331 ὑμῖν,
3335 5272 3503 5343 κατα-

1836 5342 2137 5430 παύσωμεν
2149 5357 2238 5412 τὸν
2268 5356 2445 5427 λόγον’
2472 5356 2716 5422 Παῦλος
2743 5355 2988 5426 δέσμιος
3002 5347 3207 5419 Ἰησοῦ
3221 5342 3501 5414 Χριστοῧο

1836 5452 1991 5521 φησὶ,
2019 5448 2116 5503 καὶ
2147 5449 2418 5516 Τιμόθεος
2467 5450 2499 5501 ὁ
2523 5446 2807 5514 ἀδελφός.
2853 5443 3042 5511 Μέγας
3074 5441 3105 5493 ό
3149 5433 3243 5521 τοῦ
3270 5430 3505 5521 ,Παύλου

1839 5516 2243 5609 χρηματισμὸς,
2275 5536 2376 5587 οὐκ
2409 5533 2583 5606 ἀρχῆς
2605 5534 2698 5586 καὶ
2740 5530 2903 5601 τιμῆς
2944 5527 3135 5597 ὄνομα,
3160 5518 3297 5609 ἀλλὰ
3326 5516 3508 5609 δεσμά

88 5596 253 5671 πλὴν
266 5602 363 5656 καὶ
388 5602 538 5657 κατά
568 5602 741 5674 παρδν
766 5613 791 5643 ⁸
830 5605 927 5658 καὶ
958 5604 1097 5676 μετὰ
1128 5604 1300 5659 ταῦτα
1332 5604 1603 5660 ἀποδώσει
1629 5606 1731 5693 τὴν
1840 5596 2461 5694 Lfamoelg501n06£
2483 5596 2681 5691 μέγαςο
2724 5596 2901 5673 καίτοι
2930 5596 3100 5668 πολλά
3142 5607 3303 5664 αὐτὸν
3341 5603 3519 5694 ἐτερί

132 5767 268 5841 :830.
288 5777 427 5841 gddil
450 5777 633 5841 ἐπάγει.

135 5829 257 5911 Ege
272 5840 391 5911 ξεν.
420 5846 478 5911 e_t
494 5829 710 5911 ηρέκὶωε
727 5854 974 5911 parsglss.
1003 5841 1123 5895 Mor.
1149 5843 1507 5911 διατρεχόντων.

139 5897 160 5929 ⁸
181 5899 319 5952 Saﬁl.
345 5903 470 5953 κατὰ
490 5900 569 5951 τὸν
590 5897 796 5963 παρόντα
818 5905 984 5958 αἰῶνα.

1840 5711 2091 5785 λαμπρὸν
2122 5712 2284 5771 ποιεῖ,
2306 5693 2364 5762 τὸ
2390 5711 2468 5772 εἰς
2510 5708 2734 5779 οὐρανὸν
2769 5702 3081 5776 ἀρπαγῆναι
3112 5697 3321 5785 τρίτον,
3340 5693 3403 5749 τδ
3428 5694 3512 5759 εἰς

1847 5798 2173 5868 παράδεισον
2198 5794 2585 5866 ἀπενεχθῆναι,
2626 5794 2686 5847 τὸ
2737 5790 2965 5846 ἀκοῦσαι
3006 5787 3221 5861 ἄρρητα
3271 5784 3509 5868 ῥήματα*

1843 5867 1957 5946 ἀλλ’
1986 5884 2136 5939 οὐδὲν
2175 5882 2376 5938 τούτων
2416 5881 2632 5952 έθηκεν.
2677 5880 2788 5935 ἀλλ’
2824 5879 2943 5935 ἀντὶ
3001 5876 3213 5932 πάντων
3246 5870 3344 5940 τὴν
3386 5867 3512 5924 ἄλυ-
