3912 6230
462 286 567 344 162:

434 421 567 481 ~mv'
602 400 741 474 αῦτη
771 400 879 474 γὰρ
904 402 1066 457 αὐτὸν
1096 403 1320 456 ἐκείνων
1367 402 1791 472 ἐπιφανέστερον
1828 402 2001 456 ἐποίει
2032 405 2126 458 καὶ

465 489 859 562 λαμπρότερον.
892 491 957 544 Τί
988 490 1221 561 δήποτε;
1278 489 1399 542 ’Ότι
1427 490 1609 540 ἐκεῖνα
1649 489 1746 558 μὲν
1777 489 1877 559 τῆς
1907 490 1999 542 τοῦ
2034 492 2129 544 Δε-

434 650 441 655 _
463 578 658 632 σπότου
696 577 1100 649 φιλανθρωπίας
1126 577 1243 629 ἐστὶ
1269 574 1786 647 χαρίσματα,ταῦτα
1805 576 1862 628 δέ
1881 576 1979 646 τῆς
1995 594 2131 646 καρ-

463 667 650 735 τερίας
677 665 770 719 τοῦ
803 665 1011 728 δούλου,
1042 663 1256 732 καὶτῆς
1291 663 1568 733 ὑπομονῆς
1601 663 1888 733 δείγματα·
1924 663 2044 728 έθος
2072 664 2129 717 δὲ

463 756 573 815 τοῖς
625 751 869 820 φιλοῦσιν
931 752 1018 804 ἐπ’
1063 750 1294 813 ἐκείνοις
1362 750 1562 820 μᾶλλον
1616 753 1853 821 φρονεῖν,
1918 750 2003 819 ἐφ’
2048 744 2130 813 οἷς

462 839 530 894 ἂν
584 840 863 909 πάσχωσιν
908 838 1050 909 ὑπὲρ
1098 837 1207 891 τῶν
1262 836 1634 908 φιλουμένων,
1700 838 1731 908 ἢ
1786 837 1872 907 ἐφ’
1928 833 2008 900 οἷς
2063 837 2129 891 ἂν

462 926 857 998 εύεργετῶνται
902 925 1032 996 παρ’
1084 924 1283 978 αὐτῶν.
1327 925 1437 994 Οὐχ
1468 922 1612 978 οὕτω
1640 923 1890 993 βασιλεὺς
1923 925 2016 977 ἐπὶ
2051 922 2129 994 τῷ

464 1014 753 1083 διαδήματι
798 1014 1175 1085 ἐναϐρύνεται,
1222 1011 1298 1076 ώς
1350 1013 1557 1075 ἐκεῖνος
1599 1011 1692 1064 ἐπὶ
1744 1014 1857 1074 τοῖς
1908 1011 2128 1079 δεσμοῖς

461 1099 878 1163 ἐκαλλωπίζετο·
928 1100 1024 1154 καὶ
1078 1100 1221 1171 μάλα
1272 1100 1516 1161 εἰκότως.
1565 1098 1808 1167 Διάδημα
1866 1098 1964 1168 μὲν
2020 1096 2126 1168 γὰρ

462 1189 663 1257 κόσμον
691 1189 849 1259 μόνον
874 1189 1027 1259 φέρει
1053 1191 1119 1259 τῇ
1153 1184 1558 1257 στεφανουμένη
1599 1185 1826 1254 κεφαλῇ,
1851 1186 1884 1255 ή
1914 1183 1971 1237 δέ
1996 1183 2130 1238 ἄλυ-

463 1293 548 1339 σις
577 1278 669 1329 καὶ
705 1277 906 1347 κόσμον
937 1275 1116 1346 πολλῷ
1148 1275 1367 1346 μείζονα
1413 1275 1507 1328 καί
1540 1273 1859 1340 ἀσφάλειαν.
1905 1272 1963 1323 Ὁ
2006 1271 2131 1324 στέ-

462 1383 629 1434 φανος
664 1368 692 1419 6
722 1364 995 1436 βασιλικὸς
1028 1365 1287 1427 πολλάκις
1314 1362 1595 1434 προῦδωκε
1624 1362 1720 1432 τὴν
1743 1357 2128 1431 περικειμένην

461 1455 622 1507 αὐτὸν
672 1453 935 1523 κεφαλὴν,
994 1454 1088 1506 καὶ
1137 1452 1363 1524 μυρίους
1401 1449 1717 1511 ἐπιϐούλους
1756 1448 2124 1511 ἐπεσπάσατο,

386 1532 396 1543 ’
460 1542 556 1593 καὶ
589 1543 669 1604 εἰς
696 1541 1006 1611 τυραννίδος
1047 1538 1344 1609 ἐπιθυμίαν
1378 1536 1625 1589 ἐκάλεσε·
1662 1537 1755 1588 καὶ
1784 1537 1840 1587 ἐν
1869 1534 2127 1601 πολέμοις

460 1629 517 1681 δέ
546 1628 717 1692 οὕτως
742 1629 888 1681 ἐστὶν
931 1627 1236 1696 ἐπισφαλὴς
1277 1627 1305 1678 6
1344 1625 1547 1694 κόσμος
1579 1615 1754 1685 οὗτος,
1791 1621 1866 1683 ὡς
1893 1620 2129 1691 κρύπτε-

462 1715 585 1768 σθαι
616 1716 776 1768 αὑτὸν
805 1715 898 1768 καὶ
927 1712 1302 1767 ἀποτίθεσθαι.
1334 1712 1397 1763 Οἱ
1441 1709 1572 1778 γοῦν
1623 1707 1861 1778 βασιλεῖς
1884 1707 1941 1758 ἐν
1968 1706 2128 1759 πολέ-

464 1820 586 1873 μοις
608 1803 668 1855 τδ
698 1803 885 1873 σχῆμα
920 1800 1256 1869 ἀμείϐοντες,
1287 1797 1459 1860 οὕτως
1494 1796 1843 1857 ἑαυτοὺςτοῖς
1871 1792 2129 1862 πολεμοῦ-

462 1908 546 1942 σιν
569 1890 981 1960 ἀναμιγνύουσι·
1002 1887 1233 1958 τοσαύτη
1265 1888 1297 1957 ή
1325 1883 1583 1956 προδοσία
1612 1883 1720 1935 ἀπὸ
1745 1880 2126 1960 τοῦ-στεφάνου

461 1978 687 2044 γίνεται.
744 1978 805 2029 'H
839 1976 895 2029 δέ
931 1976 1120 2037 ἅλυσις
1151 1974 1301 2028 οὐδὲν
1331 1971 1567 2025 τοιοῦτον
1590 1957 1965 2040 προξενεῖτοῖς
1985 1969 2129 2037 έχου-

464 2081 569 2128 σιν,
597 2063 731 2117 ἀλλά
755 2062 1065 2117 τούναντίον
1116 2061 1281 2114 ἅπαν·
1336 2061 1463 2113 ὅταν
1498 2058 1733 2127 πόλεμος
1849 2057 1945 2110 καὶ
1973 2054 2125 2128 [164]

345 2162 349 2165 ’
462 2150 767 2223 παράταξις
797 2150 934 2219 πρὸς
955 2148 1081 2211 τοὺς
1112 2147 1370 2217 δαίμονας
1399 2145 1494 2198 καὶ
1515 2144 1613 2209 τάς
1636 2143 2016 2214 ἀντικειμένας
2036 2143 2130 2196 δυ-

462 2239 672 2308 νάμεις,
700 2235 1137 2307 προϐαλλόμενος
1158 2232 1327 2303 αὐτὴν
1358 2234 1386 2285 6
1416 2232 1800 2303 περικείμενος
1825 2229 2128 2302 ἀποκρούε-

460 2343 549 2379 ται
590 2326 688 2388 τάς
725 2325 949 2377 ἐκείνων
996 2322 1237 2390 ἐφόδους.
1288 2320 1400 2372 Καὶ
1436 2318 1543 2372 τῶν
1577 2320 1674 2389 μὲν
1716 2320 1991 2390 ἀρχόντων
2020 2316 2128 2371 τῶν

460 2412 657 2478 ἔξωθεν
688 2412 873 2465 πολλοὶ
890 2411 990 2481 οὐχ
1021 2409 1185 2481 ἡνίκα
1212 2407 1278 2461 ἂν
1307 2407 1566 2478 ἄρχωσιν,
1599 2405 1734 2460 ἀλλά
1760 2405 1853 2459 καὶ
1881 2406 2042 2476 ήνίκα
2062 2405 2129 2458 ἂν

462 2501 814 2572 παραλυθῶσι
850 2499 951 2568 τῆς
978 2497 1175 2568 ἀρχῆς,
1206 2494 1592 2565 περιφέρουσιν
1642 2493 1812 2564 αὐτῆς
1842 2492 1902 2545 τὸ
1934 2491 2125 2562 ὄνομα.

543 2590 601 2641 'U
633 2588 782 2641 δεῖνα
827 2586 886 2652 ἐξ
915 2584 1136 2638 ὑπάτων
1188 2582 1458 2650 λέγοντες,
1488 2582 1517 2634 6
1553 2580 1700 2634 δεῖνα
1738 2578 1800 2645 ἐξ
1843 2580 2124 2652 ὑπάρχων·

461 2668 616 2738 οὗτος
646 2674 704 2727 δέ
728 2673 851 2726 ἀντὶ
888 2673 1106 2727 πάντων
1143 2670 1370 2734 τούτων,
1408 2669 1651 2733 Παῦλος
1677 2666 1944 2736 δέσμιος,
1971 2666 2123 2739 φησί·

462 2765 558 2817 καὶ
591 2761 737 2833 μάλα
768 2758 1014 2822 εἰκότως.
1061 2759 1298 2812 Ἐκεῖναι
1336 2756 1433 2826 μὲν
1461 2754 1570 2824 γὰρ
1605 2754 1662 2807 αἰ
1694 2754 1860 2824 ἀρχαὶ
1893 2753 1955 2806 οὐ
1994 2754 2129 2807 πάν-

460 2868 569 2914 τως
600 2848 707 2901 εἰσὶ
736 2849 835 2918 τῆς
866 2845 1007 2900 κατὰ
1038 2844 1213 2915 ψυχὴν
1253 2842 1452 2914 ἀρετῆς
1485 2840 1803 2904 ἀποδείξεις·
1830 2838 2129 2911 χρημάτων

460 2937 567 3008 γάρ
593 2938 730 2990 εἰσιν
755 2934 981 3006 ὠνηταὶ,
1014 2933 1110 2987 καὶ
1137 2931 1306 3001 φίλων
1327 2927 1614 2991 κολακείας
1636 2927 1866 2981 δέονται·
1900 2926 2039 2998 αὕτη
2072 2926 2130 2981 δὲ

460 3027 494 3096 ὴ
533 3024 729 3096 ἀρχὴή
756 3022 866 3076 ἀπὸ
894 3021 1004 3075 τῶν
1042 3018 1256 3091 δεσμῶν
1298 3017 1400 3086 τῆς
1428 3015 1571 3070 κατὰ
1597 3014 1775 3086 ψυχὴν
1813 3014 2130 3085 φιλοσοφίας

460 3112 606 3165 ἐστὶν
626 3110 883 3180 ἔνδειγμα
896 3120 947 3173 ι,
965 3108 1059 3162 καὶ
1073 3106 1168 3160 τοῦ
1203 3106 1332 3178 περὶ
1351 3103 1443 3159 τὸν
1464 3103 1698 3174 Χριστὸν
1723 3101 1889 3156 πόθου
1916 3103 2127 3173 τεκμή-

462 3216 577 3268 ριον
619 3196 898 3268 μέγιστον·
941 3196 1197 3249 κάκεῖναι
1250 3193 1346 3264 μὲν
1379 3191 1704 3262 ἀποπηδῶσι
1726 3190 1954 3262 ταχέως,
1988 3188 2128 3260 αῦτη

457 3286 515 3339 δέ
549 3286 646 3339 οὐκ
668 3284 778 3356 ἔχει
802 3284 892 3339 τὸν
922 3282 1293 3354 διαδεξόμενον
1319 3280 1536 3353 ἡάρχή.
1578 3278 1709 3332 Ἰδοὺ
1733 3277 1863 3347 γοῦν
1892 3277 1952 3344 ἐξ
1984 3277 2131 3331 ἐκεί·

459 3390 552 3425 νου
588 3372 750 3444 μέχρι
773 3373 866 3426 νῦν
901 3372 1067 3434 πόσος
1111 3369 1392 3439 διαγέγονε
1435 3367 1646 3439 χρόνος,
1685 3366 1780 3420 καὶ
1814 3364 2127 3437 λαμπρότε-

464 3476 556 3530 ρον
582 3459 641 3512 τὸ
668 3459 836 3529 ὄνομα
857 3457 951 3512 τοῦ
979 3457 1199 3528 δεσμίου
1235 3456 1425 3526 γέγονε
1442 3452 1653 3508 τούτου·
1679 3452 1775 3507 καὶ
1802 3451 1996 3506 ὕπατοι
2029 3450 2129 3523 μέν

457 3544 719 3612 ἅπαντες,
750 3547 863 3599 ὅσοι
891 3546 1175 3615 γεγόνασιν
1206 3544 1264 3597 ἐν
1295 3544 1409 3606 τοῖς
1437 3539 1747 3613 ἔμπροσθεν
1769 3539 2001 3612 χρόνοις,
2036 3557 2127 3593 σε-

462 3632 830 3703 σίγηνταικαὶ
875 3633 997 3686 οὐδὲ
1047 3634 1113 3685 ἐκ
1162 3630 1533 3701 προσηγορίας
1568 3629 1675 3681 είσὶ
1705 3627 1970 3699 γνώριμοι
2018 3630 2132 3691 τοῖς

462 3718 700 3783 πολλοῖς·
724 3720 785 3772 τὸ
813 3719 871 3773 δέ
896 3716 991 3772 τοῦ
1016 3717 1238 3788 δεσμίου
1267 3716 1460 3770 τούτου
1501 3715 1675 3786 ὄνομα
1713 3713 1809 3768 τοῦ
1858 3715 2129 3786 μακαρίου

460 3808 677 3863 Παύλου
698 3807 834 3859 πολὺ
868 3806 969 3877 μὲν
1001 3804 1256 3867 ἐνταῦθα,
1289 3803 1425 3857 πολὺ
1445 3802 1504 3855 δὲ
1530 3804 1587 3855 ἐν
1614 3805 1682 3873 τῇ
1712 3801 2002 3875 βαρϐάρων
2023 3802 2132 3873 χώ-

463 3915 553 3977 ρᾳ.
589 3895 720 3949 πολὺ
759 3894 817 3948 δέ
867 3892 1019 3964 παρὰ
1052 3890 1287 3955 Σκύθαις
1325 3891 1421 3945 καὶ
1458 3889 1661 3954 Ἰνδοῖς,
1693 3888 1798 3943 κᾶν
1831 3889 1967 3960 πρὸς
1992 3889 2131 3943 αὐτὰ

460 3988 561 4056 τῆς
605 3982 926 4053 οἰκουμένης
975 3980 1136 4052 ἐλθέλς
1173 3979 1243 4033 τὰ
1271 3978 1506 4052 πέρατα»
1536 3977 1742 4049 ταύτης
1783 3977 1994 4050 ἀκούσῃ
2034 3978 2132 4049 τῆς

461 4069 850 4144 προσηγορίας,
876 4070 970 4123 καὶ
988 4070 1231 4138 ὅπουπερ
1247 4067 1311 4120 ἄν
1331 4084 1414 4130 τις
1441 4065 1727 4136 ἀφίκηται,
1760 4063 1974 4119 Παῦλον
1996 4081 2134 4118 παν-

460 4158 625 4228 ταχοῦ
660 4160 717 4209 ἐν
761 4159 872 4219 τοῖς
904 4156 1156 4210 ἁπάντων
1183 4153 1414 4224 στόμασι
1444 4152 1873 4223 περιφερόμενον
1902 4151 2128 4207 εῖσεται.

462 4247 573 4298 Καὶ
611 4246 662 4297 τί
691 4243 1024 4315 θαυμαστὸν,
1059 4244 1108 4295 εί
1129 4243 1186 4295 ἐν
1202 4244 1272 4312 γῇ
1288 4240 1381 4294 καὶ
1416 4240 1826 4312 θαλάττῃ,δπου
1850 4257 1913 4304 γε
1940 4241 2034 4293 καὶ
2073 4242 2131 4294 ἐν

460 4334 572 4394 τοῖς
607 4332 850 4402 οὐρανοῖς
877 4329 1010 4383 πολὺ
1036 4329 1095 4382 τὸ
1116 4329 1284 4400 ὄνομα
1316 4327 1529 4381 Παύλου
1550 4326 1699 4399 παρά
1727 4330 1838 4391 τοῖς
1859 4327 2127 4396 ἀγγέλοις,

465 4439 540 4473 πα
547 4420 615 4491 ρὰ
635 4424 746 4481 τοῖς
764 4418 1124 4490 ἀρχαγγέλοις
1157 4418 1249 4471 καὶ
1264 4420 1385 4481 ταῖς
1401 4416 1512 4470 ἄνω
1527 4416 1786 4485 δυνάμεσι
1802 4417 1897 4469 καὶ
1911 4416 1989 4487 τῷ
2004 4415 2129 4469 τού-

463 4525 569 4562 των
589 4507 798 4579 βασιλεῖ
823 4505 943 4575 Θεῷ
959 4523 973 4572 ;
990 4506 1102 4558 Καὶ
1120 4504 1339 4558 ποταπά
1351 4500 1418 4574 ἦν
1452 4505 1652 4569 ἐκεῖνα,
1672 4504 1825 4573 φησὶ,
1842 4503 1912 4555 τά
1929 4504 2126 4574 δεσμὰ,

462 4598 545 4649 ὅτι
562 4594 830 4666 τοσαύτην
847 4594 1042 4664 ἤνεγκε
1059 4590 1265 4662 τῷ,δεδε
1272 4591 1417 4662 μένῳ
1429 4591 1528 4662 τὴν
1544 4590 1701 4657 δόξαν
1717 4606 1732 4656 ;
1747 4591 1847 4643 οὐκ
1859 4590 1966 4644 ἀπὺ
1984 4591 2125 4663 σιδή-

465 4700 561 4755 ρου
618 4679 1054 4744 κατεσκεύαστο;
1119 4677 1253 4731 Ἀπὸ
1288 4678 1507 4749 σιδήρου
1561 4679 1660 4750 μὲν
1700 4678 2125 4745 κατεσκεύαστο,

461 4769 603 4827 ἀλλά
636 4769 836 4839 πολλὴν
866 4766 1011 4839 εἶχεν
1041 4766 1381 4821 ἐπανθοῦσαν
1418 4766 1514 4821 τοῦ
1558 4766 1876 4838 Πνεύματος
1899 4766 1999 4837 τὴν
2029 4767 2129 4837 χά-

460 4873 573 4933 ριν,
607 4856 792 4929 ἐπειδὴ
818 4856 905 4910 διὰ
923 4857 1014 4910 τὸν
1038 4855 1272 4926 Χριστὸν
1296 4855 1433 4909 αὺτά
1452 4853 1780 4925 περιέκειτο.
1800 4854 1865 4907 Ὢ
1891 4853 1985 4908 τοῦ
2002 4852 2133 4906 θαύ-

468 4945 670 5017 ματοςί
701 4946 751 4998 οἱ
782 4943 957 4998 δοῦλοι
987 4942 1270 5016 ἐδέθησαν,
1300 4944 1329 4996 6
1352 4942 1628 5013 Δεσπότης
1656 4938 1999 5013 ἐσταυρώθη,
2034 4940 2131 4993 καὶ

464 5033 527 5090 τὸ
548 5035 809 5105 κήρυγμα
841 5033 962 5087 καθ’
998 5032 1237 5104 ἑκάστην
1274 5031 1497 5103 αὔξεται
1522 5032 1620 5103 τὴν
1645 5031 1880 5104 ἡμέραν,
1910 5032 2005 5085 καὶ
2041 5030 2131 5085 διὰ

467 5121 834 5193 πραγμάτων,
874 5120 943 5174 δι’
984 5113 1059 5174 ὧν
1105 5119 1384 5191 ἐνομίζετο
1429 5118 1753 5185 κωλύεσθαι,
1789 5118 1876 5171 διὰ
1921 5119 2129 5172 τούτων

465 5208 705 5278 ἀνήφθη·
730 5208 822 5261 καὶ
840 5208 1091 5279 σταυρὸς,
1122 5209 1218 5261 καὶ
1244 5206 1437 5278 δεσμὰ,
1458 5206 1602 5277 άπερ
1616 5206 1791 5259 ἐδόκει
1809 5205 2083 5276 βδέλυγμα
2100 5204 2129 5245 δ

466 5293 627 5361 εἶναι,
653 5294 826 5350 ταῦτα
852 5293 948 5349 νῦν
975 5294 1249 5366 σωτηρίας
1281 5294 1523 5365 σύμϐολα
1554 5293 1767 5362 γέγονε,
1801 5294 1897 5346 καὶ
1930 5293 2131 5357 παντὸς

464 5381 687 5458 χρυσίου
716 5381 777 5436 τὸ
806 5381 1044 5454 σιδήριον
1081 5383 1257 5435 ἐκεῖνο
1275 5382 1405 5452 ἡμῖν
1431 5379 1753 5451 τιμιώτερον
1775 5375 1865 5450 ἦν,
1893 5379 1953 5433 οὐ
1979 5379 2132 5451 παρὰ

470 5471 571 5539 τὴν
598 5469 804 5524 οἰκείαν
829 5468 1011 5539 φύσιν,
1044 5468 1181 5523 ἀλλά
1233 5468 1385 5539 παρὰ
1413 5468 1513 5539 τὴν
1562 5466 1742 5522 αἰτίαν
1786 5467 1990 5537 ταύτην
2036 5468 2130 5521 καὶ

466 5555 565 5626 τὴν
611 5558 864 5612 ὑπόθεσιν
896 5569 943 5612 ε.
1002 5557 1142 5612 Ἀλλ’
1174 5557 1287 5631 δρῶ
1330 5574 1385 5610 τι
1424 5558 1519 5611 καὶ
1555 5557 1773 5630 ζήτημα
1811 5556 2127 5630 τικτόμενον

532 5764 563 5866 ἓ
584 5764 687 5877 iiliiii
1039 5776 1123 5825 alii
1143 5774 1268 5825 ἐστὶν
1290 5774 1520 5838 ἕνδειγμκ.

1235 284 1294 341 S.
1321 284 2132 346 JO.\NNIS'CHRYSOSTOMI
2168 290 2486 348 ARCHIEP.
2516 290 3064 350 CONSTANTINOP.
3838 293 3877 350 ll

2232 408 2362 476 ἡμῖν
2390 407 2657 462 ἐντεῦθεν·
2694 409 2796 462 κᾶν
2840 407 3147 479 προσέχητε
3190 401 3331 477 μετά
3358 404 3695 476 ἀκριϐείας,
3754 403 3878 459 mh

2232 493 2564 564 ζητούμενον
2591 494 2723 563 ἐρῶ,
2751 496 2846 548 καὶ
2878 494 2977 565 τὴν
3018 493 3172 546 λύσιν
3212 491 3527 564 προσθήσω.
3572 492 3651 545 Τί
3842 488 3878 547 d

2231 581 2344 633 ἐστι
2372 581 2434 633 τὸ
2457 579 2819 651 ζητούμενον;
2856 580 3125 634 Εἰσελθὼν
3154 574 3308 644 οὗτος
3326 580 3357 631 6
3382 578 3611 643 Παῦλός
3631 596 3776 631 ποτε
3798 579 3880 649 πρί

2230 667 2319 720 τὸν
2336 668 2565 737 Φῆστον,
2606 669 2700 721 καὶ
2727 667 3111 738 διαλεγόμενος
3132 666 3303 737 αὐτῷ,
3341 666 3439 720 καὶ
3466 665 3880 735 ἀπολογούμενι

2231 754 2488 825 περὶτῶν
2514 754 2877 824 ἐγκλημάτων
2926 749 3002 808 ῶν
3056 754 3340 823 ἐπήγαγον
3384 752 3434 806 οἰ
3493 752 3795 813 Ἰουδαῖοι,
3837 769 3882 807 ιι

2229 842 2403 910 λέγων
2437 842 2551 906 πῶς
2589 839 2697 896 εἶδε
2728 842 2819 896 τὸν
2853 842 3080 913 Ἰησοῦν,
3112 842 3232 905 πῶς
3257 842 3460 913 ἢκουσε
3488 840 3602 909 τῆς
3644 840 3882 909 μακαρία

2232 929 2444 999 ἐκείνης
2464 931 2665 1001 φωνῆς,
2698 931 2813 993 πῶς
2839 930 2927 983 διὰ
2954 929 3259 1001 πηρώσεως
3284 928 3573 998 ἀνέϐλεψε,
3608 926 3743 990 πῶς
3768 926 3884 980 ἕπει

2231 1016 2323 1068 καὶ
2348 1017 2569 1087 ἀνέστη,
2595 1017 2712 1081 πῶς
2728 1017 2974 1089 εἰσῆλθεν
2997 1017 3347 1088 αἰχμάλωτος
3369 1018 3450 1080 εἰς
3477 1013 3803 1086 Δαμασκὸν
3825 1030 3884 1082 χιι

2233 1103 2317 1174 ρὶς
2349 1103 2561 1173 δεσμῶν
2599 1105 2902 1175 δεδεμένος,
2956 1104 3050 1158 καὶ
3092 1104 3224 1175 περὶ
3267 1101 3569 1173 προφητῶν
3609 1100 3721 1155 καὶ
3765 1100 3883 1170 νόμω

2229 1190 2550 1261 διαλεχθεὶς,
2567 1192 2661 1246 καὶ
2688 1192 2864 1256 δείξας
2886 1193 2968 1245 ὅτι
2993 1194 3236 1246 κάκεῖνοι
3257 1195 3520 1261 προεῖπον
3545 1188 3747 1242 ταῦτα
3769 1189 3886 1241 ἆπαι

2230 1295 2314 1337 τα,
2342 1272 2451 1330 εἷλε
2481 1279 2571 1333 τὸν
2603 1278 2913 1343 δικάζοντα,
2946 1279 3042 1333 καὶ
3092 1278 3275 1349 σχεδὸν
3306 1278 3491 1330 ἔπεισε
3532 1276 3690 1348 πρὸς
3740 1273 3886 1328 ἐαυτὺ

2233 1367 2587 1437 μεταστῆναι.

2298 1451 2359 1505 δ’.
2387 1455 2641 1509 Τοιαῦται
2665 1454 2775 1527 γὰρ
2791 1455 2900 1509 τῶν
2918 1454 3087 1525 ἁγίων
3103 1454 3160 1508 αἰ
3185 1453 3376 1525 ψυχαί·
3406 1452 3640 1506 ἐπειδὰν
3669 1450 3888 1521 είςμϐε

2229 1540 2505 1605 κινδύνους
2530 1541 2556 1580 ιι
2589 1543 2926 1612 ἐμπέσωσιν,
2957 1542 3057 1613 οὐχ
3085 1543 3235 1604 ὅπως
3257 1539 3627 1607 ἀπαλλαγῶσι
3661 1538 3785 1591 τῶν
3817 1556 3890 1590 am

2227 1627 2398 1682 δύνων
2438 1627 2752 1693 σκοποῦσιν,
2796 1628 2911 1682 ἀλλ’
2949 1629 3099 1691 ὅπως
3134 1628 3262 1691 τοὺς
3311 1626 3669 1697 ἐμϐαλόντας
3730 1624 3890 1695 θηρεύ

2232 1731 2401 1776 σαιεν,
2426 1715 2640 1769 ᾶπαντα
2663 1716 2981 1786 πράττουσι·
3006 1714 3257 1787 καθάπερ
3289 1709 3383 1768 οὖν
3413 1713 3511 1767 καὶ
3523 1714 3659 1767 τότε
3680 1711 3890 1780 ἐγένετο

2230 1800 2474 1870 εἰσῆλθεν
2504 1802 2993 1874 ἀπολογησόμενος,
3006 1802 3099 1856 καί
3123 1803 3215 1855 τὸν
3229 1800 3491 1873 δικαστὴν
3514 1798 3720 1855 λαϐὼν
3735 1800 3892 1869 ἀπῄει

2229 1889 2340 1942 Καὶ⁸
2365 1888 2536 1942 ταῦτα
2584 1890 2747 1953 αὐτὸς
2802 1890 2830 1942 6
2885 1889 3146 1960 δικαστὴς
3182 1887 3539 1960 ἐμαρτύρησε
3565 1886 3787 1956 λέγων·
3827 1889 3892 1945 ἐι

2231 1976 2410 2044 ὀλίγῳ
2431 1992 2507 2044 με
2534 1977 2755 2041 πείθεις
2779 1975 3138 2044 Χριστιανὸν
3165 1975 3464 2044 γενέσθαι.
3486 1973 3679 2027 Τοῦτο
3709 1975 3811 2026 καὶ
3833 1976 3893 2043 σή

2233 2079 2396 2133 μερον
2416 2061 2667 2131 γενέσθαι
2693 2063 2881 2133 ἐχρῆν,
2901 2063 2998 2115 καὶ
3018 2061 3109 2114 τὸν
3136 2061 3374 2133 ἄρχοντα
3400 2059 3596 2114 τοῦτον
3633 2060 3894 2129 θαυμάσσ

2230 2150 2383 2221 ὑμῶν
2408 2151 2507 2220 τὴν
2537 2150 2941 2220 μεγαλοψυχίαν
2972 2160 3019 2214 ο,
3042 2149 3144 2219 τὴν
3162 2146 3504 2217 φιλοσοφίαν,
3534 2147 3646 2218 τὴν
3688 2148 3896 2217 ἡσυχία

2230 2236 2467 2299 ἅπασαν,
2523 2237 2617 2290 καὶ
2656 2238 2719 2290 ἐκ
2766 2237 2868 2306 τῆς
2916 2234 3309 2299 καταστάσεως
3362 2234 3517 2305 ὐμῶν
3554 2234 3896 2289 διδασκαλίαι

2228 2324 2461 2377 λαϐόντα
2494 2322 2767 2388 ἀπελθεῖν,
2816 2322 3096 2394 θαυμάσαι
3148 2321 3241 2375 τὸν
3290 2320 3572 2391 σύλλογον,
3624 2323 3896 2375 ἐπαινέαι

2227 2410 2288 2464 τὸ
2317 2411 2608 2481 συνέδριον,
2652 2410 2842 2481 μαθεῖν
2904 2411 2999 2463 καὶ
3033 2410 3129 2464 ἀπ’
3163 2408 3344 2463 αὐτῶν
3375 2408 3483 2462 τῶν
3533 2409 3898 2480 πραγμάτιιη

2228 2497 2351 2551 ὅσον
2382 2496 2444 2549 τὸ
2479 2497 2641 2566 μέσον
2682 2496 2949 2568 ⁹Ελλήνων
2968 2513 3031 2550 τε
3052 2495 3148 2551 καὶ
3168 2493 3535 2570 Χριστιανῶν.
3572 2495 3760 2561 Ἀλλ’,
3791 2498 3906 2566 ὅπερ

2229 2584 2435 2653 ἐλεγον,
2459 2582 2647 2655 ἐπειδὴ
2666 2584 2826 2637 αὐτὸν
2847 2578 2993 2637 εἷλεν
3023 2586 3052 2637 6
3073 2582 3304 2647 Παῦλος,
3324 2583 3578 2646 κάκεῖνος
3605 2577 3804 2646 εἶπεν,
3834 2584 3906 2634 Ἑν·

2230 2671 2412 2739 ὀλίγῳ
2436 2688 2513 2740 με
2541 2671 2766 2736 πείθεις
2791 2671 3153 2738 Χριστιανὸν
3177 2668 3478 2739 γενέσθαι,
3508 2668 3872 2741 ἀπεκρίνατο
3890 2670 3908 2723 ιι

2230 2758 2441 2822 Παῦλος
2465 2758 2655 2823 οὕτως·
2686 2758 2997 2827 Εὐξαίμην
3024 2755 3102 2811 ἂν
3122 2755 3324 2826 ἔγωγε,
3364 2754 3465 2808 καί
3492 2754 3564 2809 ἐν
3592 2756 3804 2824 ὀλίγῳ
3828 2754 3908 2809 ad!

2229 2844 2298 2900 ἐν
2306 2843 2534 2910 πολλῷ,
2548 2846 2620 2898 οὺ
2624 2845 2817 2913 μόνον
2842 2843 2936 2909 σὲ,
2956 2841 3117 2898 ἀλλὰ
3131 2840 3230 2896 καί
3243 2841 3473 2908 πάντας
3486 2841 3639 2907 τοὺς
3654 2843 3907 2896 ἀκούω-ι

2230 2930 2337 2998 τὰς
2375 2949 2495 3002 μου
2555 2931 2834 3001 γενέσθαι
2867 2930 3263 2997 Χριστιανοὺς
3298 2928 3446 2983 ἄνευ
3477 2928 3606 2982 τῶν
3672 2927 3910 2999 δεσμῶν·

2229 3019 2476 3073 τούτων.
2501 3018 2566 3071 Τί
2593 3017 2793 3087 λέγεις,
2822 3010 2867 3070 ὦ
2889 3015 3101 3083 Παῦλε;
3137 3016 3307 3069 Ὅταν
3332 3015 3431 3086 μὲν
3466 3015 3761 3086 Ἐφεσίοις
3786 3015 3910 3088 γράν

2231 3123 2359 3177 φης,
2389 3105 2586 3176 λέγεις·
2636 3101 2970 3173 Παρακαλῶ
2997 3097 3113 3158 οὖν
3148 3100 3306 3171 ὑμᾶς
3331 3101 3447 3171 ἐγὼ
3468 3104 3501 3157 ό
3535 3101 3811 3171 δέσμιος
3856 3103 3908 3156 ὲν

2229 3193 2443 3260 Κυρίῳ,
2480 3192 2663 3257 ἀξίως
2689 3188 3089 3259 περιπατῆσαι
3143 3187 3255 3257 τῆς
3297 3187 3573 3256 κλήσεως
3621 3184 3712 3259 ἧς
3738 3188 3908 3253 ἐκλή-

2230 3284 2392 3348 θητε·
2438 3279 2535 3333 καὶ
2559 3281 2688 3333 ὅταν
2731 3279 2866 3350 πρὸς
2915 3276 3182 3349 Τιμόθεον
3234 3275 3478 3348 διαλέγῃ·
3529 3276 3631 3330 Ἐν
3662 3270 3718 3342 ᾦ
3744 3293 3912 3331 κακο-

2232 3364 2399 3421 παθῶ
2418 3364 2601 3436 μέχρι
2628 3365 2892 3436 δεσμῶν,
2942 3365 3025 3432 ὡς
3061 3363 3412 3434 κακοῦργος·
3446 3362 3543 3416 καὶ
3585 3364 3735 3418 ὅταν
3784 3363 3912 3435 πρὸς

2229 3452 2503 3525 Φιλήμονα
2532 3452 2713 3508 πάλιν·
2736 3451 2979 3518 Παῦλος
3008 3450 3251 3521 δέσμιος
3291 3450 3485 3519 Ἰησοῦ
3503 3448 3807 3518 Χριστοῦ·
3831 3449 3912 3503 καὶ

2231 3539 2361 3594 ὅταν
2411 3539 2684 3604 Ἰουδαίοις
2718 3537 3032 3610 συνδικάζῃ,
3063 3537 3484 3607 λέγεις·Ἕνεκα
3510 3534 3627 3603 τῆς
3657 3535 3912 3603 ἐλπίδος

2231 3626 2339 3681 τοῦ
2372 3626 2621 3696 Ἰσραὴλ
2657 3626 2773 3696 τὴν
2805 3626 3031 3682 ἅλυσιν
3056 3625 3282 3695 ταύτην
3307 3624 3664 3693 περίκειμαι·
3702 3625 3810 3678 καὶ
3825 3625 3912 3676 Φι-

2230 3714 2546 3785 λιππησίοις
2577 3714 2805 3787 γράφων
2829 3713 3034 3783 ἔλεγες·
3066 3714 3249 3768 Ὥστε
3272 3711 3416 3778 τοὺς
3444 3711 3747 3777 πλείονας
3805 3710 3912 3765 τῶν

2234 3801 2533 3871 ἀδελφῶν,
2561 3802 2920 3867 πεποιθότας
2949 3799 3075 3865 τοῖς
3101 3795 3347 3869 δεσμοῖς
3377 3814 3521 3865 μου,
3552 3797 3912 3863 περισσοτέ-

2224 3904 2348 3957 ρως
2374 3886 2847 3958 τολμᾷνιψόϐως
2871 3885 2978 3941 τὸν
2991 3886 3180 3955 λόγον
3214 3882 3449 3937 λαλεῖν·
3484 3883 3773 3953 πανταχοῦ
3823 3885 3912 3954 τὴν

2235 3975 2426 4029 ἆλυσιν
2477 3974 2819 4048 περιφέρεις,
2853 3970 3130 4042 πανταχοῦ
3168 3969 3238 4024 τὰ
3268 3969 3443 4041 δεσμὰ
3474 3969 3797 4044 προϐάλλῃ,
3827 3970 3912 4025 καὶ

2233 4063 2508 4132 καυχᾶσαι
2555 4061 2649 4114 ἐπὶ
2680 4058 2759 4131 τῷ
2796 4059 3103 4130 πράγματι·
3152 4057 3233 4119 εἰς
3262 4056 3609 4127 δικαστήριον
3639 4054 3708 4109 δέ
3741 4055 3912 4110 ἐλθὼν

2237 4149 2554 4220 προέδωκας
2590 4147 2687 4217 τὴν
2723 4143 3059 4217 φιλοσοφίαν,
3099 4143 3187 4197 ὅτε
3235 4141 3472 4214 μάλιστα
3515 4143 3912 4215 παρρησιάσα-

2236 4236 2358 4288 σθαι
2387 4235 2515 4301 ἐδει,
2534 4234 2627 4289 καὶ
2650 4234 2728 4305 τῷ
2757 4233 2983 4304 δικαστῇ
3014 4230 3211 4299 λέγεις·
3251 4229 3568 4298 Εὐξαίμην
3609 4229 3694 4283 ἄν
3722 4246 3808 4284 σε
3830 4248 3912 4300 τε·

2232 4321 2445 4377 νέσθαι
2494 4321 2856 4388 Χριστιανὸν
2902 4319 3049 4373 ἄνευ
3075 4317 3196 4371 τῶν
3230 4316 3471 4386 δεσμῶν
3498 4317 3769 4381 τούτων;
3807 4318 3912 4372 Καὶ

2237 4410 2343 4481 μὴν
2382 4411 2429 4462 εἰ
2474 4408 2617 4463 καλὰ
2653 4407 2722 4461 τὰ
2746 4406 2939 4477 δεσμὰ,
2974 4407 3068 4459 κα)⁵
3095 4404 3237 4458 οὕτω
3274 4403 3436 4469 καλά,
3466 4404 3609 4457 ὥστε
3638 4405 3912 4477 παρέχειν

2234 4499 2328 4551 καὶ
2373 4496 2579 4567 ἑτέροις
2620 4495 2844 4568 θαρρεῖν
2884 4496 2962 4557 εἰς
2997 4494 3089 4547 τὸν
3118 4493 3259 4563 ὑπὲρ
3291 4491 3392 4563 τῆς
3419 4490 3709 4556 εὐσεϐείας
3752 4492 3912 4562 λόγον

2235 4584 2323 4653 (σὺ
2354 4582 2464 4655 γὰρ
2492 4582 2626 4635 αὐτὸ
2660 4582 2819 4635 τοῦτο
2864 4580 3034 4652 ἔφθης
3081 4578 3273 4645 εἰπὼν,
3316 4579 3400 4632 ὅτι
3437 4579 3486 4631 οἰ
3519 4578 3770 4644 πλείονες
3804 4582 3912 4634 τῶν

2231 4670 2477 4740 ἀδελφῶν
2510 4668 2831 4728 πεποιθότες
2862 4670 2977 4731 τοῖς
2997 4667 3218 4738 δεσμοῖς
3247 4682 3348 4737 μου
3377 4664 3468 4719 τὸν
3494 4664 3653 4735 λόγον
3682 4667 3912 4721 ἐλάλουν

2231 4756 2493 4827 ἀφόϐως),
2522 4756 2667 4820 τίνος
2681 4755 2866 4809 ἕνεκεν
2888 4754 2981 4808 ἐπὶ
2997 4752 3093 4807 τοῦ
3119 4751 3370 4807 δικαστοῦ
3398 4753 3501 4806 οὐκ
3517 4753 3912 4827 ἐγκαλλωπίζῃ

2231 4846 2309 4917 τῷ
2343 4845 2650 4918 πράγματι,
2681 4843 2818 4898 ἀλλά
2846 4843 2941 4896 καὶ
2960 4842 3275 4896 τούναντίον
3307 4842 3513 4907 ποιεῖς;
3552 4836 3707 4913 τΔρα
3729 4842 3797 4896 οὐ
3829 4843 3910 4895 δο-

2231 4937 2320 4986 κεῖ
2344 4932 2563 5005 ζήτημα
2596 4930 2815 4987 εἶναιτὸ
2850 4930 3171 5001 λεγόμενον;
3220 4928 3379 4982 Ἀλλά
3408 4926 3675 4999 ταχίστην
3715 4929 3912 4999 ἐπάγω

2232 5018 2328 5090 τὴν
2362 5018 2537 5073 λύσιν.
2580 5018 2653 5071 06
2690 5017 2801 5089 γὰρ
2838 5016 2900 5082 ἐξ
2947 5016 3189 5086 ἀγωνίας
3231 5015 3354 5069 οὐδὲ
3389 5014 3593 5078 δειλίας
3624 5016 3654 5067 6
3692 5017 3912 5088 Παῦλιῃ

2231 5105 2386 5159 τοῦτο
2413 5104 2687 5177 ἐποίησεν,
2712 5104 2826 5157 ἀλλ’
2854 5104 2962 5157 ἀπὸ
2986 5102 3176 5172 σοφίας
3212 5101 3411 5174 πολλῆς
3441 5101 3462 5141 ί
3499 5101 3599 5156 καὶ
3630 5104 3912 5170 συνέσεως

2232 5192 2625 5263 πνευματικῆς·
2653 5191 2747 5244 καὶ
2779 5190 2918 5254 πῶς,
2950 5189 3060 5259 ἐγὼ
3093 5190 3261 5256 λέγω.
3284 5188 3430 5257 Πρὸς
3460 5188 3705 5258 Ἕλληνα
3730 5190 3912 5244 διελέ-

2230 5297 2357 5350 γετο
2372 5280 2466 5334 καὶ
2493 5280 2744 5345 ἄπιστον,
2767 5277 2864 5331 καὶ
2890 5278 2990 5330 οὐκ
3015 5275 3194 5329 εἰδότα
3220 5273 3290 5327 τὰ
3308 5273 3576 5345 ἡμέτερα.
3612 5277 3732 5330 Οὐκ
3756 5277 3912 5332 ἐϐού-

2229 5366 2351 5417 λετο
2389 5361 2567 5416 τοίνυν
2610 5359 2775 5414 αὐτὸν
2821 5359 2930 5413 ἀπὸ
2979 5356 3084 5413 τῶν
3132 5355 3406 5429 φορτικῶν
3441 5356 3761 5426 ἐναγαγείν,
3792 5360 3912 5414 ἀλλ’

2294 5525 2319 5554 ο
2341 5521 2569 5583 Quadam
2610 5520 3161 5583 supplevimuspmlssa
3223 5516 3353 5581 apud
3397 5514 3594 5580 Meum,
3640 5522 3733 5582 qui
3758 5521 3912 5574 habet

2232 5581 2418 5638 unm‘m
2583 5581 2925 5646 τήνῦπόθισιν.
2953 5581 3089 5631 Enn.

2291 5646 2319 5685 ἀ
2340 5646 2436 5696 Alii
2460 5643 2517 5693 et
2535 5644 2647 5692 Sav.
2674 5645 2738 5699 εἰς
2758 5643 2985 5691 κίνδυνον.

2295 5712 2320 5739 ⁸
2346 5706 2460 5764 Alii,
2489 5707 2619 5754 inter
2641 5717 2764 5766 quos
2787 5704 2958 5761 Savil.,
2981 5704 3061 5751 καὶ
3084 5701 3165 5749 τὸν
3187 5700 3392 5765 ἄρχοντα
3415 5701 3604 5753 τούτων
3638 5706 3912 5759 εἰσελθόντα

2295 5769 2351 5823 ιὸς
2370 5769 2491 5823 ὑμᾶς
2512 5768 2779 5823 αἰδεσθῆναι
2800 5766 2884 5821 τήν
2915 5764 3277 5823 μεγαλοψυχίαν.

2237 5769 2351 5833 πρὸς
2370 5769 2491 5838 ὑμᾶς
2512 5768 2779 5840 αἰδεσθῆναι
2800 5768 2884 5821 τήν
2915 5768 3277 5874 μεγαλοῒνχίαν.
3431 5827 3442 5836 .
3606 5827 3629 5839 ~

2305 5829 2322 5868 ι’
2332 5830 2534 5889 ρυιύαω
2549 5828 2822 5891 φιλοσοφιας
2839 5825 3092 5885 naM-adn
3113 5838 3163 5874 ra
3173 5825 3579 5888 qmdamahidm.’
3601 5844 3727 5892 οπερ
3746 5835 3912 5897 ξλεγε-ι,
