3920 6224
62 354 190 410 ,ες
981 353 1073 407 AD
1109 351 1425 408 POPULUM
1466 346 1948 407 ANTIOCHENUM
2009 355 2238 413 uomL.
2279 359 2416 415 xw.
3263 372 3357 426 ire

34 470 235 520 dum.
285 465 395 521 Cur
438 463 686 519 tandem?
729 463 990 531 Quoniam
1051 464 1141 518 illa
1189 463 1402 534 quidem
1463 463 1670 517 Domini

48 556 436 625 benignitatis
473 565 595 610 sunt
630 556 852 625 gratuita
878 554 1039 619 dona,
1073 556 1185 609 haec
1207 569 1336 609 vero
1369 556 1507 609 servi
1540 555 1673 609 tole-

52 647 280 700 rantia:
329 654 488 715 atque
543 644 808 714 patientia:
851 643 1077 709 iudicia;
1121 644 1452 697 consuetudo
1499 653 1673 697 autem

48 737 396 791 amantibus
422 743 524 800 est,
570 734 673 789 illis
713 735 879 805 magis
901 735 1036 790 allici
1065 750 1185 803 quas
1224 748 1321 803 pro
1356 736 1548 788 amatis
1579 749 1674 803 pa-

1778 460 1906 516 .hiue
1932 464 2084 521 nobis
2111 470 2392 538 quamdam
2422 473 2679 528 orientem
2706 491 2718 527 :
2740 486 2792 530 et
2812 494 2855 532 st
2882 479 3165 550 diligenter
3186 493 3360 538 atten-

1777 552 1916 607 datis
1947 596 1962 620 ,
2012 567 2066 611 et
2104 561 2445 628 qua-stionem
2494 563 2687 632 dicam,
2736 576 2792 623 et
2830 571 3146 629 solutionem
3197 590 3357 644 appr-

1777 655 1921 695 nam.
1973 644 2108 711 Quid
2158 649 2316 718 igitur
2366 653 2574 709 tandem
2617 667 2701 712 est
2746 660 2885 730 quod
2930 666 3223 733 qua-ritur?
3269 669 3367 721 Ιησ-

1778 745 1989 827 gressus
2009 735 2293 805 aliquando
2320 741 2406 796 hic
2440 743 2632 799 Paulus
2676 747 2742 801 ad
2795 749 3030 821 Festum,
3074 765 3129 810 et
3184 759 3353 827 ipsmn

54 826 313 891 tiantur,
363 842 521 898 quam
566 827 650 893 iis,
698 841 817 896 quae
844 825 912 879 ab
954 824 1082 894 ipsis
1124 825 1376 879 beneﬁcia
1416 822 1669 877 referunt.

54 916 202 974 Non
246 920 323 974 ita
357 934 452 974 rex
488 918 784 974 diademate
823 917 1099 988 gloriatur,
1126 926 1185 971 ut
1221 918 1309 971 ille
1331 915 1553 971 vinculis
1574 915 1672 970 de-

55 1008 388 1064 lectabatur
410 1017 498 1064 :ct
518 1009 726 1064 merito.
749 1008 997 1063 Diadema
1021 1022 1211 1077 nempe
1227 1006 1397 1061 solum
1419 1014 1673 1061 coronato

56 1098 249 1167 capiti
286 1107 535 1154 ornatum
577 1098 749 1164 affert,
790 1108 971 1153 catena
1003 1113 1131 1153 vero
1153 1106 1206 1151 et
1229 1104 1474 1151 ornatum
1508 1097 1674 1151 multo

56 1188 371 1258 majorem,
404 1200 459 1245 et
501 1190 740 1244 tutelam.
775 1188 983 1242 Corona
1028 1202 1172 1257 saepe
1221 1186 1362 1257 regia
1408 1194 1568 1255 caput
1614 1201 1673 1241 se

55 1279 477 1335 circumdatum
505 1281 756 1350 prodidit,
789 1281 1094 1334 innumeros
1114 1278 1293 1332 allexit
1314 1276 1669 1343 insidiatores,

58 1377 243 1439 atque
276 1371 331 1425 in
371 1372 668 1442 tyrannidis
708 1369 1188 1438 concupiscentiam
1232 1367 1497 1432 invitavit;
1538 1375 1593 1423 et
1618 1368 1671 1423 in

57 1459 240 1516 bellis
268 1462 358 1516 hic
386 1473 608 1517 ornatus
634 1472 717 1517 est
743 1461 876 1516 adeo
899 1462 1245 1530 periculosus,
1276 1469 1334 1514 ut
1356 1461 1525 1530 ipsum
1572 1460 1670 1514 de-

60 1563 289 1623 ponant
310 1563 365 1609 et
404 1554 748 1609 abscondant.
791 1554 847 1608 In
870 1555 1064 1622 praeliis
1092 1568 1485 1622 nonnumquam
1520 1567 1671 1622 reges

59 1645 332 1700 habitum
377 1655 794 1710 commutantes,
840 1647 910 1700 ita
953 1662 1139 1699 manus
1181 1660 1301 1698 cum
1346 1644 1670 1697 certantibus

59 1746 420 1791 conserunt:
448 1747 591 1791 tanta
634 1753 699 1790 ex
744 1751 938 1790 corona
983 1736 1153 1790 oritur
1193 1734 1437 1803 proditio.
1474 1735 1670 1789 Catena

61 1840 214 1880 vero
257 1826 394 1881 nihil
434 1827 734 1896 hujusmodi
793 1825 1100 1897 gerentibus
1146 1825 1319 1891 ali‘ert,
1371 1824 1465 1878 sed
1512 1840 1671 1879 omne

59 1919 415 1973 contrarium
443 1936 459 1972 τ
486 1934 605 1973 cum
632 1933 805 1989 pugna
829 1917 898 1972 sit
922 1926 975 1972 et
997 1917 1139 1971 acies
1166 1924 1348 1971 contra
1377 1916 1665 1982 daemones,

59 2016 127 2061 et
154 2009 501 2064 adversaries
542 2019 852 2079 potestates,
896 2007 1234 2079 praetendens
1273 2007 1441 2077 ipsam
1480 2007 1569 2078 qui
1607 2022 1671 2063 ea

62 2101 451 2155 circumdatus
493 2111 591 2166 est,
635 2102 849 2157 illorum
890 2101 1097 2170 repellit
1120 2100 1380 2155 incursus.
1408 2100 1475 2154 Et
1499 2099 1671 2169 magi-

62 2199 350 2247 stratuum
375 2195 586 2263 quidem
622 2203 961 2249 externorum
1006 2193 1157 2247 multi
1179 2208 1284 2248 non
1315 2202 1513 2247 tantum
1539 2191 1669 2249 dum

64 2281 375 2352 imperant,
400 2300 578 2339 verum
598 2294 790 2340 etcum
811 2283 1133 2340 excesserint
1152 2284 1479 2354 magistratu,
1503 2284 1671 2354 ipsius

65 2389 283 2429 nomen
310 2375 708 2432 circumferunt.

163 2463 387 2518 Vincula
411 2465 566 2520 Pauli
589 2467 767 2537 ubique
788 2467 1148 2538 prwdicantur.
1170 2495 1242 2505 —
1270 2463 1364 2519 Ille
1390 2464 1666 2531 exconsul,

67 2553 303 2620 dicitur,
353 2557 441 2611 ille
481 2556 856 2626 exprzefectus;
904 2556 993 2611 hic
1019 2569 1147 2611 vero
1174 2569 1271 2625 pro
1299 2548 1377 2610 iis
1401 2554 1668 2618 omnibus,

70 2643 291 2699 Paulus
346 2649 572 2711 uinctus,
617 2647 807 2717 inquit,
854 2654 909 2701 et
948 2645 1232 2701 admodum
1293 2654 1667 2715 congruenter.

70 2735 158 2791 Illi
206 2754 442 2809 namque
479 2740 816 2810 magistratus
842 2753 949 2794 non
982 2739 1189 2807 penitus
1217 2746 1342 2794 sunt
1364 2739 1525 2792 animi
1552 2739 1664 2792 vir-

70 2835 215 2890 tutis
239 2832 723 2889 demonstrationes
746 2845 759 2884 :
790 2829 1027 2901 pecuniis
1053 2829 1195 2883 enim
1217 2838 1340 2883 sunt
1365 2828 1599 2892 venales,
1616 2837 1670 2884 et

71 2927 384 2981 amicorum
401 2923 638 2993 indigent
654 2920 1125 2986 assentationibus;
1147 2919 1235 2976 hic
1263 2930 1437 2976 autem
1457 2937 1523 2976 ex
1546 2922 1668 2975 vin-

73 3018 223 3072 culis
263 3016 605 3085 magistratus
648 3021 729 3067 est
765 3012 928 3066 animi
965 3011 1260 3081 disciplinae
1304 3012 1577 3077 indicium,
1614 3020 1670 3066 et

76 3107 323 3162 ardentis
346 3107 397 3160 in
419 3104 689 3161 Christum
727 3103 973 3159 desiderii
1013 3105 1220 3173 signum
1266 3103 1574 3157 maximum.
1600 3103 1669 3158 Et

76 3199 158 3254 illi
205 3197 422 3269 quidem
474 3196 620 3251 brevi
666 3194 970 3264 refugiunt,
1024 3194 1113 3250 hic
1158 3210 1286 3250 vero
1332 3195 1669 3264 magistratus

78 3289 293 3343 nullum
326 3287 486 3341 habet
509 3300 896 3341 successorem.
938 3285 1130 3354 Aspice
1157 3300 1385 3355 namque
1413 3294 1668 3356 quantum

78 3379 148 3433 ab
176 3378 271 3432 illo
296 3372 437 3431 nunc
463 3391 629 3444 usque
655 3375 905 3444 temporis
928 3383 1027 3438 est,
1070 3384 1122 3429 et
1151 3375 1477 3445 splendidius
1515 3374 1671 3445 hujus

80 3471 253 3525 vincti
302 3483 495 3523 nomen
552 3467 817 3523 redditum
872 3474 954 3520 est
999 3483 1012 3518 :
1062 3481 1125 3521 ac
1169 3467 1414 3521 consules
1453 3467 1667 3535 quidem

79 3577 276 3616 omnes
302 3602 316 3626 ,
349 3560 667 3632 quicumque
707 3557 1069 3628 superioribus
1115 3557 1261 3612 fuere
1307 3557 1665 3626 temporibus,

81 3650 309 3706 silentio
336 3650 511 3703 traditi
541 3658 684 3712 sunt,
716 3659 768 3702 ct
798 3663 897 3702 nec
917 3648 1032 3718 ipso
1050 3647 1260 3718 quidem
1283 3648 1498 3702 nomine
1517 3648 1671 3718 vulgo

81 3754 214 3797 sunt
242 3741 440 3811 cogniti
468 3758 482 3804 ;
523 3741 677 3810 huius
708 3748 883 3794 autem
924 3740 1084 3794 vincti
1118 3739 1257 3794 beati
1292 3739 1437 3794 Pauli
1476 3754 1669 3796 nomen

84 3834 320 3888 multum
351 3832 567 3902 quidem
595 3833 679 3885 hic
699 3873 714 3892 ,
746 3832 968 3886 multum
997 3841 1174 3884 autem
1221 3831 1273 3884 in
1323 3831 1667 3885 barbarorum

85 3924 314 3993 regione
384 3923 606 3977 multum
678 3921 819 3991 apud
883 3921 1110 3992 Scythas
1180 3930 1236 3975 et
1298 3919 1488 3987 Indos,
1528 3921 1669 3977 etsi

84 4017 153 4069 ad
196 4016 346 4084 ipsos
384 4024 649 4070 terrarum
690 4015 835 4069 orbis
869 4014 1125 4069 terminos
1162 4014 1362 4079 venias,
1409 4013 1548 4069 hanc
1584 4030 1669 4069 au-

86 4108 223 4162 dies
246 4106 676 4176 appellationem,
743 4116 797 4160 et
856 4120 1187 4176 quocumque
1241 4106 1499 4174 quispiam
1545 4119 1669 4174 per-

85 4199 339 4263 venerit,
385 4197 604 4252 Paulum
640 4198 835 4267 ubique
860 4198 911 4251 in
941 4197 1178 4251 omnium
1209 4211 1302 4251 ore
1342 4195 1668 4251 circumferri

87 4305 160 4344 no
191 4298 302 4345 cet.
346 4288 414 4342 Et
454 4289 577 4358 quid
618 4291 827 4353 mirum,
853 4289 973 4343 siin
1003 4298 1139 4342 terra
1178 4287 1435 4358 marique,
1475 4289 1669 4357 quippe

86 4394 213 4432 cum
261 4387 313 4432 et
356 4379 407 4431 in
450 4377 598 4432 caelis
626 4379 849 4432 multum
879 4377 1024 4433 Pauli
1050 4392 1246 4432 nomen
1271 4378 1406 4446 apud
1432 4378 1666 4447 angelos,

89 4469 235 4538 apud
262 4466 626 4535 archangelos,
659 4476 711 4523 et
736 4482 993 4538 supernas
1017 4468 1258 4533 virtutes,
1286 4472 1342 4522 et
1369 4471 1554 4522 harum
1581 4484 1669 4522 re-

88 4574 211 4629 gem
240 4559 448 4612 Deum?
491 4559 557 4612 Et
578 4559 767 4629 qualia,
794 4559 979 4628 inquit,
998 4566 1152 4613 erant
1176 4559 1261 4612 illa
1286 4558 1514 4624 vincula,
1533 4573 1670 4628 quo-

89 4651 236 4704 niam
286 4661 488 4704 tantum
528 4651 706 4705 vincto
747 4651 929 4720 glorize
953 4649 1223 4704 tulerunt?
1263 4665 1440 4705 nonne
1464 4664 1496 4705 e
1527 4650 1671 4705 ferro

90 4742 349 4795 fabricata
371 4741 553 4796 erant?
579 4741 619 4796 E
637 4740 781 4795 ferro
801 4741 1013 4811 quidem
1044 4740 1317 4806 fabricata,
1336 4739 1430 4795 sed
1451 4739 1668 4794 multam

88 4827 365 4887 habebant
409 4832 633 4901 Spiritus
665 4835 886 4903 gratiam
931 4833 1350 4889 efﬂoresceutem
1377 4850 1391 4886 :
1419 4832 1668 4902 quoniam

90 4937 316 4996 prapter
349 4925 614 4979 Christum
657 4926 787 4995 ipsis
818 4926 1172 4979 circumdatus
1210 4924 1400 4979 fuerat.
1431 4924 1477 4979 Ο
1509 4925 1671 4979 mira-

89 5016 308 5069 culum!
331 5015 471 5069 servi
493 5016 653 5069 vincti
680 5023 822 5081 sunt,
850 5016 1100 5070 Dominus
1123 5015 1423 5078 cruciﬁxus,
1456 5024 1509 5071 ct
1529 5029 1668 5085 prte-

91 5103 292 5157 dicatio
331 5104 564 5173 quotidie
590 5107 779 5160 crescit
802 5120 816 5159 :
843 5116 895 5157 et
925 5121 1018 5174 per
1041 5121 1158 5176 quin
1196 5108 1480 5175 putabatur
1507 5118 1668 5171 Opera

95 5195 386 5265 prohiberi,
425 5211 520 5265 per
551 5198 664 5251 hch
695 5212 918 5251 accensa
941 5207 1023 5251 est
1047 5216 1060 5251 :
1088 5206 1141 5252 et
1175 5212 1326 5263 crux,
1356 5204 1412 5251 et
1440 5196 1666 5264 vincula,

97 5302 213 5356 qua:
252 5302 373 5341 esse
415 5288 727 5343 videbantur
770 5290 1107 5356 abominatio,
1136 5305 1276 5344 nunc
1311 5289 1499 5344 salutis
1522 5289 1669 5358 signa

98 5387 217 5432 sunt
238 5376 395 5442 facta,
426 5386 481 5433 et
507 5379 739 5448 quolibet
764 5396 896 5433 auro
924 5379 1119 5433 ferrum
1148 5378 1275 5433 illud
1300 5378 1450 5433 nobis
1476 5378 1669 5447 pretio-

99 5470 205 5523 sius
228 5477 362 5535 erat,
385 5486 491 5524 non
522 5479 737 5540 propter
762 5482 1003 5525 naturam
1026 5472 1313 5542 propriam,
1343 5470 1436 5525 sed
1458 5479 1670 5540 propter

100 5575 308 5617 causam
330 5561 468 5617 hanc
484 5573 543 5618 et
564 5574 929 5634 argumentum
954 5564 994 5618 ⁸.
1022 5563 1128 5619 Sed
1150 5562 1302 5618 video
1325 5563 1668 5631 quaestionem

157 5698 174 5730 ¹
208 5697 399 5763 Moutef.
424 5698 494 5747 sic
528 5697 675 5762 legit,
700 5699 890 5750 omissis
921 5698 1203 5763 quibusdam
1235 5711 1248 5748 :
1286 5693 1544 5747 Pretiosius
1568 5704 1670 5746 erat

88 5766 285 5826 prop'er
312 5760 399 5809 hoc
424 5760 771 5824 argzmtentum.

1776 820 2152 919 alloquens,ac
2168 843 2395 897 purgans
2410 847 2469 887 se
2484 833 2551 889 de
2569 836 2898 907 criminibus,
2915 844 3107 911 quibus
3127 820 3354 919 urgeba-

1777 920 1862 1008 tur
1876 930 1904 965 a
1917 913 2135 982 Judaais,
2153 926 2206 972 et
2221 919 2425 987 dicens,
2452 930 2720 994 quomodo
2735 930 2915 987 Jesum
2930 936 3077 1003 vidit,
3091 913 3356 1008 quomodo

1778 1002 1983 1058 beatam
2009 1021 2192 1063 vocem
2214 1010 2357 1065 illam
2378 1015 2600 1080 audivit.
2626 1023 2893 1089 quomodo
2922 1041 3017 1094 per
3038 1002 3354 1087 excreatio-

1777 1109 1898 1148 nem
1928 1097 2002 1193 ad
2021 1097 2193 1193 lucem
2220 1106 2479 1172 pervenit,
2510 1112 2775 1176 quomodo
2804 1117 2994 1172 cecidit
3031 1129 3084 1175 et
3103 1126 3352 1193 surrexit,

1718 1240 1722 1245 ,
1775 1187 2039 1284 quomodo
2087 1189 2359 1284 ingressus
2400 1205 2484 1250 est
2523 1198 2836 1259 Damascum
2882 1209 3120 1278 captivus
3153 1187 3354 1284 absque

1775 1274 1999 1341 vinculis
2021 1282 2374 1352 compeditus,
2406 1302 2469 1342 ac
2491 1288 2561 1344 de
2593 1293 2866 1363 prophetis
2926 1274 3096 1371 deque
3138 1274 3351 1374 legele-

1775 1378 1942 1433 quens
1962 1409 1977 1435 ,
2002 1379 2055 1423 et
2075 1374 2362 1431 ostendens
2382 1378 2500 1433 illos
2525 1379 2639 1437 haec
2656 1388 2831 1440 omnia
2859 1386 3184 1461 praedixisse,
3213 1396 3350 1464 indic

1774 1466 1983 1552 cantem
2009 1464 2167 1532 cepit,
2190 1476 2244 1520 et
2268 1466 2379 1523 fere
2406 1471 2471 1524 ad
2497 1474 2727 1542 seipsum
2760 1482 2982 1536 transire
3012 1487 3290 1552 persuasit.

1848 1549 1908 1645 4.
1944 1550 2099 1606 Tales
2125 1556 2265 1609 enim
2296 1570 2597 1617 sanctorum
2625 1576 2747 1621 sunt
2770 1570 2959 1624 anima:
2990 1549 3148 1627 acum
3178 1575 3228 1630 in
3254 1594 3347 1645 pe-

1776 1638 1942 1693 ricula
1971 1644 2280 1709 ceciderint,
2323 1665 2427 1705 non
2448 1657 2716 1722 quomodo
2743 1661 2993 1726 periculis
3038 1638 3348 1734 liberentur,

1774 1733 2131 1800 considerant,
2177 1739 2268 1794 scd
2308 1757 2414 1811 quo
2447 1759 2825 1817 persequentes
2872 1752 3142 1811 lucruitur
3174 1763 3347 1815 omnia

1776 1820 1975 1877 faciunt
2003 1843 2017 1879 :
2053 1827 2187 1881 sicut
2202 1838 2257 1884 et
2290 1841 2413 1886 tunc
2454 1834 2650 1890 factum
2676 1849 2757 1893 est
2784 1856 2798 1893 :
2824 1857 2881 1897 se
2905 1843 3218 1901 defensurus
3265 1850 3347 1903 iu-

1775 1913 1952 1978 travit,
1985 1923 2040 1971 et
2076 1927 2233 1989 capto
2263 1920 2444 1991 judice
2479 1924 2742 1986 discessit.
2782 1932 2851 1987 Et
2888 1931 3003 1990 ha:c
3041 1938 3154 2005 ipsc
3184 1940 3346 2007 judex

1774 2015 1996 2062 testatus
2024 2018 2124 2076 est,
2148 2012 2329 2069 dicens
2359 2033 2374 2069 :
2404 2015 2472 2070 In
2492 2019 2774 2075 modicome
2791 2024 3074 2092 persuades
3093 2027 3345 2087 Christia-

1774 2112 1908 2188 num,
1921 2099 2033 2167 ﬁeri
2057 2098 2077 2172 (
2100 2102 2211 2156 Act.
2237 2102 2327 2159 26.
2349 2104 2419 2161 28
2442 2105 2483 2178 ).
2501 2107 2614 2163 Hoc
2629 2119 2685 2166 et
2709 2110 2868 2170 hodie
2890 2116 3004 2171 lteri
3025 2119 3260 2188 decebat,
3293 2137 3345 2180 ct

1774 2187 2080 2255 praefectum
2125 2190 2268 2247 hunc
2290 2203 2518 2249 vestram
2545 2187 3348 2274 admirarimagnanimitatem',

1774 2278 2183 2349 philosophiam,
2215 2285 2606 2358 perfectamque
2647 2292 2898 2360 quietem.
2956 2306 3010 2350 et
3053 2313 3118 2352 ex
3160 2300 3348 2356 ordine

1772 2377 1951 2423 vestro
1990 2370 2324 2442 disciplinam
2373 2392 2585 2450 capere,
2615 2388 2671 2435 et
2711 2383 2789 2438 sic
2832 2386 2997 2450 abire,
3037 2391 3346 2447 concionem

1773 2459 2048 2529 admirari,
2097 2464 2316 2523 laudare
2351 2484 2682 2539 consessum,
2713 2482 2767 2529 et
2808 2490 2875 2530 ex
2914 2477 3044 2547 ipsis
3082 2481 3239 2536 rebus
3263 2483 3346 2536 d'.-

1773 2563 1946 2616 scere,
1963 2563 2217 2622 quantum
2232 2558 2369 2613 inter
2385 2561 2674 2629 gentilesat
2685 2561 3015 2621 Christianos
3024 2568 3348 2628 discriminis

1773 2639 1863 2731 sit.
1907 2639 2012 2697 Sed
2043 2655 2099 2698 ut
2121 2645 2188 2700 ad
2232 2646 2282 2701 id
2311 2648 2525 2703 redeam
2574 2652 2713 2721 quod
2762 2654 3023 2723 dicebam,
3064 2670 3346 2731 postquam

1772 2730 1945 2823 ipsum
1974 2735 2116 2803 cepit
2146 2735 2362 2806 Paulus,
2397 2748 2452 2793 et
2476 2740 2565 2795 ille
2593 2741 2727 2797 dixit
2758 2762 2773 2798 :
2806 2744 2872 2799 In
2898 2750 3096 2803 modico
3130 2730 3213 2805 me
3231 2771 3349 2823 per-

1770 2821 1954 2877 suades
1978 2823 2319 2881 Christianum
2347 2830 2480 2898 ﬁeri,
2512 2831 2709 2888 Paulus
2736 2835 2807 2889 ita
2836 2840 3109 2908 respondit
3136 2859 3150 2894 ε
3181 2821 3345 2913 Opta-

1772 2929 1877 2966 rem
1905 2915 2075 2983 utique
2099 2931 2189 2986 ego
2207 2928 2257 2971 et
2280 2918 2335 2973 in
2366 2921 2564 2976 modico
2590 2932 2636 2977 et
2657 2925 2712 2979 in
2745 2927 2922 2994 multo,
2962 2946 3062 2984 non
3095 2933 3256 2986 solum
3279 2946 3346 3002 te,

1770 3003 1860 3056 sed
1886 3004 2234 3096 etiamromnes
2264 3009 2522 3065 audientes
2558 3029 2637 3067 me
2679 3015 2792 3083 ﬁeri
2827 3015 3137 3076 Christianos
3165 3024 3348 3096 absque

1774 3094 1983 3186 uinculis
2003 3095 2081 3150 tu.
2101 3096 2245 3168 (Αει.
2264 3098 2356 3154 26.
2385 3100 2456 3155 29
2474 3102 2513 3171 ).
2536 3102 2670 3169 Quid
2697 3106 2848 3174 dicis,
2873 3124 2904 3164 ο
2933 3110 3140 3168 Paule?
3168 3094 3348 3186 Ephe-

1772 3183 1866 3238 siis
1894 3201 2083 3256 nempe
2103 3189 2362 3256 scribens,
2389 3191 2522 3247 dicis
2549 3210 2563 3246 :
2592 3193 2735 3266 Rogo
2760 3198 2915 3267 igitur
2936 3216 3022 3256 vos
3048 3219 3137 3273 ego
3155 3183 3348 3262 uinctus

1772 3275 1825 3328 iu
1874 3273 2110 3342 Domino,
2146 3279 2296 3349 digne
2329 3280 2588 3337 ambulare
2618 3287 2873 3342 vocatione
2907 3307 3006 3360 qua
3039 3297 3200 3348 uocati
3231 3300 3347 3353 estis

1770 3367 1792 3434 (
1820 3364 2004 3436 Ephes.
2027 3368 2081 3423 4.
2111 3370 2135 3424 1
2167 3367 2209 3442 ).
2254 3371 2319 3425 Et
2357 3371 2424 3426 ad
2461 3372 2810 3431 Timothaeum
2843 3378 3081 3451 loquens,
3131 3384 3199 3439 In
3242 3403 3341 3452 quo

1774 3456 1907 3549 male
1935 3458 2100 3549 patior
2124 3475 2277 3527 usque
2295 3459 2367 3513 ad
2400 3463 2620 3531 uincula,
2652 3473 2907 3533 tamquam
2928 3473 3221 3544 malefa‘ctor
3245 3478 3263 3549 (
3289 3478 3343 3530 2.

1774 3544 1910 3600 Tim.
1938 3549 1992 3602 2.
2027 3548 2059 3603 9
2084 3546 2126 3619 ),
2152 3563 2205 3603 et
2234 3551 2299 3605 ad
2344 3552 2706 3609 Philemonem
2732 3573 2962 3626 rursum,
3014 3560 3212 3619 Paulus
3240 3544 3347 3620 uin-

1773 3646 1881 3690 ctus
1903 3634 2034 3691 Iesu
2048 3633 2475 3705 Christi(P/cilem.
2500 3643 2550 3713 1)
2568 3662 2581 3697 :
2600 3656 2645 3700 et
2660 3648 2997 3706 cumJudaeis
3025 3652 3343 3725 disceptans,

1775 3727 1905 3781 dicis
1936 3746 1950 3782 :
1985 3728 2199 3801 Propter
2239 3750 2380 3801 spem
2422 3734 2590 3791 Israel
2643 3739 2738 3793 hac
2789 3752 2964 3796 catena
3003 3746 3342 3805 circumdatus

1773 3834 1887 3871 sum
1914 3820 2061 3890 (Act.
2101 3822 2193 3877 ‘28.
2222 3823 2355 3895 20).
2403 3827 2469 3880 Et
2518 3828 2940 3899 Philippensibus
2988 3838 3226 3892 scribens
3266 3841 3347 3895 di-

1775 3909 1933 3963 cebas
1974 3929 1987 3964 :
2028 3910 2115 3964 Ita
2162 3922 2218 3965 ut
2265 3914 2431 3981 plures
2467 3920 2718 3986 fratrum,
2760 3923 2877 3990 freti
2925 3924 3135 3979 vinculis
3176 3930 3299 3982 meis
3323 3970 3339 3991 ,

1777 4001 2116 4057 abundantius
2163 4007 2405 4059 auderent
2453 4007 2701 4078 intrepide
2752 4013 3135 4082 verbumvloqui
3174 4016 3345 4086 (Plzio

1773 4091 1901 4162 lipp.
1931 4093 1982 4145 1.
2016 4094 2084 4147 Μ
2109 4093 2149 4164 ).
2178 4091 2635 4164 Ubiqnecatenam
2654 4101 2984 4171 circumfers,
3004 4106 3199 4175 ubique
3225 4111 3345 4164 vin-

1773 4183 1889 4236 cula
1911 4185 2182 4253 proponis,
2210 4193 2265 4240 et
2289 4186 2587 4257 huiusmodi
2610 4190 2857 4260 gloriaris
2897 4198 3108 4263 negotio
3131 4213 3145 4261 ;
3180 4198 3232 4252 in
3254 4200 3345 4270 jn-

1773 4275 1968 4329 dicium
1994 4286 2169 4330 autem
2200 4279 2419 4334 veniens
2466 4281 2851 4350 philosophiam
2893 4286 3188 4354 prodidisti,
3219 4304 3339 4347 cum

1774 4367 2003 4421 maxime
2055 4368 2223 4423 libere
2265 4378 2316 4424 te
2361 4384 2550 4439 gerere
2594 4370 2833 4439 decebat,
2867 4384 2920 4428 et
2960 4374 3124 4445 judici
3170 4378 3339 4434 dicis:

1718 4460 1721 4461 ⁷
1779 4455 2020 4527 Optarent
2045 4460 2214 4529 utique
2237 4470 2283 4514 te
2314 4462 2426 4529 ﬁeri
2449 4460 2791 4517 Christianum
2816 4465 3238 4545 absqueﬂvinculis
3264 4473 3344 4526 Itis

1778 4550 1932 4620 (Act.
1964 4550 2054 4606 26.
2084 4551 2156 4607 29
2188 4552 2206 4623 )
2235 4552 2259 4607 7
2285 4552 2487 4622 Nempe
2523 4553 2569 4608 si
2598 4554 2736 4611 bona
2760 4557 2987 4625 vincula,
3018 4568 3074 4616 et
3105 4562 3174 4616 ita
3205 4564 3340 4619 bona

1775 4651 1833 4697 ut
1856 4643 1973 4699 aliis
2018 4659 2227 4714 quoque
2264 4644 2505 4700 fiduciam
2530 4646 2598 4701 ad
2626 4661 2924 4705 sermonem
2952 4666 3048 4720 pro
3090 4653 3344 4723 religione

1775 4735 2039 4802 prtebeant
2056 4733 2272 4804 (etenim
2287 4735 2385 4789 hac
2401 4736 2570 4805 ipsum
2583 4738 2728 4805 prius
2741 4737 2940 4804 dixisti,
2956 4740 3102 4798 Multi
3123 4743 3340 4800 fratrum

1771 4822 1893 4877 freti
1945 4823 2170 4877 vinculis
2222 4824 2356 4879 meis
2406 4825 2626 4879 verbum
2680 4825 3029 4897 loquebantur
3054 4832 3341 4902 intrepide)

1778 4913 2058 4985 (Philipp.
2098 4914 2278 4986 1.14)
2329 4931 2343 4981 ;
2376 4931 2540 4986 quare
2584 4932 2764 4973 coram
2785 4919 2966 4989 judice
2991 4938 3096 4977 non
3141 4924 3240 4980 hac
3287 4943 3345 4982 rc

1772 5006 2037 5076 gloriaris,
2069 5006 2163 5061 sed
2209 5008 2532 5063 contrarium
2562 5007 2690 5063 facis
2715 5009 2739 5062 7
2762 5015 2952 5066 Annon
2978 5014 3187 5071 videtur
3222 5032 3343 5074 csso

1774 5099 1996 5168 qutestio
2045 5099 2185 5170 quod
2232 5100 2471 5155 dicitur?
2506 5100 2611 5157 Sed
2634 5103 2968 5160 celerrimam
3019 5109 3337 5166 solutionem

1774 5188 1963 5242 allero.
1988 5187 2102 5243 Non
2138 5189 2279 5242 enim
2323 5191 2588 5246 anxietate
2612 5192 2694 5247 vel
2722 5193 2998 5252 timiditate
3025 5197 3216 5253 Paulus
3241 5200 3340 5255 hoe

1776 5277 2021 5345 faciebat,
2071 5279 2165 5335 sed
2191 5296 2256 5335 ex
2298 5284 2553 5353 sapientia
2582 5285 2746 5339 multa
2774 5295 2830 5340 et
2870 5288 3125 5358 spirituali
3163 5293 3340 5359 provi-

1776 5370 1951 5425 dentia
1981 5390 1993 5424 :
2027 5388 2133 5443 quo
2161 5388 2287 5428 vero
2330 5383 2505 5442 pacto,
2537 5391 2636 5446 ego
2676 5377 2868 5433 dicam.
2899 5379 3160 5436 Gentilem
3212 5384 3345 5437 allo-

1776 5461 2034 5529 quebatur
2060 5473 2114 5516 et
2156 5462 2442 5531 inﬁdelem,
2474 5480 2574 5519 nec
2609 5476 2785 5522 nostra
2820 5470 3099 5524 scientem.
3129 5470 3348 5528 Nolehat

1777 5549 1937 5619 igitur
1967 5549 2138 5619 ipsum
2168 5566 2263 5621 per
2297 5554 2474 5623 gravia
2503 5554 2772 5624 inducere,
2807 5557 2901 5611 sed
2926 5558 3065 5628 quod
3091 5559 3300 5617 dicebat
3329 5579 3344 5617 :

1842 5688 1858 5718 ι
1894 5687 2031 5759 Savil.
2061 5695 2112 5736 et
2134 5664 2450 5759 aliijjllorum
2484 5689 2763 5752 prtrfectum
2796 5686 3055 5740 venientem
3076 5689 3140 5741 ad
3162 5705 3243 5745 vos
3272 5708 3346 5745 re-

1781 5756 1943 5803 πεπινὶ
1964 5756 2414 5812 magnanimitatem.
