3920 6224
606 387 696 443 l6?

602 502 788 555 Factus
815 514 926 553 sum
955 493 1234 550 carentibus
1261 491 1386 560 lege,
1415 501 1668 557 tamquam
1690 487 1796 539 sine
1818 485 1924 553 lege
1947 481 2019 554 (ι.
2043 480 2162 535 Cor.

590 601 652 652 9.
679 591 741 644 2|
766 593 784 660 )
809 588 943 642 :boc
965 595 1018 639 et
1043 585 1126 638 hic
1148 579 1389 636 faciebat.
1408 578 1464 633 Si
1486 577 1692 632 vincula
1714 573 1956 636 audierit,
1984 571 2170 641 inquit,

591 692 652 737 et
676 679 1060 739 tribulationes,
1090 671 1266 726 statim
1291 667 1675 737 refugiet,cum
1705 661 2033 717 vinculorum
2065 660 2171 712 vir-

599 780 762 826 tutem
791 783 895 822 non
924 764 1083 819 norit.
1122 761 1241 816 Fiat
1269 760 1415 829 prius
1450 756 1620 811 fidelis
1662 763 1715 808 et
1746 749 2172 822 praedicationem

598 869 793 931 gustet,
819 867 874 912 et
911 863 1034 909 tunc
1069 855 1181 922 ipse
1227 864 1436 921 quoque
1483 848 1551 901 ad
1592 845 1706 898 haec
1734 841 1942 931 vincula
1962 845 2170 931 curret.

601 927 798 1002 audivi
846 945 1124 999 Dominum
1174 956 1348 996 meum
1401 937 1662 992 dicentem
1700 949 1714 985 :
1750 930 1913 984 Nemo
1955 927 2174 981 immittit

605 1037 983 1092 commissuram
1009 1033 1163 1103 panni
1183 1030 1322 1084 rudis
1341 1044 1487 1098 super
1510 1025 1849 1078 uestimentum
1871 1028 2024 1083 uetus,
2051 1032 2175 1085 quo-

598 1130 735 1182 niam
779 1127 910 1180 tollit
943 1121 1302 1193 plenitudinem
1354 1118 1512 1188 ipsius
1541 1124 1588 1168 et
1636 1113 1779 1184 pejor
1808 1110 1866 1178 [it
1906 1107 2124 1161 scissura
2149 1120 2168 1158 :

598 1234 753 1288 neque
800 1217 1003 1269 mittunt
1029 1214 1200 1266 vinum
1230 1225 1412 1263 novum
1438 1208 1490 1260 in
1528 1215 1663 1259 utres
1701 1211 1907 1265 veteres,
1937 1199 2174 1266 quoniam

597 1312 978 1380 disrumpuntur
1021 1315 1157 1358 utres
1186 1301 1414 1372 (Matth.
1441 1299 1494 1353 9.
1529 1298 1612 1352 l6.
1644 1296 1747 1359 i7;
1786 1292 1952 1346 Marc.
1994 1290 2048 1344 2.
2081 1289 2169 1342 2t.

598 1401 705 1466 22;
737 1401 860 1453 Luc.
892 1399 946 1453 5.
986 1395 1076 1451 56.
1104 1395 1170 1448 '57
1212 1394 1252 1462 ).
1283 1393 1468 1445 Anima
1496 1388 1651 1457 hujus
1676 1395 1758 1440 est
1797 1382 2172 1437 vestimentum

598 1502 770 1554 vetus,
799 1499 851 1544 et
893 1498 1010 1542 uter
1042 1485 1289 1553 antiquus
1313 1499 1328 1548 ;
1377 1496 1480 1535 non
1502 1489 1583 1534 est
1611 1484 1894 1530 renovatus
1923 1474 2044 1534 fide,
2068 1487 2173 1525 non

598 1580 823 1649 Spiritus
850 1576 1016 1646 gratia
1056 1589 1242 1629 recens
1269 1571 1504 1626 redditus
1534 1577 1636 1633 est,
1664 1566 1854 1620 debilis
1896 1563 2067 1617 adhuc
2095 1570 2176 1616 est

599 1680 655 1727 et
685 1681 944 1733 terrenus,
974 1665 1236 1720 mundana
1266 1665 1422 1733 sapit,
1459 1669 1516 1716 et
1565 1662 1630 1713 ad
1660 1657 1978 1712 mundanam
2024 1655 2174 1708 vani-

601 1769 760 1814 tatem
806 1765 1001 1828 stupet,
1033 1757 1253 1825 gloriain
1280 1763 1420 1806 amat
1446 1759 1780 1822 przesentem.
1812 1749 1866 1803 Si
1893 1763 1924 1801 a
1952 1749 2176 1818 printer-

597 1849 703 1904 diis
727 1852 904 1906 statim
947 1848 1195 1912 audierit,
1227 1846 1365 1916 quod
1395 1844 1562 1898 factus
1589 1842 1940 1905 Christianus,
1969 1840 2178 1894 vinctus

603 1959 725 1999 mox
757 1943 866 2009 fiet,
911 1951 965 1996 et
991 1949 1174 1994 eatena
1203 1936 1618 1992 circumdabitnr
1640 1975 1655 1999 ,
1694 1935 1941 1988 confusus
1969 1939 2024 1986 et
2058 1947 2180 1985 eru-

602 2039 823 2093 bescens
848 2050 876 2088 a
908 2031 1283 2104 przedicatione
1314 2029 1533 2083 resiliet.
1558 2027 1844 2095 Propterea
1871 2022 2000 2078 dicit
2019 2021 2175 2075 :Abs-

602 2145 698 2200 que
737 2125 952 2180 vinculis
995 2125 1090 2190 his,
1141 2138 1244 2176 non
1277 2123 1389 2190 ipse
1440 2119 1647 2173 vincula
1678 2131 1947 2178 recusans,
1994 2115 2174 2170 absit!

604 2217 698 2272 sed
721 2218 857 2270 illius
871 2212 1300 2270 condescendens
1318 2207 1882 2277 intirmitati,quoniam
1899 2207 2008 2274 ipse
2025 2205 2100 2258 sic
2117 2205 2180 2257 il-

603 2306 650 2361 la
666 2306 829 2375 diligit
844 2299 1604 2372 etamplectitur,utambitiosa
1622 2298 1814 2352 mulier
1829 2296 2040 2350 monilia
2063 2310 2176 2349 sua.

683 2397 805 2451 Non
831 2397 894 2450 de
932 2395 1142 2466 patratis
1163 2392 1438 2454 miraculis,
1467 2393 1555 2445 sed
1579 2392 1641 2444 de
1668 2391 1905 2444 wrumnis
1935 2389 2180 2458 gloriatur

611 2485 946 2540 Paulus.—U
955 2483 1055 2539 nde
1077 2483 1176 2537 hoc
1193 2481 1552 2536 manifestum?
1566 2479 1774 2533 Gaudeo
1792 2479 1844 2532 in
1869 2476 2180 2549 passionibus

613 2577 758 2639 meis,
783 2575 970 2644 inquit,
1001 2581 1046 2627 et
1082 2572 1292 2642 suppleo
1322 2571 1545 2640 defectus
1590 2569 1970 2622 tribulationum
1992 2564 2180 2622 Christi

603 2665 658 2717 in
682 2679 833 2717 carne
854 2679 964 2718 mea
993 2660 1146 2732 (Col.
1172 2663 1225 2715 1.
1245 2661 1316 2714 24
1336 2659 1379 2731 ).
1407 2659 1472 2714 Ει
1501 2660 1691 2713 iterum
1723 2675 1736 2711 :
1769 2657 2018 2724 Quoniam
2045 2657 2180 2711 vobis

601 2754 845 2807 donatum
885 2763 955 2806 est
987 2769 1019 2804 a
1061 2750 1260 2806 Christo
1290 2767 1392 2804 non
1443 2759 1638 2803 tantum
1670 2750 1721 2802 in
1760 2751 1924 2819 ipsum
1955 2753 2176 2816 credere,

602 2862 775 2899 rerum
797 2855 843 2898 et
872 2861 962 2910 pro
985 2844 1094 2914 ipso
1123 2843 1230 2912 pati
1267 2842 1524 2913 (Philipp.
1578 2843 1626 2895 l.
1657 2841 1727 2896 29
1762 2840 1804 2911 ).
1834 2841 1901 2894 Et
1941 2841 2130 2894 iterum
2161 2857 2176 2893 :

606 2935 729 2990 Non
755 2944 949 2989 tantum
987 2944 1171 3000 autem,
1200 2933 1288 2986 sed
1311 2941 1357 2986 et
1385 2932 1660 3003 gloriamur
1699 2933 1752 2984 in
1777 2929 2180 2984 tribulationibus

601 3027 793 3101 (Rom.
816 3027 869 3081 5.
895 3027 928 3081 5
958 3025 1000 3096 ).
1032 3024 1087 3079 Si
1112 3024 1305 3094 gaudet
1330 3024 1486 3094 igitur
1501 3034 1554 3078 et
1576 3023 1849 3092 gloriatur,
1874 3032 1928 3076 et
1949 3022 1998 3075 id
2023 3033 2178 3077 vocat

601 3121 796 3176 donum
825 3118 1131 3188 gratuitum,
1160 3124 1364 3171 certum
1406 3113 1544 3184 quod
1573 3123 1788 3185 propter
1813 3112 1948 3168 hanc
1965 3126 2176 3167 causam

600 3211 669 3267 ad
705 3211 939 3281 judicem
981 3209 1204 3278 loquens
1244 3207 1358 3261 haec
1390 3205 1600 3260 dicebat
1627 3223 1640 3259 :
1666 3205 1917 3275 quoniam
1955 3212 2010 3260 et
2046 3203 2176 3259 alias

605 3317 814 3356 rursum
839 3300 892 3354 in
914 3297 1282 3353 necessitatem
1308 3294 1555 3366 delapsus
1577 3293 1857 3364 gloriandi,
1886 3294 1988 3348 hoc
2005 3294 2176 3364 ipsum

599 3390 944 3452 demonstrat,
971 3387 1154 3442 dicens
1177 3402 1190 3440 :
1217 3383 1451 3438 Libenter
1471 3383 1624 3454 igitur
1651 3383 1906 3454 gloriabor
1932 3385 1985 3436 in
2011 3383 2165 3451 inﬁr-

601 3481 850 3536 mitatibus
871 3479 1012 3542 meis,
1041 3478 1096 3531 in
1125 3475 1519 3538 necessitatibus,
1548 3475 1599 3528 in
1620 3475 1951 3539 contumeliis,
1977 3475 2029 3527 in
2059 3491 2177 3541 per-

599 3569 988 3640 sequutionibus,
1029 3569 1083 3621 in
1123 3565 1390 3636 angustiis,
1443 3573 1497 3618 ut
1544 3566 1785 3619 inhabitet
1821 3566 1873 3618 in
1904 3582 1980 3618 me
2021 3566 2177 3620 virtus

601 3657 788 3712 Christi
834 3657 933 3728 (2.
963 3657 1079 3710 Cor.
1116 3655 1202 3709 i2.
1243 3655 1299 3709 9.
1329 3653 1397 3709 10
1426 3650 1468 3724 ).
1497 3653 1561 3708 Et
1614 3655 1846 3709 iterum:
1876 3654 1936 3709 Si
1969 3655 2176 3722 gloriari

599 3757 814 3818 oportet,
841 3748 894 3800 in
921 3745 1216 3817 inﬁrmitate
1235 3760 1344 3797 mea
1367 3744 1622 3814 gloriabor
1639 3741 1720 3813 (2.
1738 3739 1958 3797 Con“.
1979 3738 2092 3808 50).
2110 3746 2176 3801 Et

601 3837 726 3891 alibi
750 3837 981 3907 seipsum
1021 3834 1140 3888 aliis
1170 3848 1502 3903 comparans,
1531 3843 1586 3889 et
1609 3849 1703 3904 per
1727 3834 2173 3903 comparationem

601 3929 754 3984 nobis
777 3926 1143 3984 excellentiam
1181 3925 1571 3992 demonstrans,
1613 3927 1690 3981 sic
1717 3926 1885 3996 inquit
1913 3944 1926 3982 :
1951 3926 2176 3981 Ministri

601 4019 787 4075 Christi
802 4026 939 4084 sunt,
966 4027 1020 4070 ut
1053 4018 1220 4072 minus
1256 4018 1456 4088 sapiens
1485 4017 1683 4090 loquor,
1718 4017 1832 4087 plus
1858 4033 1951 4089 ego
1995 4017 2171 4089 (Ibid.

599 4132 647 4170 υ.
677 4115 747 4171 25
773 4115 817 4186 ).
846 4115 914 4169 Et
937 4128 1212 4170 excessum
1238 4112 1606 4168 demonstrare
1632 4113 1815 4169 volens
1833 4153 1848 4178 ,
1887 4130 1993 4168 non
2031 4113 2173 4184 quod

599 4217 837 4262 mortuos
860 4205 1273 4270 resuscitaverit,
1303 4204 1646 4260 daemonesve
1673 4205 1972 4274 expulerit,
2002 4219 2173 4274 neque

598 4298 932 4353 mandaverit
954 4298 1214 4367 leprosos,
1246 4296 1456 4352 aliudve
1482 4296 1609 4366 quid
1639 4295 1938 4366 bujusmodi
1967 4297 2170 4364 fecerit,

598 4389 734 4445 dixit
761 4407 774 4443 :
807 4388 901 4443 sed
926 4389 1075 4458 quid?
1093 4388 1244 4456 Quod
1259 4389 1562 4448 innumeras
1578 4403 1762 4457 passus
1787 4389 2167 4444 sitmolestias:

594 4494 716 4535 cum
743 4479 885 4536 enim
907 4479 1145 4544 dixisset,
1168 4479 1297 4535 Plus
1319 4495 1432 4550 ego,
1461 4478 1634 4534 intulit
1659 4481 2006 4535 tentationum
2029 4480 2171 4534 mul-

596 4570 874 4626 titudinem
903 4587 918 4624 :
977 4567 1048 4623 In
1091 4570 1254 4640 plagis
1285 4586 1443 4639 supra
1470 4569 1692 4633 modum,
1726 4571 1780 4623 in
1801 4571 2041 4623 mortibus
2070 4573 2171 4640 fre-

595 4670 820 4730 quenter,
846 4660 900 4713 in
925 4660 1207 4714 carceribus
1235 4659 1591 4722 abundantius,
1630 4675 1662 4711 a
1685 4657 1882 4712 Juda’is
1913 4660 2172 4728 quinquies

593 4751 943 4821 quadragenas
977 4765 1081 4802 una
1122 4749 1286 4802 minus
1323 4750 1514 4818 accepi,
1543 4759 1618 4802 ter
1643 4750 1794 4819 virgis
1841 4765 1998 4803 ca'sus
2037 4765 2166 4813 sum,

592 4841 747 4896 semel
772 4841 1044 4911 lapidatus,
1092 4849 1165 4894 ter
1211 4842 1534 4911 naufragium
1570 4841 1687 4910 feci,
1723 4849 1867 4893 nocte
1895 4856 1955 4892 at:
1989 4841 2071 4892 die
2119 4842 2172 4892 in

595 4931 1030 5004 profundoynaris
1058 4932 1134 5001 fui
1163 4930 1338 5000 (Ibid.
1376 4947 1426 4984 υ.
1463 4930 1628 4985 23-25
1649 4931 1705 5001 ):
1733 4939 1787 4984 et
1813 4930 2009 4997 reliqua
2047 4943 2167 4983 oni-

593 5025 699 5078 nia.
730 5022 820 5080 Sic
846 5023 1036 5093 ubique
1057 5023 1310 5094 gloriatur
1330 5023 1381 5077 in
1414 5021 1838 5077 tribulationibus
1866 5022 2082 5089 Paulus,
2113 5030 2168 5076 et

595 5131 658 5171 ea
689 5131 746 5170 re
775 5116 966 5170 mirmn
1005 5115 1056 5169 in
1089 5115 1302 5170 modum
1347 5129 1466 5170 sese
1489 5122 1644 5168 ornat
1666 5155 1682 5181 ,
1711 5129 1775 5168 ac
1808 5113 1930 5183 jure
1954 5114 2165 5170 merito.

594 5207 726 5262 Nam
757 5206 859 5262 hoc
885 5217 966 5262 est
992 5206 1133 5277 quod
1163 5207 1394 5262 maxime
1428 5205 1625 5260 Christi
1651 5205 1899 5260 virtutem
1943 5205 2168 5259 demon-

587 5309 632 5356 st
642 5309 740 5366 rat,
759 5301 1004 5369 quoniam
1025 5315 1121 5370 per
1142 5299 1264 5353 talia
1285 5299 1522 5352 vicerunt
1545 5295 1796 5366 apostoli,
1813 5310 1907 5364 per
1930 5296 2161 5362 vincula,

600 5388 984 5455 tribulationes,
1011 5389 1215 5459 ﬂagella
1244 5399 1297 5442 et
1317 5398 1552 5443 extrema
1582 5388 1741 5442 tnala.
1767 5385 1895 5468 Nam
1924 5386 2036 5442 luce
2059 5387 2168 5443 duo

587 5477 830 5536 Christus
870 5481 1219 5546 denuntiavit,
1265 5480 1659 5534 tribulationem
1686 5487 1742 5536 et
1769 5480 2160 5547 remissionem,

590 5569 798 5625 labores
827 5581 882 5626 et
923 5586 1171 5636 coronas,
1203 5569 1426 5624 sudores
1451 5577 1506 5624 et
1549 5568 1944 5636 retributiones,
1982 5573 2163 5627 suavia

589 5669 646 5714 et
685 5661 886 5725 tristia;
926 5660 1019 5714 sed
1061 5660 1230 5714 tristia
1267 5657 1481 5730 quidem
1521 5659 1644 5714 vitte
1679 5658 1826 5715 dedit
1873 5663 2160 5732 prtesenti,

587 5749 766 5803 suavia
802 5764 927 5803 vero
973 5748 1023 5802 in
1058 5748 1287 5806 futurum
1315 5750 1539 5820 distulit,
1575 5751 1766 5821 pariter
1791 5753 2160 5810 demonstrans

1332 378 1391 434 S.
1429 373 1701 432 JOANNIS
1729 367 2196 428 CHRYSOSTOMI
2235 365 2550 422 ARCHIEP.
2588 362 3115 421 CONSTANTINOP.

3777 362 3872 415 l68

2280 495 2339 535 se
2370 479 2616 534 homines
2657 493 2762 533 non
2805 477 3070 545 decipere,
3101 484 3257 545 atque
3298 474 3468 544 ipsum
3497 488 3873 529 terumnarum

2277 569 2481 639 pondus
2508 569 2693 623 ordine
2718 569 2944 637 quodam
2970 567 3211 621 minuere
3236 576 3500 636 satagens.
3521 567 3626 632 Qui
3668 567 3872 635 decipit

2274 661 2437 722 enim,
2473 660 2658 714 suavia
2693 659 2840 730 prius
2886 657 3154 728 proponit,
3197 667 3251 712 et
3294 673 3417 711 mox
3472 657 3637 712 infert
3671 658 3870 711 tristia.

2275 748 2806 819 Qualeestzplagiarii
2833 749 3081 818 puerulos
3101 762 3243 817 smpe
3270 763 3456 816 parvos
3484 749 3799 817 pandantes
3825 759 3873 801 et

2276 839 2532 903 furantes,
2563 855 2667 892 non
2709 839 2890 908 plagas
2933 847 2988 892 et
3015 839 3256 903 verbera,
3289 853 3458 907 neque
3501 839 3652 892 aliud
3685 839 3872 906 liujns~

2275 935 2418 990 modi
2441 934 2773 1003 pollicentur,
2797 932 2888 986 sed
2912 933 3186 1002 placentas
3206 941 3260 986 et
3288 932 3525 996 bellaria,
3544 943 3597 986 et
3621 932 3732 985 alia
3754 934 3872 985 talia

2281 1027 2474 1097 quibus
2498 1026 2717 1095 puerilis
2761 1026 2992 1095 gaudere
3017 1026 3292 1079 consuevit
3319 1033 3468 1090 tetas,
3498 1026 3869 1096 prmtcndunt,

2279 1125 2336 1170 ut
2359 1115 2442 1169 his
2471 1116 2547 1169 illi
2589 1115 2784 1179 allecti,
2818 1125 2870 1169 et
2921 1114 3220 1168 libertatem
3249 1130 3400 1168 suam
3455 1119 3779 1185 prodentes,
3826 1115 3872 1170 in

2277 1216 2571 1262 extremum
2622 1207 2911 1275 periculum
2963 1206 3294 1260 delabantur.
3349 1207 3539 1260 Avium
3592 1221 3734 1261 vero
3801 1207 3873 1274 pi-

2277 1299 2551 1366 sciumque
2578 1308 2878 1362 venatores,
2911 1297 2980 1350 ita
3009 1312 3127 1364 qua:
3159 1307 3416 1351 venantur
3439 1298 3709 1363 alliciunt,
3739 1313 3872 1350 eon-

2277 1396 2480 1441 suetam
2504 1387 2776 1455 capiendis
2790 1396 2844 1440 et
2859 1385 3146 1455 jucundam
3173 1387 3316 1455 prius
3335 1402 3510 1440 escam
3537 1388 3872 1456 praebentes,

2278 1487 2332 1531 et
2358 1478 2435 1531 sic
2459 1477 2702 1546 laqueum
2737 1487 3101 1546 contegentes.
3125 1477 3308 1547 Itaque
3331 1477 3715 1548 decipientium
3761 1492 3875 1530 tua.

2280 1567 2422 1621 xime
2446 1582 2579 1635 opus
2617 1567 2719 1620 hoc
2741 1576 2843 1633 est,
2876 1567 3020 1636 prius
3048 1568 3229 1620 suavia
3260 1581 3578 1636 proponere,
3605 1582 3721 1635 quo
3747 1582 3872 1622 mox

2281 1656 2514 1711 inferant
2543 1657 2745 1719 tristia;
2795 1657 3184 1726 providentium
3227 1667 3402 1712 autem
3451 1667 3505 1712 et
3531 1659 3872 1729 diligentium

2279 1746 2497 1799 omnino
2520 1746 2871 1801 contrarium.
2913 1747 3098 1800 Patres
3127 1747 3304 1816 itaque
3351 1748 3614 1817 plagiariis
3645 1758 3871 1802 centra-

2282 1839 2416 1890 rium
2447 1835 2645 1890 faciunt
2669 1851 2684 1899 ;
2708 1851 2828 1890 cum
2873 1835 2940 1890 ad
2971 1836 3151 1892 ludum
3181 1852 3372 1906 pueros
3398 1839 3689 1892 literarium
3743 1841 3871 1892 mit-

2284 1937 2417 1990 tunt,
2452 1927 2766 1997 piedagogos
2803 1938 3128 1997 proponunt,
3159 1929 3364 1998 flagella
3384 1932 3668 1995 minantur,
3704 1933 3870 1984 timo-

2283 2033 2394 2072 rem
2413 2017 2673 2072 ineutiuut
2691 2037 2704 2072 :
2723 2027 2908 2072 etcum
2922 2019 3152 2088 priorem
3168 2019 3246 2073 sic
3259 2029 3466 2074 aetatem
3486 2023 3870 2090 transegeriut.

2285 2118 2408 2162 tunc
2455 2107 2582 2176 ipsis
2610 2107 2664 2160 in
2693 2107 2876 2162 babLtu
2901 2108 3040 2162 virili
3069 2111 3372 2164 constitutis
3396 2111 3645 2176 honores,
3674 2119 3871 2180 poten-

2285 2199 2486 2270 tiasque
2507 2199 2818 2264 etdelicias,
2848 2209 2903 2254 et
2931 2214 3118 2255 omnes
3143 2200 3352 2254 divitias
3377 2215 3501 2254 suas
3522 2202 3757 2254 tradunt.

2355 2291 2408 2344 5.
2450 2291 2537 2344 Sic
2577 2290 2718 2344 Deus
2755 2304 2967 2359 quoque
2995 2288 3142 2356 fecit,
3186 2306 3292 2344 non
3328 2291 3726 2360 plagiariorum,
3774 2291 3872 2346 sed

2284 2391 2492 2450 patrum
2521 2396 2671 2436 more
2699 2383 2788 2450 qui
2814 2396 2996 2436 curam
3023 2390 3213 2452 gerunt
3239 2400 3252 2436 :
3287 2383 3432 2452 prius
3474 2398 3560 2438 res
3602 2383 3870 2438 adversas

2283 2482 2338 2528 et
2367 2474 2543 2528 tristes
2569 2474 2789 2528 immisit
2815 2483 3080 2544 tamquam
3132 2475 3430 2546 ptedagogis
3473 2484 3528 2530 et
3571 2488 3872 2547 pracepto-

2285 2563 2434 2616 ribus
2465 2564 2712 2632 prmsenti
2737 2564 2952 2619 tradens
2979 2563 3325 2628 tribulationi,
3357 2581 3461 2634 quo
3484 2582 3576 2635 per
3607 2566 3723 2619 hinc
3747 2581 3874 2618 eor-

2285 2653 2416 2706 recti
2469 2661 2525 2708 et
2566 2653 2864 2718 moderati,
2913 2664 3193 2723 postquam
3243 2655 3572 2709 tolerantiam
3610 2671 3868 2719 onmem,

2283 2757 2598 2812 omnemque
2627 2741 2958 2812 disciplinam
3023 2743 3386 2808 didicerimus,
3427 2759 3552 2799 mox
3583 2744 3648 2798 ad
3693 2746 3871 2814 perfe-

2285 2841 2424 2885 ctam
2451 2843 2662 2886 aitatem
2688 2833 2856 2899 ducti,
2884 2831 3133 2887 etelorum
3165 2849 3384 2902 regnum
3416 2833 3709 2890 hereditate
3733 2851 3872 2890 con-

2292 2936 2576 2991 sequamur
2607 2942 2619 2975 :
2651 2923 2741 2977 sed
2769 2923 2914 2992 prius
2937 2923 3157 2978 idoneos
3187 2924 3357 2978 reddit
3397 2925 3463 2979 ad
3490 2925 3719 2980 dandam
3751 2928 3870 2981 dis-

2283 3013 2646 3081 pensationem
2664 3013 2985 3079 divitiarum,
3007 3022 3060 3067 et
3084 3015 3422 3083 postmodum
3447 3017 3586 3084 ipsas
3605 3017 3870 3086 praebebit

2284 3101 2518 3157 divitias.
2549 3103 2661 3159 Nisi
2689 3103 2829 3158 enim
2860 3103 2961 3158 hoc
2989 3103 3224 3170 fecisset,
3278 3105 3580 3161 divitiarum
3623 3111 3872 3178 erogatio

2281 3207 2389 3248 non
2435 3193 2675 3260 donum,
2718 3196 2812 3248 sed
2859 3195 2988 3249 ultio
3033 3195 3220 3250 fuisset
3257 3206 3310 3251 et
3334 3213 3508 3266 ptena.
3541 3199 3694 3253 Sicut
3722 3203 3869 3254 enim

2281 3299 2416 3354 puer
2438 3286 2692 3355 insipiens
2718 3295 2772 3341 et
2799 3287 3048 3358 prodigus
3085 3297 3355 3357 paternam
3385 3291 3687 3358 suscipiens
3711 3291 3871 3346 herc-

2280 3375 2520 3442 ditatem,
2571 3376 2638 3429 ab
2682 3376 2780 3431 hac
2812 3380 2922 3446 ipsa
2963 3379 3340 3446 przecipitatur,
3363 3380 3700 3448 prudentiam
3755 3398 3865 3435 non

2281 3462 2480 3519 habens
2507 3466 2846 3534 pecuniarum
2871 3467 3249 3536 dispensationi
3274 3485 3485 3538 parem;
3510 3471 3710 3527 si.vero
3741 3488 3866 3541 pru-

2279 3556 2410 3610 dens
2430 3558 2518 3622 sit,
2539 3559 2757 3627 probus,
2782 3567 3102 3628 temperans,
3128 3569 3181 3615 et
3201 3561 3468 3616 modestus
3491 3562 3539 3616 in
3559 3567 3865 3619 necessaria

2279 3647 2593 3717 dispensans
2622 3661 2840 3718 paterna
2873 3650 3032 3716 bona,
3064 3651 3394 3720 splendidior
3437 3653 3504 3706 ita
3556 3654 3613 3707 lit
3643 3664 3699 3709 et
3743 3655 3863 3710 illu—

2279 3741 2444 3795 strior
2474 3759 2488 3794 :
2514 3742 2590 3796 sic
2611 3751 2666 3796 et
2692 3741 2744 3795 in
2777 3741 2927 3797 nobis
2969 3751 3052 3797 est
3077 3758 3296 3798 necesse
3315 3746 3548 3800 evenire.
3572 3744 3707 3800 Cum
3748 3749 3862 3817 spi-

2279 3831 2521 3886 ritnalem
2566 3832 2898 3900 prudentiam
2963 3835 3366 3904 acceperimus,
3419 3852 3541 3890 eum
3584 3838 3635 3890 in
3687 3839 3862 3893 virum

2280 3930 2566 3996 perfectum
2592 3943 2799 3993 omnes,
2829 3929 2880 3982 in
2907 3930 3077 3984 tetatis
3108 3945 3412 3985 mensuram
3435 3933 3860 4000 pervenerimus,

2281 4028 2405 4074 tunc
2451 4020 2604 4074 nobis
2642 4019 2801 4073 tradit
2853 4021 3031 4073 omnia
3088 4036 3206 4088 qua:
3260 4021 3524 4090 pollicitus
3554 4030 3682 4087 est;
3719 4038 3858 4076 nunc

2279 4125 2405 4164 vero
2424 4121 2688 4180 tamquam
2721 4127 2914 4180 pueros
2942 4127 3134 4180 parvos
3159 4112 3317 4167 docet
3335 4128 3456 4166 eum
3485 4113 3858 4172 exhortatione

2277 4210 2332 4256 et
2351 4201 2732 4257 consolatione.
2758 4203 2868 4258 Nec
2897 4203 2998 4259 hoc
3017 4205 3188 4260 solum
3215 4213 3298 4259 est
3321 4205 3743 4260 emolumentum
3793 4223 3860 4262 ex

2277 4293 2565 4362 praemissis
2595 4294 3044 4361 tribulationibus,
3075 4312 3261 4351 verum
3289 4306 3344 4351 et
3363 4297 3504 4351 aliud
3528 4298 3620 4352 illo
3649 4314 3760 4354 non
3790 4302 3858 4354 in-

2275 4381 2459 4438 ferius.
2476 4385 2575 4450 Qui
2594 4386 2737 4439 enim
2760 4387 2904 4455 prius
2916 4396 3034 4442 erat
3049 4388 3102 4442 in
3123 4387 3347 4453 deliciis,
3363 4405 3484 4442 mox
3504 4391 3855 4458 postdelicias

2277 4475 2525 4531 ultionem
2539 4485 2876 4546 exspectans,
2891 4493 3061 4548 neque
3077 4481 3428 4548 prmsentibus
3441 4479 3635 4536 fruitur
3649 4483 3853 4538 deliciis

2275 4577 2493 4638 propter
2519 4567 2810 4623 futurarum
2841 4569 3204 4624 molestiarum
3233 4573 3729 4640 exspectationem;
3767 4576 3856 4645 qui

2274 4674 2402 4713 vero
2431 4661 2579 4730 prius
2597 4669 2712 4714 erat
2737 4659 2790 4713 in
2819 4660 3078 4723 tristibus,
3106 4660 3298 4716 deinde
3325 4670 3444 4730 post
3464 4662 3580 4717 haec
3600 4665 3857 4720 suavibus

2274 4753 2554 4820 petiturus,
2567 4753 2728 4805 etiam
2751 4761 3039 4822 prtesentes
3055 4752 3390 4807 difﬁcultates
3408 4763 3626 4824 propter
3645 4755 3853 4810 futuro-

2274 4857 2391 4895 rum
2412 4856 2560 4910 spem
2587 4841 2845 4897 bonorum
2867 4843 3178 4898 contemnit.
3198 4843 3313 4897 Non
3337 4844 3494 4912 igitur
3522 4847 3706 4900 tutela:
3731 4856 3852 4900 tan-

2275 4942 2382 4988 tum
2406 4948 2566 4988 causa
2584 4942 2800 5002 nostrae,
2818 4949 3002 4990 verum
3017 4944 3070 4989 et
3085 4935 3371 5002 voluptatis
3385 4943 3439 4989 et
3459 4935 3853 4990 consolationis

2275 5025 2450 5094 priora
2470 5024 2652 5080 statuit
2676 5040 2796 5081 esse
2813 5026 3033 5082 molesta
3051 5066 3066 5092 ,
3096 5034 3154 5079 ut
3178 5024 3475 5080 futurorum
3501 5040 3598 5093 Spe
3623 5027 3853 5080 relevati

2272 5116 2477 5170 nullum
2507 5117 2852 5186 praesentium
2879 5117 3151 5187 capiamus
3173 5131 3410 5171 sensum.
3444 5116 3512 5170 Et
3537 5115 3642 5170 hoc
3676 5117 3852 5186 ipsum

2274 5207 2471 5263 Paulus
2497 5208 2798 5279 signiticans
2819 5206 3030 5262 dicebat
3061 5225 3076 5262 :
3101 5206 3457 5262 Homentanea
3491 5207 3668 5261 levitas
3693 5209 3854 5262 tribu-

2269 5299 2474 5354 lationis
2516 5308 2700 5354 nostris
2740 5315 2899 5368 supra
2925 5298 3131 5353 modum
3177 5299 3232 5352 in
3272 5297 3578 5352 sublimitate
3603 5308 3853 5352 tetanum

2271 5390 2469 5461 pondus
2497 5391 2676 5461 gloria:
2709 5390 2852 5444 nobis
2881 5399 3140 5460 operatur,
3167 5406 3269 5444 non
3297 5390 3735 5444 considerantibus
3753 5407 3850 5443 no-

2268 5481 2344 5534 bis
2363 5497 2475 5553 qua:
2499 5483 2748 5546 uidentur,
2773 5482 2861 5536 sed
2881 5497 2994 5553 qua:
3020 5498 3123 5535 non
3149 5481 3383 5534 uidentur
3411 5480 3502 5552 (2.
3526 5479 3648 5534 Cor.
3671 5481 3729 5536 4.
3763 5483 3848 5536 l7.

2273 5575 2338 5630 l8
2369 5574 2409 5641 ).
2435 5573 2628 5628 Levcm
2680 5573 2964 5642 appellavit
3011 5572 3404 5627 tribulationem
3426 5613 3441 5639 ,
3489 5587 3598 5626 non
3629 5583 3850 5642 propter

2272 5666 2536 5736 propriam
2579 5666 2822 5736 gravium
2871 5675 3136 5731 naturam,
3169 5665 3264 5720 sed
3296 5674 3515 5736 propter
3540 5664 3844 5727 futurorum

2273 5759 2720 5827 exspectationem
2767 5757 3048 5815 bonorum.
3082 5757 3230 5815 Sicut
3262 5758 3404 5814 enim
3443 5775 3711 5820 mercator
3739 5782 3839 5823 non
