3920 6224
43 349 165 410 16⁸1

32 462 252 540 ὥσπερ
285 467 492 538 ἔλεγεν,
552 471 875 542 Ἔτει-νόμην
917 475 1044 543 τοῖς
1091 479 1338 548 ἀνόμοις
1370 481 1451 546 ὡς
1491 480 1736 549 ἄνομος,

32 553 219 608 τοῦτο
239 556 339 609 καί
367 557 605 611 ἐνταῦθα
644 559 934 631 ἔπραττεν.
966 564 1064 617 Ἂν
1098 564 1308 638 ἀκούσῃ
1343 567 1538 638 δεσμὰ,
1583 567 1739 637 φησὶ,

31 641 143 694 καὶ
171 640 412 713 ϐλίψεις,
442 644 646 710 εὐθέως
668 648 946 721 ἀποπηδᾷ’
986 651 1087 704 οὑκ
1117 647 1225 705 οἶδε
1262 653 1372 707 τῶν
1399 653 1614 724 δεσμῶν
1640 652 1741 724 τὴν

31 724 317 799 δύναμιν·
352 731 591 799 γενέσθω
629 734 895 806 πρότερον
944 738 1158 801 πιστὸς,
1196 738 1482 806 γευσάσθω
1509 740 1603 792 τοῦ
1637 756 1742 809 κη-

39 814 368 887 ρύγματος,
395 821 486 874 καὶ
519 821 640 873 τότε
667 823 761 875 καὶ
788 824 953 887 αὐτὸς
973 824 1356 895 ἐπιδραμεῖται
1389 829 1503 890 τοῖς
1523 826 1740 896 δεσμοῖς

32 902 293 968 τούτοις.
321 906 568 961 Ἤκουσα
584 908 679 962 τοῦ
707 910 976 964 Δεσπότου
1004 928 1104 981 μου
1120 911 1389 980 λέγοντος,
1418 913 1500 965 ὅτι
1532 912 1742 979 Οὐδείς

34 989 375 1046 ἐπιϐάλλει
406 994 705 1063 ἐπίϐλημα
718 994 950 1063 ῥάκους
969 996 1244 1067 ἀγνάφου
1270 1000 1367 1052 ἐπὶ
1401 1000 1608 1067 ίματίῳ
1630 1015 1743 1053 πα-

34 1078 233 1145 λαιῷ,
262 1081 396 1135 ἐπεὶ
427 1083 579 1150 αἴρει
615 1084 682 1137 τὸ
717 1084 1008 1155 πλήρωμα
1043 1088 1252 1152 αὐτοῦ,
1306 1088 1406 1140 καὶ
1442 1087 1643 1156 χεῖρον
1675 1087 1742 1141 τὸ

38 1167 303 1236 σχίσμα
352 1168 598 1237 γίνεταιο
643 1170 787 1225 οὐδὲ
838 1171 1192 1236 βάλλουσιν
1245 1169 1415 1227 οἶνον
1463 1173 1607 1227 νέον
1651 1176 1741 1239 είς

36 1252 301 1320 ἀσκοὺς
342 1256 661 1322 παλαιοὺς,
691 1257 822 1312 ἐπεὶ
843 1257 1181 1327 ῥήγνυνται
1217 1264 1271 1315 οἱ
1301 1261 1502 1314 ἀσκοί.
1541 1262 1607 1314 Ἦ
1635 1260 1739 1330 ψυ-

37 1340 119 1411 χὴ
158 1343 198 1413 ἡ
229 1342 426 1396 τούτου
459 1345 671 1416 ἱμάτιόν
714 1347 832 1400 ἐστι
868 1347 1120 1414 παλαιὸν,
1160 1350 1255 1403 καὶ
1298 1348 1466 1413 ἀσκὸς
1489 1348 1738 1412 παλαιόςο

36 1428 153 1482 οὐκ
186 1429 467 1503 ἀνενεώθη
500 1434 567 1503 τῇ
610 1433 813 1498 πίστει,
850 1436 951 1487 οὐκ
982 1436 1331 1507 ἀνεκαινίσθη
1356 1439 1420 1508 τῇ
1455 1436 1550 1490 τοῦ
1575 1435 1742 1488 Πνεύο

42 1531 233 1585 ματος
253 1516 462 1587 χάριτι,
495 1518 728 1589 ἀσθενής
761 1521 912 1575 ἐστιν
957 1521 1037 1575 ἔτι
1067 1522 1163 1576 καὶ
1198 1525 1402 1594 γήϊνος,
1434 1522 1583 1594 [166]
1616 1522 1743 1593 βιω-

36 1603 185 1656 τικά
210 1608 423 1676 φρονεῖ,
456 1607 704 1680 καὶπρὸς
729 1609 826 1679 τὴν
853 1612 1124 1683 κοσμικὴν
1144 1611 1443 1679 φαντασίαν
1459 1612 1739 1681 ἐπτόηται,

36 1688 222 1760 δόξης
273 1694 380 1763 ἐρᾷ
437 1693 537 1763 τῆς
571 1694 877 1766 παρούσης.
918 1698 1017 1750 Ἂν
1073 1700 1139 1750 ἐκ
1192 1697 1498 1769 προοιμίων
1538 1698 1741 1762 εὐθέως

35 1777 301 1849 ἀκούσῃ,
330 1779 413 1833 ὅτι
433 1779 724 1851 γενόμενος
756 1783 1081 1853 Χριστιανὸς
1108 1783 1392 1854 δεσμώτης
1425 1784 1624 1846 εὐθέως
1646 1801 1741 1852 γε-

36 1866 292 1936 νήσεται
344 1867 439 1921 καὶ
483 1866 673 1923 ἅλυσιν
723 1871 1122 1942 περικείσεται,
1153 1870 1464 1941 αἰσχυνθεὶς
1504 1872 1597 1925 καὶ
1618 1873 1744 1942 ἐρυε-
1791 1892 1796 1897 η

36 1951 297 2023 θριάσας
320 1955 833 2027 άποπηδήσεταιτοῦ
859 1959 1232 2030 κηρύγματος·
1255 1958 1345 2013 διὰ
1368 1959 1526 2013 τοῦτό
1553 1976 1738 2029 φησιν,

38 2042 241 2095 Ἄνευ
268 2041 390 2096 τῶν
409 2042 647 2113 δεσμῶν
673 2048 918 2111 τούτων,
949 2047 1053 2100 οὑκ
1083 2047 1223 2100 αὑτά
1247 2046 1316 2100 τὰ
1340 2046 1516 2116 δεσμὰ
1542 2064 1743 2115 παραι-

32 2128 353 2200 τούμενος,
379 2130 455 2203 μὴ
482 2131 691 2200 γένοιτο
711 2133 853 2189 ιάλλ’
885 2134 1094 2188 ἐκείνου
1134 2137 1201 2205 τῇ
1236 2135 1491 2207 ἀσθενείᾳ
1540 2152 1741 2204 συγκαο

31 2216 359 2280 ταϐαίνων,
395 2219 519 2273 ἐπεὶ
550 2219 716 2285 αὐτὸς
748 2220 922 2286 οὑτως
956 2221 1099 2276 αὐτὰ
1135 2223 1280 2292 φιλεῖ
1300 2224 1394 2277 καὶ
1413 2222 1739 2288 ἀσπάζεται,

31 2304 124 2370 ὡς
159 2305 311 2376 γυνὴ
337 2305 662 2377 φιλόκοσμος
696 2310 762 2361 τὰ
792 2309 993 2380 χρυσία
1025 2322 1050 2349 ει
1079 2310 1146 2364 τὰ
1170 2311 1386 2382 ἑαυτῆς.

115 2392 313 2446 Πόθεν
347 2393 505 2447 τοῦτο
542 2395 734 2467 δῆλον;
776 2397 971 2465 Χαίρω
1004 2397 1075 2450 ἐν
1102 2397 1227 2462 τοῖς
1260 2397 1574 2467 παθήμασί
1597 2417 1739 2469 μου,

33 2478 219 2551 φησι,
251 2480 352 2534 καὶ
377 2482 817 2552 ἀνταναπληρῶ
831 2485 905 2538 τὰ
929 2485 1313 2553 ὑστερήματα
1341 2482 1460 2539 τῶν
1477 2486 1743 2555 θλίψεων

31 2566 161 2622 τοῦ
201 2570 467 2637 Χριστοῦ
499 2571 569 2624 ἐν
602 2571 677 2639 τῇ
707 2574 891 2641 σαρκί
916 2590 1059 2642 μου.
1094 2574 1205 2627 Καὶ
1241 2574 1421 2628 πάλιν·
1449 2574 1577 2629 Ὅτι
1600 2574 1743 2644 ὑμῖν

31 2656 357 2726 ἐχαρίσθη
386 2658 504 2712 ἀπὸ
542 2658 649 2713 τοῦ
672 2659 955 2728 Χριστοῦ,
1004 2664 1077 2715 οὐ
1102 2662 1298 2731 μόνον
1337 2663 1403 2715 τὸ
1436 2666 1525 2728 εις
1553 2662 1745 2717 αὐτὸν
1770 2728 1775 2733 δ

32 2744 400 2810 πιστεύειν,
430 2746 593 2802 ἀλλὰ
649 2748 747 2801 καί
788 2749 855 2802 τὸ
887 2748 1041 2817 ὑπὲρ
1091 2749 1276 2805 αὐτοῦ
1321 2749 1601 2820 πάσχειν.
1635 2751 1742 2804 Καὶ

32 2832 249 2887 πάλιν·
287 2835 372 2888 Οὐ
404 2835 599 2902 μόνον
637 2833 725 2901 δὲ,
783 2834 945 2890 ἀλλὰ
982 2836 1082 2890 καί
1129 2836 1484 2907 καυχώμεθα
1514 2838 1585 2892 ἐν
1612 2838 1742 2906 ταῖς

35 2921 381 2988 θλίψεσιν.
411 2921 475 2974 Εἰ
503 2922 683 2975 τοίνυν
710 2922 891 2994 χαίρει
913 2924 1008 2977 καὶ
1041 2926 1332 2994 καυχᾶται,
1369 2924 1463 2978 καὶ
1496 2924 1743 2997 χάρισμα

33 3008 107 3060 τὸ
141 3008 399 3079 πρᾶγμα
430 3008 604 3073 καλεῖ,
645 3009 869 3080 εὑδηλον
921 3011 1004 3064 ὅτι
1058 3010 1148 3065 διὰ
1175 3011 1274 3082 τὴν
1320 3012 1499 3065 αἰτίαν
1537 3012 1742 3085 ταύτην

36 3095 203 3166 πρὸς
237 3096 335 3149 τὸν
367 3096 625 3169 δικαστὴν
658 3099 686 3138 δ
727 3098 1108 3169 διαλεγόμενος
1162 3099 1336 3153 ταῦτα
1378 3098 1584 3169 ἐλεγενο
1622 3102 1744 3156 ἐπεὶ¹

38 3184 151 3237 καὶ
182 3185 275 3248 εἰς
305 3183 553 3255 ἀνάγκην
581 3184 814 3256 ἀλλαχοῦ
846 3185 1010 3239 πάλιν
1046 3185 1305 3257 ἐμπεσὼν
1341 3187 1434 3240 τοῦ
1463 3189 1744 3260 καυχήσα-

45 3271 220 3335 σθαι,
257 3270 420 3326 τοῦτο
440 3273 574 3326 αὐτὸ
601 3273 938 3327 ἐνδείκνυται
958 3272 1152 3339 λέγων’
1186 3274 1442 3329 Ἥδιστα
1463 3272 1577 3329 οὖν
1608 3291 1747 3331 καυ-

40 3360 361 3430 χήσομαι,
394 3362 578 3431 φησὶν,
611 3360 682 3415 ἐν
727 3362 855 3428 ταῖς
905 3360 1247 3428 ἀσθενείαις
1286 3379 1431 3432 μου,
1462 3363 1532 3417 ἐν
1562 3361 1745 3433 ἀνάγ-

39 3464 227 3512 καις,
261 3446 337 3501 ἐν
354 3447 620 3516 ὕϐρεσιν,
643 3448 713 3503 ἐν
739 3448 1036 3518 διωγμοῖς,
1064 3449 1134 3503 ἐν
1168 3451 1616 3520 στενοχωρίαις,
1646 3452 1745 3505 ἵνα

36 3534 466 3604 ἐπισκηνώσῃ
512 3536 605 3589 ἐπ’
640 3536 745 3605 ἐμὲ
786 3539 823 3606 ἠ
873 3538 1126 3607 δύναμις
1164 3538 1272 3592 τοῦ
1319 3539 1600 3606 Χριστοῦ·
1651 3541 1746 3594 καὶ

38 3624 256 3678 πάλιν·
294 3625 364 3678 Εί
397 3624 736 3694 καυχᾶσθαι
769 3625 877 3690 δεῖ,
895 3626 968 3680 τὰ
995 3624 1104 3695 τῆς
1128 3627 1448 3693 ἀσθενείας
1462 3643 1583 3696 μου
1611 3644 1745 3682 καυ·

36 3712 366 3784 χήσομαι.
413 3712 517 3764 Καὶ
551 3711 785 3783 ἅλλαχοῦ
819 3713 1128 3783 συγκρίνων
1163 3713 1354 3768 ἐαυτὸν
1399 3715 1625 3787 ἑτέροις,
1652 3715 1747 3769 καὶ

36 3802 159 3872 τὴν
193 3798 344 3853 κατά
362 3797 647 3872 σύγκρισιν
664 3801 937 3873 ὑπεροχὴν
964 3803 1099 3872 ἡμῖν
1127 3801 1555 3874 ἐνδεικνύμενος,
1581 3804 1749 3857 οὑτω·
1801 3846 1807 3852 .

40 3889 106 3944 σί
145 3886 280 3952 πώς
332 3905 484 3958 φησι·
532 3886 806 3943 Διάκονοι
861 3890 1119 3956 Χριστοῦ
1171 3893 1310 3944 εἱσι*
1347 3893 1750 3962 παραφρονῶν

36 3975 265 4041 λαλῶ,
298 3975 450 4044 ὑπὲρ
472 3975 604 4047 ἐγώ.
634 3977 743 4031 Καὶ
768 3976 938 4041 δεῖξαι
967 3977 1289 4049 βουλόμενος
1318 3980 1417 4049 τὴν
1451 3979 1746 4051 ὑπεροχὴν,

43 4067 161 4134 οὐχ
196 4065 288 4116 ὃτι
309 4064 539 4134 νεκροὺς
562 4063 882 4134 ἀνέστησεν,
912 4064 1021 4119 οὐδ’
1049 4065 1132 4117 ὅτι
1157 4065 1419 4135 δαίμονας
1447 4066 1746 4138 ἀπήλασεν,

44 4153 171 4207 οὐδ’
201 4152 289 4204 ὅτι
308 4151 544 4222 λεπροὺς
575 4151 922 4223 ἐκαθάρισεν,
948 4153 1059 4206 οὐδ’
1083 4153 1164 4206 ὅτι
1205 4154 1333 4208 ἄλλο
1364 4155 1540 4207 τιτῶν
1570 4156 1748 4208 τοιού-

43 4258 174 4294 των
202 4239 492 4308 ἐποίησεν,
524 4234 700 4302 εἶπεν,
724 4239 859 4292 ἀλλά
884 4240 969 4305 τί;
998 4241 1121 4294 Ὅτι
1146 4241 1215 4294 τά
1243 4243 1413 4314 μυρία
1445 4242 1611 4296 ἔπαθε
1640 4243 1750 4296 δει-

46 4329 149 4382 νά.
194 4324 388 4380 Εἰπὼν
418 4324 568 4394 γοῦν,
618 4327 698 4379 ὅτι
746 4328 924 4396 ’Υπὲρ
957 4327 1090 4396 ἐγὼ.
1135 4331 1383 4399 ἐπήγαγε
1422 4330 1530 4385 τῶν
1560 4348 1753 4402 πειρα-

47 4414 230 4487 σμῶν
263 4413 327 4466 τδ
361 4412 562 4484 πλῆθος
594 4414 735 4467 οὕτω
780 4414 974 4482 λέγων’
1018 4412 1119 4467 Ἐν
1164 4414 1428 4485 πληγαῖς
1453 4419 1755 4484 ὑπερϐαλ-

40 4506 329 4568 λόντως,
369 4501 441 4553 ἐν
462 4500 738 4568 θανάτοις
759 4501 1078 4567 πολλάκις,
1102 4501 1172 4555 ἐν
1204 4502 1510 4572 φυλακαῖς
1542 4518 1753 4572 περισ-

43 4589 361 4655 σοτέρως·
420 4588 536 4642 ὑπὸ
600 4589 906 4644 Ἰουδαίων
964 4587 1250 4655 πεντάκις
1300 4589 1756 4660 τεσσαράκοντα

45 4685 238 4751 παρὰ
266 4688 421 4749 μίαν
451 4678 693 4744 ἔλαϐον,
737 4679 864 4747 τρὶς
908 4679 1328 4748 ἐρῤαϐδίσθην,
1373 4679 1535 4743 ἅπαξ
1567 4681 1758 4735 ἐλιθά-

44 4775 258 4839 σθην·
286 4768 417 4836 τρὶς
441 4766 814 4837 ἐναυάγησα,
842 4766 1224 4837 νυχθήμερον
1241 4767 1312 4820 ἐν
1351 4765 1431 4832 τῷ
1457 4767 1630 4834 βυθῷ
1662 4786 1759 4823 πε.

47 4861 331 4924 ποίηκα,
364 4858 460 4910 καὶ
490 4856 559 4909 τά
580 4854 743 4909 λοιπὰ
781 4853 1017 4909 ἅπαντα.
1052 4854 1211 4909 Οὕτω
1238 4855 1512 4927 πανταχοῦ
1551 4857 1759 4927 καυχᾶ-

47 4965 158 5003 ται
192 4947 259 4998 ἐν
293 4946 413 5007 ταῖς
438 4941 683 5011 θλίψεσιν
716 4945 743 4996 6
782 4941 1015 5005 Παῦλος,
1059 4941 1155 4996 καὶ
1186 4942 1652 5011 ἐγκαλλωπίζεται
1680 4944 1759 5017 τῷ

50 5034 378 5109 πράγματι
406 5031 523 5102 μεθ’
552 5028 876 5102 ὑπερϐολῆς⁹
893 5031 985 5084 καὶ
1014 5030 1161 5101 μάλα
1180 5029 1423 5095 εἰκότως.
1457 5032 1628 5086 Τοῦτο
1650 5033 1759 5105 γάρ

53 5121 282 5180 ἐστινὸ
320 5119 553 5190 μάλιστα
577 5119 677 5189 τὴν
715 5117 942 5189 δύναμιν
994 5118 1327 5172 ἐνδείκνυται
1361 5117 1457 5174 τοῦ
1493 5118 1759 5190 Χριστοῦ,

57 5216 152 5266 ὅτι
185 5210 286 5264 διὰ
304 5206 560 5261 τοιούτων
589 5205 898 5277 ἐκράτησαν
919 5205 968 5257 οἱ
984 5204 1292 5269 ἀπόστολοι,
1320 5205 1406 5259 διὰ
1433 5206 1646 5276 δεσμῶν
1667 5210 1761 5262 καὶ

60 5298 329 5367 θλίψεων
351 5296 445 5349 καὶ
467 5295 743 5365 μαστίγων
773 5293 864 5347 καὶ
889 5292 998 5346 τῶν
1024 5292 1267 5363 ἐσχάτων
1295 5291 1501 5349 κακῶν.
1515 5293 1620 5347 Δύο
1653 5297 1760 5369 γὰρ

61 5388 263 5443 ταῦτα
298 5385 330 5438 ὁ
359 5382 593 5454 Χριστὸς
616 5379 1192 5453 ἐπηγγείλατο,θλῖψιν
1229 5380 1322 5434 καὶ
1338 5380 1541 5445 ἄνεσιν,
1568 5382 1766 5448 πόνους

63 5477 173 5531 καὶ
198 5471 528 5541 στεφάνους,
552 5468 780 5541 ἱδρῶτας
802 5468 894 5521 καὶ
912 5467 1164 5538 ἀμοιϐάς,
1180 5467 1389 5539 χρηστά
1411 5468 1754 5542 καὶλυπηρὰ·

61 5561 224 5619 ἀλλά
237 5561 311 5613 τά
332 5560 429 5630 μὲν
441 5558 661 5630 λυπηρά
691 5557 832 5611 κατά
860 5557 949 5609 τὸν
973 5555 1215 5626 παρόντα
1255 5555 1368 5625 βίον
1389 5555 1609 5623 δέδωκε,
1623 5556 1693 5611 τά
1708 5558 1763 5611 δὲ

66 5649 309 5723 χρηστά
326 5649 404 5710 εἰς
422 5646 514 5698 τὸν
534 5644 795 5716 μέλλοντα
806 5643 979 5698 αἰῶνα
992 5652 1012 5680 ε
1032 5642 1413 5713 ἐταμιεύσατο,
1428 5643 1562 5715 ὁμοῦ
1579 5662 1640 5699 τε
1664 5644 1765 5699 δει-

64 5741 240 5800 κνὺς,
259 5735 347 5790 ὅτι
364 5733 466 5788 ούκ
486 5732 673 5802 ἀπατᾷ
686 5732 815 5794 τοὺς
833 5729 930 5784 ἀνθ
942 5728 1176 5801 ρώπους,
1195 5731 1288 5783 καὶ
1308 5731 1439 5785 αὑτὸ
1458 5731 1563 5786 τῶν
1577 5732 1764 5787 δεινῶν

135 5827 171 5859 ⁸
203 5822 292 5873 Sic
314 5823 464 5869 Saxil.
503 5821 686 5878 rectius
704 5832 848 5880 quam
875 5817 1008 5880 vulg.
1027 5817 1222 5882 χρύσεα.
1254 5817 1387 5868 Enn.

132 5884 169 5925 υ
206 5885 364 5934 Savil.
388 5884 468 5930 τὸν
500 5883 710 5938 Φῆστον.

136 5950 168 5983 ε
196 5946 255 5998 lu
284 5945 400 5996 aiiis
422 5946 570 5992 αἰῶνα
588 5943 730 5992 deest

1021 347 1113 418 AD
1153 363 1483 421 POPULUM
1523 362 2030 421 ANTIOCHENUM
2067 363 2303 422 nomn.
2344 364 2487 421 ττι.

3411 366 3516 423 Ιδθ

1850 476 1912 529 τὸ
1943 479 2199 549 φορτικὸν
2227 478 2627 551 ὑποτέμνεσθαι
2659 481 2725 552 τῇ
2755 479 2909 546 τάξει
2940 478 3282 553 βουλόμενος.
3321 477 3380 532 '0
3412 482 3511 551 μὲν

1847 562 1956 634 γὰρ
2012 564 2236 622 ἀπατῶν
2292 565 2360 619 τὰ
2399 566 2611 637 χρηστά
2665 565 3008 637 προτείνευαι
3063 568 3365 639 πρότερον,
3418 567 3514 621 καὶ

1849 647 2075 718 ὕστερον
2095 652 2291 720 ἐπάγει
2314 653 2385 706 τὰ
2415 652 2655 724 λυπηρά.
2672 648 2795 707 Οἷόν
2809 671 2860 706 τι
2884 653 3049 722 λέγω
3070 652 3516 726 Ἀνδραποδισταὶ

1849 736 2111 801 πολλάκις
2151 740 2341 792 παιδία
2383 740 2557 811 μικρὰ
2612 740 2881 805 συλῶντες
2920 743 3015 796 καὶ
3058 742 3403 805 κλέπτοντες,
3450 740 3512 794 οὑ

1850 823 2066 894 πληγὰς
2090 826 2187 878 καὶ
2222 826 2513 896 μάστιγας,
2548 827 2656 879 οὐδ’
2685 827 2814 881 ἄλλο
2842 845 2894 881 τι
2919 828 3029 881 τῶν
3059 829 3314 882 τοιούτων
3351 830 3502 882 ὑπισ·
3531 841 3537 849 ’

1848 910 2122 982 χνοῦνται,
2180 913 2317 965 ἀλλὰ
2350 913 2694 977 πλακοῦντας
2728 914 2823 968 καὶ
2872 914 3203 987 τραγήματα
3228 915 3322 970 κα)⁵
3351 914 3515 985 ἕτερα

1846 998 2093 1063 τοιαῦτα,
2133 993 2214 1062 οἷς
2242 1002 2275 1070 ἡ
2325 999 2549 1071 παιδικὴ
2596 1002 2806 1072 χαίρειν
2848 1003 3038 1057 εἴωθεν
3064 1004 3273 1074 ἡλικία,
3300 1004 3515 1074 προτεί-

1849 1102 2049 1149 νουσιν,
2087 1085 2176 1139 ἴνα
2219 1086 2430 1150 τούτοις
2470 1090 2653 1140 ἐκεῖνα
2691 1088 3067 1155 δελεασθέντα,
3109 1092 3204 1143 καὶ
3234 1090 3332 1161 τὴν
3363 1091 3516 1145 ἐλευ-

1850 1171 2035 1243 θερίαν
2070 1173 2247 1225 αὐτῶν
2271 1174 2578 1244 ἀποδόμενα
2615 1176 2697 1236 εἰς
2731 1176 2973 1229 κίνδυνον
3000 1178 3217 1250 ἐμπέσῃ
3237 1176 3328 1230 τὸν
3352 1177 3517 1246 ἔσχα-

1847 1258 2115 1331 τον.[167]
2156 1259 2266 1312 Καὶ
2291 1261 2520 1332 ὀρνίθων
2543 1261 2600 1314 δὲ
2629 1263 2723 1315 καὶ
2747 1261 2942 1334 ἰχθύων
2970 1265 3019 1316 οἱ
3040 1263 3340 1335 θηρευταὶ(Ι
3369 1262 3515 1318 οὕτω

1846 1345 1918 1399 τά
1955 1345 2297 1417 θηρευόμενα
2319 1347 2650 1414 δελεάζουσι,
2677 1350 2777 1421 τὴν
2808 1351 3011 1421 συνήθη
3042 1351 3249 1422 τροφὴν
3277 1352 3370 1404 καὶ
3389 1351 3511 1404 καθ’

1848 1433 2042 1504 ἡδονὴν
2063 1436 2176 1496 τοῖς
2202 1435 2593 1507 ἀγρευομένοις
2628 1433 2793 1491 οὖσαν
2828 1441 3089 1510 πρότερον
3119 1439 3512 1511 προτείνοντες,

1849 1520 1947 1572 καὶ
1983 1520 2083 1591 τὴν
2111 1521 2315 1588 παγίδα
2343 1522 2516 1594 ταύτῃ
2558 1524 3021 1596 περιστέλλοντες.
3062 1527 3223 1579 Ὥστε
3263 1524 3519 1583 ἀπατώνο

1847 1622 1955 1660 των
1989 1607 2221 1675 μάλιστα
2249 1607 2406 1663 τοῦτο
2431 1609 2591 1681 ἔργον
2617 1612 2755 1677 ἐστὶ,
2781 1613 3045 1683 πρότερον
3067 1613 3135 1666 τά
3152 1612 3363 1685 χρηστά
3383 1630 3521 1684 προ-

1848 1692 2139 1758 τείνεσθαι,
2178 1690 2298 1748 εἶτα
2333 1695 2559 1768 ὕστερον
2597 1698 2823 1766 ἐπάγειν
2851 1698 2922 1752 τὰ
2941 1699 3180 1769 λυπηρὰ,
3202 1698 3519 1768 κηδομένων

1847 1780 1904 1833 δέ
1931 1780 2025 1834 καὶ
2054 1782 2453 1853 φροντιζόντων
2490 1785 2799 1839 τούναντίον
2829 1785 2997 1839 ἀπαν.
3028 1786 3091 1838 Oi
3118 1784 3249 1852 γοῦν
3283 1786 3520 1856 πατέρες

1849 1868 2179 1933 ἀπεναντίας
2203 1871 2317 1933 τοῖς
2342 1870 2793 1939 ἀνδραποδισταῖς
2819 1872 3084 1925 ποιοῦσιν·
3109 1872 3239 1926 ὅταν
3261 1873 3342 1931 εἰς
3371 1871 3520 1924 διδαο

1852 1955 2103 2009 σκαλεῖον
2154 1956 2413 2027 πέμπωσι
2464 1959 2532 2011 τὰ
2563 1959 2770 2023 παιδία,
2815 1958 3195 2028 παιδαγωγοὺς
3234 1960 3519 2028 ἐφιστῶσι,

1851 2043 2067 2114 πληγὰς
2112 2046 2421 2109 ἀπειλοῦσι,
2478 2047 2642 2115 φόϐον
2703 2047 3127 2117 ἐπιτειχίζουσι,
3169 2047 3262 2101 καὶ
3302 2047 3523 2101 ἐπειδὰν

1847 2130 1947 2201 τὴν
1982 2131 2253 2204 προτέραν
2279 2132 2495 2203 ἡλικίαν
2541 2131 2715 2197 οὕτως
2745 2135 3018 2202 ἀγάγωσι,
3048 2133 3170 2186 τότε
3203 2136 3261 2186 ἐν
3287 2133 3398 2200 ἔξει
3425 2151 3520 2201 γε·

1848 2219 2097 2289 νομένοις
2120 2220 2307 2283 αὐτοῖς
2347 2219 2512 2290 τιμὰς
2561 2223 2655 2273 καί
2682 2221 3001 2284 δυναστείας
3039 2222 3132 2275 καὶ
3160 2220 3368 2293 τρυφὴν
3424 2221 3519 2275 καὶ

1846 2304 1939 2359 τὸν
1968 2306 2144 2359 αὑτῶν
2180 2306 2409 2362 πλοῦτον
2440 2308 2655 2362 ἅπαντα
2675 2309 3085 2380 ἐγχειρίζουσιν.

1920 2391 1983 2447 ε’.
2016 2393 2171 2446 Οὕτω
2200 2395 2295 2448 καὶ
2315 2397 2343 2447 6
2369 2395 2499 2458 Θεὸς
2521 2396 2799 2465 ἐποίησεν,
2817 2397 2877 2449 οὑ
2899 2396 3040 2449 κατὰ
3055 2397 3177 2459 τοὺς
3198 2395 3520 2467 ἀνδραποᾶ-

1850 2480 2001 2543 στάς,
2036 2479 2332 2535 ἀλλὰκατά
2360 2483 2485 2545 τοὺς
2519 2482 2761 2554 πατέρας
2788 2485 2914 2546 τοὺς
2945 2484 3295 2555 κηδομένους*
3324 2483 3524 2554 πρότε-

1853 2587 1943 2639 ρον
1980 2569 2060 2632 εἰς
2088 2569 2157 2622 τὰ
2188 2569 2406 2641 λυπηρὰ
2450 2569 2693 2633 ἐνέϐαλε,
2745 2570 2997 2641 καθάπερ
3028 2570 3398 2639 παιδαγωγοῖς
3427 2570 3524 2625 καὶ

1847 2655 2189 2720 διδασκάλοις
2216 2659 2282 2728 τῇ
2307 2656 2554 2732 παρούσῃ
2579 2657 2755 2727 θλίψει
2789 2657 3139 2729 παραδιδοὺς,
3172 2658 3258 2711 ἵνα
3282 2657 3371 2710 διὰ
3401 2656 3524 2710 τού-

1848 2760 1955 2797 των
1998 2743 2395 2808 παιδευθέντες,
2450 2743 2931 2815 σωφρονισθέντες,
2987 2745 3263 2815 ὑπομονὴν
3304 2744 3527 2799 ἃπασαν

1849 2828 2267 2899 ἐπιδειξάμενοι,
2302 2812 2619 2899 φιλοσοφίαν
2641 2829 2856 2883 ἆπασαν
2882 2812 3161 2900 μαθόντες,
3183 2812 3302 2882 εἶτα
3326 2831 3383 2882 ἐν
3411 2827 3523 2892 ἕξει

1848 2916 2133 2987 γενόμενοι
2161 2917 2258 2989 τὴν
2288 2917 2567 2987 βασιλείαν
2600 2917 2708 2970 τῶν
2736 2917 2981 2989 οὐρανῶν
3006 2917 3520 2987 κληρονομήσωμενσ

1850 3005 2113 3075 πρότερον
2148 3004 2488 3076 ἐπιτηδείους
2523 3004 2892 3058 κατεσκεύασε
2922 3010 3057 3076 προς
3088 3003 3186 3074 τὴν
3215 3002 3525 3073 οἰκονομίαν

1848 3090 1942 3146 τοῦ
1986 3090 2261 3162 διδομένου
2293 3091 2549 3154 πλούτου,
2599 3093 2693 3144 καὶ
2725 3090 2847 3144 τότε
2874 3090 3037 3145 αὑτὸν
3080 3088 3375 3161 ἐγχειρίζει
3429 3089 3525 3144 τὸν

1851 3176 2100 3231 πλοῦτον.
2130 3178 2193 3231 Εἰ
2227 3178 2335 3249 γὰρ
2365 3177 2440 3249 μὴ
2473 3176 2634 3249 τοῦτο
2669 3176 2947 3248 ἐποίησεν,
2973 3178 3007 3248 ἡ
3040 3176 3133 3230 τοῦ
3166 3176 3395 3230 πλούτου
3433 3175 3525 3230 δό-

1853 3281 1956 3328 σις,
1988 3265 2048 3318 ού
2078 3265 2275 3337 δωρεὰ,
2309 3264 2447 3319 ἀλλά
2482 3265 2699 3329 κόλασις
2727 3260 2795 3335 ἦν
2828 3265 2922 3317 καὶ
2966 3264 3227 3335 τιμωρία.
3256 3264 3526 3335 Καθάπερ

1850 3352 1960 3423 7&9
1982 3355 2110 3417 παῖς
2135 3354 2359 3425 ἀνόητος
2384 3353 2480 3407 καὶ
2503 3354 2710 3416 ἄσωτος
2730 3353 2820 3406 τὸν
2840 3352 3091 3425 πατρῷον
3124 3351 3323 3423 κλῆρον
3350 3349 3527 3405 διαδε-

1853 3438 2082 3511 ξάμενος
2128 3440 2219 3493 ὑπ’
2267 3439 2434 3496 αὑτοῦ
2468 3439 2657 3493 τούτου
2710 3438 3231 3510 κατακρημνίζεται,
3268 3437 3529 3509 φρόνησιν

1851 3528 1953 3580 οὑκ
1986 3526 2125 3599 ἔχων
2154 3527 2432 3599 ἀρκοῦσαν
2449 3527 2587 3599 πρὸς
2612 3527 2709 3599 τὴν
2737 3526 2844 3580 τῶν
2872 3527 3170 3599 χρημάτων
3194 3524 3525 3595 οἰκονομίανο

1853 3614 1902 3666 εί
1939 3612 1996 3666 δέ
2023 3613 2243 3677 συνετὸς
2267 3614 2499 3683 γένοιτο,
2545 3614 2640 3667 καὶ
2679 3614 2949 3685 ἐπιεικὴς,
2984 3613 3079 3666 καὶ
3123 3612 3376 3683 σώφρων,
3432 3610 3529 3665 καὶ

1857 3700 2095 3772 μέτριος,
2150 3702 2228 3764 εἰς
2256 3701 2372 3755 δέον
2408 3700 2705 3772 οἰκονομῶν
2755 3700 2824 3755 τὰ
2869 3700 3117 3772 πατρῷα.
3152 3699 3531 3771 λαμπρότερος

1853 3788 2026 3861 ταύτῃ
2063 3790 2159 3843 καὶ¹
2185 3790 2644 3861 περιφανέστερος
2683 3789 2914 3857 γίνεταιο
2951 3788 3092 3842 οὑτω
3124 3789 3216 3841 καὶ
3237 3788 3321 3857 ἐφ’
3372 3785 3531 3858 ἡμῶν

1855 3877 2068 3947 ἀνάγκη
2106 3877 2447 3949 συμϐαίνειν.
2500 3877 2750 3930 Ἐπειδὰν
2797 3875 3011 3929 σύνεσιν
3044 3874 3417 3945 πνευματικὴν
3444 3873 3531 3925 δε-

1857 3960 2099 4033 ξώμεθα,
2141 3963 2361 4016 ἐπειδὰν
2400 3965 2480 4026 εἰς
2515 3963 2684 4034 ἄνδρα
2720 3962 2944 4025 τέλειον,
2977 3963 3056 4025 εἰς
3087 3961 3282 4032 μέτρον
3307 3958 3526 4029 ἡλικίας

1857 4039 2290 4119 καταντήσωμεν
2320 4049 2370 4101 οί
2416 4048 2636 4112 πάντες,
2667 4048 2787 4101 τότε
2824 4049 2956 4118 ἡμῖν
3005 4044 3297 4117 ἐγχειρίζει
3330 4045 3527 4106 πάντα,

1856 4136 1999 4206 ἅπερ
2026 4136 2309 4207 ὑπέσχετο·
2332 4136 2449 4190 νυνὶ
2487 4135 2543 4188 δὲ
2580 4134 2831 4204 καθάπερ
2866 4132 3052 4186 παιδία
3077 4132 3254 4203 μικρά
3281 4131 3529 4185 παιδεύει

1861 4222 1998 4293 μετά
2025 4222 2423 4293 παρακλήσεως
2454 4222 2549 4275 καὶ
2593 4219 2967 4291 παραμυθίας.
3005 4220 3113 4272 Καὶ
3138 4219 3200 4271 οὐ
3238 4217 3395 4271 τοῦτο
3429 4217 3528 4287 μό-

1857 4325 1946 4362 νον
1975 4308 2094 4360 ἐστὶ
2125 4306 2186 4361 τὸ
2226 4307 2415 4379 κέρδος
2444 4307 2551 4360 ἀπὸ
2572 4306 2664 4359 τοῦ
2690 4306 2785 4369 τὰς
2816 4304 3025 4376 θλίψεις
3054 4304 3366 4376 προλαϐεῖν,
3394 4303 3529 4357 ἀλλά

1858 4393 1950 4447 καὶ¹
1979 4393 2164 4465 ἕτερον
2216 4394 2318 4448 οὑκ
2364 4393 2582 4447 ἔλαττον
2619 4392 2829 4446 τούτου.
2870 4392 2930 4445 '0
2978 4393 3081 4463 μὲν
3121 4392 3230 4460 γὰρ
3266 4391 3530 4462 πρότερον

1858 4481 2104 4553 τρυφῶν,
2134 4477 2256 4536 εἶτα
2283 4481 2422 4552 μετά
2440 4481 2539 4550 τὴν
2564 4480 2776 4551 τρυφὴν
2800 4477 3021 4533 κόλασιν
3049 4477 3383 4549 προσδοκῶν,
3411 4475 3532 4528 οὑδὲ

1858 4571 1958 4641 τῆς
1992 4570 2272 4642 παρούσης
2322 4569 2534 4642 τρυφῆς
2575 4567 2914 4632 αἰσθάνεται,
2949 4567 3038 4621 διὰ
3072 4566 3168 4638 τὴν
3204 4562 3532 4637 προσδοκίαν

1861 4658 1970 4712 τῶν
1992 4657 2344 4727 ἐπαγομένων
2372 4654 2580 4709 δεινῶν
2613 4657 2642 4709 ὁ
2671 4654 2727 4707 δὲ
2759 4655 3020 4725 πρότερον
3055 4653 3131 4707 ὢν
3159 4655 3217 4707 ἐν
3247 4652 3531 4723 λυπηροῖς,

1857 4738 1980 4797 εἶτα
2003 4743 2142 4815 μετά
2166 4741 2339 4795 ταῦτα
2372 4740 2579 4813 μέλλων
2602 4740 3002 4796 ἀπολαύσεσθαι
3025 4738 3294 4812 χρηστῶν,
3317 4739 3532 4792 καὶτῶν

1856 4814 2146 4902 ’παρόντων
2177 4829 2421 4899 ὑπερορᾷ
2452 4826 2751 4899 δυσχερῶν,
2795 4827 2885 4881 διὰ
2909 4827 3006 4898 τὴν
3035 4827 3223 4883 ἐλπίδα
3250 4826 3357 4880 τῶν
3408 4825 3534 4898 μελ-

1865 4918 2064 4972 λόντων
2095 4915 2370 4988 χρηστῶν.
2404 4917 2480 4969 Οὐ
2506 4916 2688 4969 τοίνυν
2719 4916 3015 4986 ἀσφαλείας
3039 4915 3223 4969 ἕνεκεν
3255 4916 3411 4987 μόνον
3438 4915 3536 4987 τῆς

1866 5005 2157 5076 ἡμετέρας,
2188 5003 2324 5058 ἀλλά
2371 5003 2465 5057 καί
2512 5002 2708 5074 ἡδονῆς
2755 5004 2852 5059 καὶ
2906 5004 3258 5076 παραμυθίας
3292 5003 3534 5075 πρότερα

1866 5090 2056 5158 ἔταξεν
2097 5087 2238 5144 εἶναι
2282 5090 2350 5145 τὰ
2376 5089 2546 5154 δεινά,
2591 5090 2679 5144 ἴνα
2712 5093 2830 5156 ταῖς
2871 5091 3052 5146 ἐλπίσι
3094 5092 3202 5146 τῶν
3235 5091 3534 5162 μελλόντων
3613 5156 3616 5158 γ

1848 5176 2260 5248 ,κουφιζόμενοῃ
2283 5176 2551 5247 μηδεμίαν
2567 5177 2675 5230 τῶν
2692 5179 2975 5250 παρόντων
2996 5178 3247 5250 λάϐωμεν
3263 5175 3531 5247 αίσθησιν.

1867 5265 1976 5319 Καὶ
1997 5264 2154 5319 τοῦτο
2179 5264 2311 5318 αὑτὸ
2338 5265 2365 5316 6
2397 5263 2606 5327 Παῦλος
2636 5263 2847 5329 δεικνὺς
2881 5266 2972 5318 καὶ
3003 5266 3300 5336 ἐμφαίνων,
3328 5262 3534 5329 ἔλεγεν,

1869 5355 1949 5407 ὅτι
1993 5354 2063 5409 Τὸ
2101 5352 2437 5421 παραυτίκα
2464 5351 2732 5420 ἐλαφρὸν
2776 5350 2888 5420 τῆς
2918 5353 3180 5421 θλίψεως
3211 5347 3378 5418 ἡμῶν
3406 5347 3535 5402 καθ’

1871 5438 2214 5509 ὑπερϐολὴν
2237 5440 2324 5503 εἰς
2345 5436 2690 5511 ὑπερϐολὴν
2718 5437 2957 5492 αἰώνιον
2974 5437 3166 5507 βάρος
3193 5435 3376 5503 δόξης
3407 5449 3537 5489 κατ-

1869 5545 1935 5596 ερ
1943 5523 2167 5596 γάζεται
2185 5524 2349 5594 ἡμῖν,
2362 5523 2449 5595 μὴ
2477 5524 2872 5578 σκοπούντων
2900 5522 3069 5592 ἡμῶν
3083 5523 3152 5576 τὰ
3160 5522 3534 5591 βλεπόμενα,

1871 5613 2034 5666 ἀλλὰ
2070 5610 2141 5665 τὰ
2166 5611 2253 5680 μὴ
2279 5610 2651 5680 βλεπόμενα.
2696 5609 2972 5681 Ἑλαφράν
3013 5610 3111 5682 τὴν
3141 5608 3316 5678 θλῖψιν
3347 5608 3535 5663 ἐκάλε-

1875 5718 1985 5765 σεν,
2015 5701 2077 5753 οὑ
2111 5699 2261 5770 παρὰ
2285 5699 2383 5770 τὴν
2416 5698 2619 5754 οίκείαν
2650 5697 2810 5767 φύσιν
2846 5697 2953 5752 τῶν
2977 5697 3186 5762 δεινῶν,
3223 5696 3356 5752 ἀλλά
3384 5695 3535 5770 παρὰ

1874 5789 1972 5859 τὴν
2001 5786 2326 5857 προσδοκίαν
2355 5786 2462 5839 τῶν
2493 5785 2788 5852 μελλόντων
2816 5786 3050 5855 ἀγαθῶν.
3079 5786 3344 5859 Καθάπερ
3373 5786 3480 5857 γὰρ
3505 5784 3535 5837 6

1934 5936 1964 5980 «1
1987 5938 2407 5999 Ουοιυοινωεομοὶ
2426 5937 2640 5998 {mperat
