3920 6224
377 361 478 420 (69

372 474 612 546 ἔμπορος
638 472 739 528 οὐκ
769 470 1085 528 αἰσθάνεται
1120 465 1386 546 τῆςλκατά
1410 465 1507 534 τὴν
1544 461 1820 519 ναυτιλίαν
1853 459 2040 513 ταλαι-

375 542 610 632 πωρίας,
645 563 713 632 τῇ
759 561 868 613 τῶν
924 557 1160 628 φορτίων
1206 542 1383 608 ἐλπίδι
1439 552 1849 622 κουφιζόμενος,
1898 547 2044 601 καὶὸ

378 649 663 703 πυκτεύων
689 648 948 717 γενναίως
996 645 1151 716 φέρει
1204 642 1272 697 τὰ
1320 641 1611 712 τραύματα
1648 640 1749 707 τῆς
1781 635 2043 706 κεφαλῆς,

380 737 518 808 πρὸς
545 737 636 789 τὸν
665 734 931 804 στέφανον
964 730 1164 785 ἀποϐλέ
1176 747 1310 783 πων·
1340 726 1489 801 [168]
1506 727 1648 781 οὕτω
1673 726 1737 780 δὴ
1761 724 1858 779 καὶ
1888 725 2048 794 ἡμεῖς

382 825 522 897 πρὸς
541 824 630 878 τὸν
663 822 889 894 οὐρανὸν
919 820 1013 874 καὶ
1059 817 1131 873 τά
1174 819 1232 872 ἐν
1281 820 1394 881 τοῖς
1437 816 1686 887 οὐρανοῖς
1718 810 2050 875 ἀτενιζοντες

381 912 582 981 ἀγαθὰ,
611 911 710 964 ὅσα
744 909 811 963 ἂν
842 907 1172 979 ἐπιφέρηται
1195 905 1366 970 δεινά,
1411 903 1590 958 πάντα
1617 900 1881 972 γενναίως
1912 898 2055 953 οἷσο-

385 1016 487 1069 μεν
510 1001 576 1069 τῇ
608 998 815 1068 χρηστῇ
839 995 946 1050 τῶν
983 993 1282 1065 μελλόντων
1322 991 1498 1044 ἐλπίδι
1515 988 1883 1062 νευρούμενοι.
1910 984 2054 1040 Ταύ-

286 1146 289 1147 ,
384 1105 484 1159 την
515 1086 693 1140 τοίνυν
729 1085 985 1147 λαϐόντες
1008 1084 1107 1154 τὴν
1147 1082 1304 1154 ῥῆσιν
1348 1078 1692 1149 ἀπέλθωμεν·
1730 1074 1911 1145 εἰγάρ
1957 1073 2056 1127 καὶ

384 1174 512 1245 ψιλὴ
541 1175 635 1227 καὶ
664 1172 910 1246 βραχεῖα,
950 1170 1085 1225 ἀλλὰ
1106 1169 1304 1239 πολλὴν
1329 1166 1442 1238 ἔχει
1466 1164 1783 1236 φιλοσοφίας
1804 1161 2056 1216 διδασκα-

385 1261 526 1317 λίαν.
568 1261 627 1315 '0
656 1263 713 1315 ἐν
743 1260 904 1333 ὀδύνῃ
931 1260 1025 1314 καὶ
1056 1258 1253 1329 θλίψει,
1301 1254 1578 1329 ἀρκοῦσαν
1619 1253 1734 1324 ἔχει
1768 1248 2055 1322 παράκλη-

386 1367 496 1404 σιν·
530 1352 559 1404 6
595 1352 652 1403 ἐν
680 1352 858 1421 τρυφῇ
914 1347 1009 1401 καὶ
1061 1343 1401 1415 πολυτελείᾳ,
1436 1342 1612 1414 μέγαν
1656 1335 2058 1409 σωφρονισμόν.

390 1439 559 1492 Ὅταν
583 1438 690 1510 γάρ
721 1438 813 1491 ἐπὶ
840 1438 937 1508 τῆς
965 1434 1245 1507 τραπέζης
1279 1430 1668 1502 κατακείμενος
1706 1423 2060 1497 ἀναμνησθῇς

389 1526 490 1597 τῆς
528 1527 739 1596 ρήσεως
772 1523 998 1596 ταύτης,
1018 1521 1392 1592 ἀποπηδήσεις
1416 1517 1627 1588 ταχέως
1650 1515 1748 1586 τῆς
1780 1512 1949 1585 μέθης
1968 1512 2062 1564 καὶ

389 1614 491 1683 τῆς
524 1612 851 1685 ἀδηφαγίας,
884 1609 1069 1683 μαθὼν
1104 1609 1194 1663 διὰ
1218 1609 1316 1679 τῆς
1350 1605 1547 1670 λέξεως
1572 1603 1795 1673 ταύτης,
1836 1601 1916 1653 ὅτι
1977 1599 2064 1652 ἐν-

392 1700 663 1770 αγωνίους
690 1702 840 1772 ἡμᾶς
868 1694 1006 1752 εἶναι
1023 1698 1150 1767 χρή·
1179 1696 1273 1749 καὶ
1298 1693 1435 1765 πρὸς
1448 1691 1634 1745 ἐαυτὸν
1660 1691 1825 1761 ἐρεῖς·
1854 1685 2064 1749 Παῦλος

395 1790 454 1841 ἐν
483 1788 703 1858 δεσμοῖς
732 1787 827 1841 καὶ
860 1782 1274 1855 δεσμωτηρίοις,
1303 1779 1414 1849 ἐγὼ
1444 1779 1501 1832 δὲ
1526 1781 1582 1831 ἐν
1616 1776 1755 1848 μέθῃ
1786 1776 1879 1828 καὶ
1902 1773 2066 1825 πολυ-

394 1875 544 1928 τελεῖ
577 1873 847 1946 τραπέζῃ·
878 1872 974 1926 καὶ
1006 1871 1166 1934 ποίας
1215 1868 1473 1937 τεύξομαι
1505 1862 1866 1933 συγγνώμης;
1898 1860 2068 1912 Τοῦτο

399 1963 495 2016 καὶ
514 1961 759 2030 γυναιξὶν
779 1960 1082 2031 ἐπιτήδειον
1113 1958 1175 2011 τὸ
1198 1957 1368 2028 ῥῆμα·
1400 1956 1457 2009 αἱ
1487 1953 1596 2025 γάρ
1626 1952 1944 2022 φιλόκοσμοι
1974 1949 2069 2002 καὶ

399 2049 731 2113 πολυτελεῖς,
771 2049 866 2102 καὶ
893 2045 1079 2119 χρυσῷ
1110 2058 1136 2086 ι
1168 2042 1435 2099 πάντοθεν
1456 2041 1655 2104 ἐαυτὰς
1692 2036 2070 2106 καταδεσμοῦ-

402 2152 514 2199 σαι,
542 2136 640 2206 τῆς
663 2134 902 2198 ἁλύσεως
930 2133 1133 2202 ταύτης
1146 2129 1598 2200 ἀναμνησθεῖσαι,
1636 2128 1983 2198 μισήσουσιν,
2009 2119 2069 2178 εὖ

399 2220 498 2279 οἷδ’
527 2227 629 2287 ὅτι,
660 2224 755 2278 καὶ
789 2222 1126 2294 βδελύξονται
1171 2220 1262 2273 τὸν
1311 2218 1514 2287 κόσμον
1542 2220 1767 2278 ἐκεῖνον,
1804 2216 1899 2269 καὶ
1935 2217 2072 2285 πρὸς

401 2312 577 2368 ταῦτα
613 2311 945 2384 δραμοῦνται
976 2309 1045 2363 τά
1073 2307 1267 2375 δεσμά.
1307 2308 1520 2358 Ἐκεῖνα
1582 2304 1679 2374 μὲν
1705 2303 1813 2373 γὰρ
1864 2302 2074 2355 πολλῶν

404 2400 590 2455 κακῶν
616 2401 766 2454 αἴτια
796 2397 986 2468 γέγονε
1020 2395 1300 2458 πολλάκις,
1336 2393 1430 2447 καί
1458 2391 1684 2464 μυρίους
1710 2390 1979 2460 πολέμους
1994 2390 2075 2451 εἰς

404 2487 505 2560 τὴν
533 2485 709 2540 οἰκίαν
743 2486 1017 2554 συνήγαγε
1042 2482 1093 2546 ι),
1123 2481 1219 2535 καὶ
1245 2480 1471 2549 φθόνους
1514 2478 1609 2532 καὶ
1638 2477 1935 2549 βασκανίας
1983 2476 2078 2528 καὶ

410 2579 566 2645 μῖσος
590 2573 762 2626 ἔτεκε·
802 2570 978 2624 ταῦτα
1027 2569 1084 2623 δὲ
1122 2569 1221 2636 τῆς
1274 2567 1598 2638 οἰκουμένης
1649 2564 1748 2627 τὰς
1806 2563 2079 2635 ἁμαρτίας

407 2661 586 2726 ἔλυσε,
626 2660 722 2713 καὶ
752 2658 1012 2728 δαίμονας
1041 2656 1297 2727 ἐφόϐησε,
1326 2655 1419 2707 καὶ
1447 2653 1688 2707 διάϐολον
1722 2650 2076 2721 ἐφυγάδευσε.

408 2749 567 2805 Μετά
578 2748 783 2803 τούτων
806 2748 864 2800 ἐν
899 2744 976 2817 τῷ
1001 2742 1358 2815 δεσμωτηρίῳ
1384 2740 1675 2811 διατρίϐων
1695 2739 1786 2793 τὸν
1809 2737 2081 2810 δεσμοφύσ

409 2839 553 2893 λακα
583 2836 789 2897 ἔπεισε,
813 2834 950 2906 μετά
963 2833 1168 2887 τούτοιν
1192 2832 1283 2885 τὸν
1320 2830 1627 2901 Ἀγρίππαν
1659 2826 2004 2880 ἐπεσπάσατο
2025 2834 2048 2863 ε
2064 2863 2078 2888 ,

416 2925 556 2998 μετά
582 2924 787 2979 τούτων
813 2922 1042 2985 πολλοὺς
1075 2919 1318 2991 μαθητὰς
1365 2914 1763 2971 κατεσκεύασεν
1788 2917 1817 2968 6
1848 2912 2083 2977 Παῦλος.

413 3012 517 3068 Διά
541 3012 699 3067 τοῦτο
725 3012 819 3065 καὶ
849 3010 1054 3078 ἔλεγεν·
1073 3011 1175 3063 Ἑν
1198 2998 1247 3073 ᾧ
1268 3002 1589 3061 κακοπαθῶ
1610 3002 1789 3073 μέχρι
1821 3000 2082 3072 δεσμῶν,

413 3103 498 3169 ὡς
522 3100 874 3169 κακοῦργος,
921 3097 1058 3152 ἀλλ’
1099 3098 1132 3149 ό
1165 3095 1346 3161 ,λόγος
1375 3091 1483 3145 τοῦ
1523 3089 1670 3144 Θεοῦ
1708 3092 1785 3144 οὐ
1829 3089 2082 3143 δέδεται.

417 3189 686 3260 Καθάπερ
718 3187 828 3257 γὰρ
855 3185 1050 3239 ἀκτῖνα
1075 3182 1234 3253 δῆσαι
1264 3181 1326 3234 οὐ
1368 3178 1593 3232 δυνατὸν
1620 3176 1745 3232 οὐδὲ
1776 3176 2088 3246 συγκλεῖσαι

418 3280 479 3333 ἐν
504 3277 676 3348 οἰκίᾳ,
706 3272 882 3336 οὐτως
914 3271 1036 3324 οὐδὲ
1086 3270 1181 3322 τοῦ
1235 3266 1589 3338 κηρύγματος
1631 3265 1722 3317 τὸν
1770 3264 1947 3332 λόγον.
1979 3265 2091 3318 Καὶ

420 3364 600 3436 πολλῷ
625 3362 786 3417 πλέον
823 3362 851 3414 ὁ
875 3358 1192 3421 διδάσκαλος
1225 3355 1452 3419 ἐδέδετο,
1480 3353 1574 3407 καὶ
1594 3354 1622 3406 6
1659 3352 1815 3420 λόγος
1844 3351 2088 3405 ἐπέτετο·

422 3460 629 3518 ἐκεῖνος
652 3453 715 3507 τὸ
743 3451 1112 3521 δεσμωτήριον
1145 3447 1299 3519 ᾤκει,
1328 3449 1421 3499 καὶ
1454 3447 1487 3516 ή
1517 3443 1847 3498 διδασκαλία
1878 3462 2093 3517 πτερω-

423 3545 579 3599 θεῖσα
598 3540 907 3611 πανταχόσε
929 3540 1027 3608 τῆς
1055 3536 1376 3607 οἰκουμένης
1402 3536 1607 3603 ἔτρεχε.

504 3632 579 3697 ς’.
616 3629 779 3683 Ταῦτ’
809 3624 902 3681 οὖν
933 3627 1135 3688 εἰδότες
1174 3625 1248 3695 μὴ
1291 3623 1831 3695 προκαταπίπτωμεν
1863 3625 1956 3677 ἐπὶ
1985 3626 2097 3689 τοῖς

428 3721 643 3784 δεινοῖς,
693 3715 829 3770 ἀλλά
870 3714 1069 3786 μᾶλλον
1115 3714 1236 3766 τότε
1268 3710 1623 3782 δυνατώτεροι
1652 3711 1954 3783 γινώμεθα,
1977 3713 2098 3767 τότε

432 3806 792 3879 ἰσχυρότεροι·
842 3804 914 3859 Ἦ
946 3803 1054 3873 γὰρ
1087 3800 1292 3870 θλῖψις
1320 3801 1635 3869 ὑπομονὴν
1666 3799 2096 3872 κατεργάζεται.

429 3897 522 3969 Μὴ
552 3894 807 3966 ἀλγῶμεν
833 3893 926 3946 ἐπὶ
953 3893 1074 3954 ταῖς
1119 3889 1486 3960 ἐπαγομέναις
1520 3891 1846 3960 συμφοραῖς,
1896 3890 2012 3943 ἀλλ’
2042 3892 2100 3946 ἐν

430 3985 635 4040 ἅπασιν
663 3981 1079 4055 εὐχαριστῶμεν
1104 3979 1182 4050 τῷ
1213 3978 1354 4051 Θεῷ.
1402 3979 1670 4050 Δευτέραν
1701 3978 1970 4051 ἑϐδομάδα
2001 3981 2101 4052 τῆς

431 4074 689 4144 νηστείας
719 4070 1092 4143 παρήλθομεν,
1114 4068 1251 4122 ἀλλά
1283 4069 1358 4141 μὴ
1383 4068 1541 4122 τοῦτο
1569 4065 1880 4139 σκοπῶμεν·
1909 4069 1968 4122 οὐ
1995 4068 2104 4142 γὰρ

432 4160 593 4216 τοῦτό
625 4163 742 4214 ἐστι
787 4158 1078 4232 παρελθεῖν
1112 4154 1384 4226 νηστείαν,
1419 4155 1514 4211 ἐὰν
1555 4155 1648 4210 τὸν
1679 4156 1872 4228 χρόνον
1907 4157 2107 4230 παρέλ-

435 4253 641 4320 θωμεν.
669 4247 840 4301 Τοῦτο
863 4245 1229 4316 λογισώμεθα,
1266 4244 1315 4295 εἰ
1346 4243 1755 4314 σπουδαιότεροι
1780 4244 2103 4316 γεγόναμεν,

435 4340 486 4391 εἰ
511 4332 903 4407 διωρθώσαμέν
935 4350 987 4386 τι
1015 4331 1123 4385 τῶν
1156 4330 1441 4402 ἡμετέρων
1474 4330 1894 4403 ἐλαττωμάτων,
1946 4334 1995 4387 εί
2040 4333 2109 4387 τά

442 4425 819 4497 ἁμαρτήματα
846 4419 1251 4491 ἀπενιψάμεθα.
1284 4419 1448 4482 Ἔθος
1498 4418 1700 4472 ἃπασιν
1724 4420 1936 4492 ἐρωτᾷν
1967 4421 2109 4476 κατά

437 4515 538 4586 τὴν
556 4514 735 4566 Τεσσα
744 4510 1034 4583 ρακοστὴν,
1056 4509 1225 4571 πόσας
1243 4508 1472 4571 ἕκαστος
1488 4506 1783 4577 ἑϐδομάδας
1794 4507 2106 4579 ἐνήστευσε·

442 4603 539 4656 καὶ
572 4600 718 4654 ἐστιν
747 4598 978 4653 ἀκοῦσαι
1007 4595 1273 4664 λεγόντων
1301 4593 1409 4648 τῶν
1451 4592 1570 4664 μὲν,
1608 4593 1688 4647 δτι
1735 4593 1848 4655 δύο,
1890 4594 1999 4648 τῶν
2029 4594 2108 4663 δὲ,

438 4689 524 4743 ὅτι
552 4689 722 4759 τρεῖς,
756 4685 866 4738 τῶν
900 4684 976 4751 δὲ,
998 4683 1080 4736 ὃτι
1111 4681 1290 4741 πάσας
1310 4682 1637 4752 ἐνήστευσαν
1667 4680 1765 4744 τὰς
1788 4681 2109 4753 ἑϐδομάδας.

442 4776 557 4831 Καὶ
577 4775 630 4827 τί
658 4774 720 4827 τὸ
752 4771 964 4843 κέρδος,
994 4771 1088 4823 ἐὰν
1120 4768 1315 4842 ἔρημοι
1344 4768 1783 4840 κατορθωμάτων
1827 4768 2112 4844 παρέλθω-

447 4880 549 4934 μεν
578 4861 676 4933 τὴν
724 4860 1013 4932 νηστείαν;
1051 4858 1175 4911 Ἐὰν
1226 4857 1413 4929 ἐτερος
1441 4856 1597 4931 λέγῃ,
1630 4855 1714 4911 ὅτι
1760 4859 1949 4911 Πᾶσαν
1994 4858 2115 4930 ἐνήο

446 4967 647 5005 στευσα
677 4950 775 5019 τὴν
801 4947 1270 5019 τεσσαρακοστὴν,
1299 4947 1364 5000 σὺ
1393 4946 1532 5009 εἰπὲ,
1565 4947 1648 4999 ὃτι
1692 4946 1919 5017 Ἐχθρὸν
1948 4941 2112 5019 εἶχον,

447 5038 541 5091 καὶ
563 5034 929 5107 κατηλλάγην·
960 5032 1079 5097 ἔθος
1101 5029 1245 5104 εἶχον
1261 5034 1611 5104 κακηγορεῖν,
1642 5034 1737 5087 καὶ
1766 5034 2112 5107 ἐπαυσάμην·

448 5125 569 5188 ἔθος
600 5118 747 5195 εἶχον
764 5122 1018 5194 ὀμνύναι,
1053 5120 1149 5175 καὶ
1194 5119 1359 5173 ἔλυσα
1388 5119 1450 5172 τὸ
1500 5120 1735 5194 πονηρὸν
1775 5120 1918 5201 ἔθοςὅ
1952 5122 2118 5177 Οὐδὲν

449 5211 642 5284 ὐφελος
687 5214 800 5274 τοῖς
848 5210 1134 5281 ἐμπόροις,
1167 5208 1232 5263 ἂν
1264 5208 1399 5263 πολὺ
1428 5206 1598 5281 ’[169]
1635 5209 1810 5280 μῆκος
1851 5209 2119 5279 πελάγους

452 5301 909 5376 παραδράμωσιν,
933 5297 1047 5351 ἀλλ’
1077 5299 1171 5352 ἐάν
1204 5298 1341 5369 μετά
1372 5297 1610 5369 φορτίων
1630 5295 1833 5350 πλέωσι
1864 5298 1961 5351 καὶ
1987 5300 2120 5352 πολι

450 5389 550 5462 λῆς
574 5389 673 5460 τῆς
702 5388 990 5461 ἐμπορίας·
1024 5386 1177 5440 οὐδὲν
1206 5385 1396 5454 ὄφελος
1429 5386 1530 5457 τῆς
1561 5384 1810 5456 νηστείας
1843 5387 1996 5457 ἡμῖν,
2054 5386 2121 5443 ἂν

455 5477 813 5551 παρέλθωμεν
843 5475 1012 5547 αὐτὴν
1039 5473 1228 5536 ἁπλῶς
1253 5473 1349 5526 καὶ
1381 5473 1506 5543 εἰκῆ
1540 5473 1635 5528 καὶ
1665 5473 1860 5544 μάτην.
1903 5475 2001 5529 Ἂν
2025 5476 2122 5549 τὴν

453 5565 564 5621 τῶν
586 5566 889 5638 βρωμάτων
909 5563 1259 5635 νηστεύωμεν
1296 5560 1573 5632 νηστείαν,
1595 5561 1982 5634 παρελθουσῶν
2013 5563 2123 5618 τῶν

454 5655 869 5727 τεσσαράκοντα
896 5651 1121 5725 ἡμερῶν
1167 5649 1505 5722 παρέρχεται
1535 5648 1632 5706 καὶ
1676 5652 1710 5722 ἡ
1743 5652 1987 5723 νηστεία·
2028 5653 2124 5709 ἐάν

520 5798 550 5874 ξ
579 5797 675 5874 νει
694 5792 995 5874 “MM?-

519 5856 551 5896 ιι
576 5856 674 5907 Alii
697 5856 935 5917 εἰσήγαγε.

526 5924 551 5952 ε
572 5918 778 5982 Quidam
936 5916 1016 5990 τὸν
1035 5917 1226 5976 Φῆστον
1249 5916 1578 5985 (mundano,
1614 5915 1766 5970 male.

1118 354 1182 410 S.
1232 351 1516 412 ιυΑΝΝιε
1550 342 2043 404 CHRYSOSTOMI
2083 339 2405 398 ARCHIEP.
2447 336 2996 397 CONSTANTINOP.

3726 331 3846 387 {70

2149 459 2207 512 δέ
2241 457 2656 530 ἁμαρτημάτων
2680 451 3036 525 ἀπεχώμεθα,
3075 451 3170 504 καὶ
3197 450 3293 520 τῆς
3342 453 3597 522 νηστείας
3618 448 3848 519 παρελ-
3906 474 3907 487 ι

2155 547 2356 618 θούσης
2388 542 2611 613 ταύτης,
2640 541 2824 612 ἐκείνη
2856 540 3015 593 πάλιν
3050 539 3221 610 μένει,
3266 538 3359 591 καὶ
3386 537 3641 608 διηνεκὴς
3675 536 3849 590 ἔσται

2155 634 2405 689 ἐντεῦθεν
2432 634 2563 704 ἡμῖν
2588 633 2620 702 ή
2642 629 2899 700 ὠφέλεια,
2934 628 3029 680 καὶ
3056 626 3161 697 πρὸ
3179 625 3277 694 τῆς
3310 624 3586 695 βασιλείας
3605 624 3721 679 τῶν
3744 624 3851 678 οὐ·

2162 720 2339 792 ρανῶν
2364 721 2426 773 οὐ
2464 718 2668 790 μικρὰς
2693 717 2822 787 ἡμῖν
2871 711 3107 767 ἐνταῦθα
3139 709 3407 765 ἀποδώσει
3435 710 3534 774 τάς
3570 711 3848 781 ἀμοιϐάς·

2158 808 2347 880 ῶσπερ
2379 806 2489 877 γὰρ
2516 808 2544 859 6
2571 805 2678 870 ζῶν
2700 806 2757 857 ἐν
2781 801 3039 873 πονηρίᾳ,
3074 799 3169 854 καὶ
3210 798 3316 872 πρὸ
3344 801 3441 870 τῆς
3478 798 3711 869 γεέννης
3746 816 3854 852 κο-

2159 897 2382 962 λάζεται
2405 895 2483 967 τῷ
2517 894 2777 948 συνειδότι
2802 890 3180 962 κεντούμενος·
3209 888 3384 952 οὕτως
3414 890 3443 942 6
3471 889 3727 943 πλουτῶν
3787 890 3855 941 ἐν

2165 982 2575 1056 κατορθώμασι,
2631 981 2726 1035 καὶ
2753 979 2861 1051 πρὸ
2901 979 3000 1051 τῆς
3050 976 3326 1049 βασιλείας
3354 978 3528 1048 χαρᾶς
3565 976 3857 1047 μεγίστης

2159 1073 2554 1137 ἀπολαύσεται,
2581 1072 2846 1142 χρησταῖς
2875 1067 3268 1140 ἐντρεφόμενος
3301 1067 3499 1120 ἐλπίσι.
3533 1065 3634 1120 Διά
3680 1066 3861 1119 τοῦτο

2164 1161 2194 1214 ὁ
2218 1159 2452 1231 Χριστός
2477 1176 2628 1230 φησι·
2663 1157 2857 1213 Πάλιν
2886 1156 3104 1226 ὄψομαι
3131 1153 3305 1225 ὑμᾶς,
3341 1154 3439 1209 καί
3467 1152 3857 1223 χαρήσεσθε,

2168 1248 2267 1302 καί
2298 1247 2413 1315 τὴν
2433 1247 2629 1317 χαρὰν
2659 1244 2830 1315 ὑμῶν
2868 1243 3066 1309 οὐδεὶς
3095 1242 3403 1313 λαμϐάνει.
3434 1242 3619 1313 Βραχὺ
3648 1242 3718 1295 τὸ
3750 1242 3862 1313 ῥῆ-

2175 1353 2272 1405 μα,
2296 1335 2433 1389 ἀλλά
2461 1333 2662 1405 πολλὴν
2699 1333 2814 1404 ἔχει
2869 1331 3244 1404 παραμυθίαν.
3294 1330 3359 1383 Τί
3400 1331 3519 1383 ποτ’
3556 1326 3653 1384 οῦν
3704 1331 3860 1393 ἐστι,

2176 1423 2295 1490 Τὴν
2326 1424 2523 1492 χαρὰν
2548 1418 2715 1491 ὑμῶν
2734 1420 2931 1486 οὐδεὶς
2949 1419 3271 1489 λαμϐάνει;
3296 1418 3567 1490 Χρήματα
3596 1416 3664 1471 ἂν
3689 1417 3860 1487 ἔχῃς,

2172 1509 2357 1563 πολλοὶ
2389 1507 2643 1563 δύνανταί
2676 1525 2770 1561 σου
2815 1507 2915 1577 τήν
2947 1505 3120 1578 χαράν
3160 1506 3260 1576 τὴν
3314 1505 3422 1559 ἀπὸ
3473 1503 3569 1557 τοῦ
3605 1503 3861 1557 πλούτου

2169 1599 2375 1664 λαϐεῖν,
2399 1598 2492 1650 καὶ⁸
2517 1597 2757 1667 κλέπτης
2781 1596 3071 1668 διορύττων
3092 1599 3291 1665 τοῖχον,
3324 1595 3416 1648 καὶ
3445 1593 3665 1663 οἰκέτης
3690 1594 3866 1660 6996:-

2177 1688 2438 1760 ρούμενος
2464 1685 2533 1738 τά
2553 1684 3004 1756 ἐμπιστευθέντα,
3035 1685 3129 1740 καὶ
3154 1684 3406 1755 βασιλεὺς
3440 1680 3723 1753 δημεύων,
3757 1682 3864 1732 καὶ

2179 1774 2449 1845 βάσκανος
2494 1771 2782 1844 ἄνθρωπος
2811 1770 3152 1844 ἐπηρεάζων.
3207 1769 3534 1823 Δυναστείαν
3584 1769 3651 1823 ἂν
3700 1768 3861 1837 ἔχῃς,

3750 1826 3766 1836 ι

2174 1862 2361 1916 πολλοὶ
2383 1859 2638 1915 δύνανταί
2669 1876 2763 1913 σου
2787 1859 2973 1912 λαϐεῖν
2996 1860 3094 1929 τὴν
3118 1860 3227 1914 ἀπὸ
3250 1858 3454 1927 ταύτης
3485 1856 3686 1928 χαράν·
3724 1856 3865 1908 ὅταν

2175 1962 2286 2033 γὰρ
2317 1958 2603 2032 παραλυθῇ
2628 1955 2695 2011 τὰ
2726 1958 2826 2026 τῆς
2856 1952 3055 2024 ἀρχῆς,
3103 1948 3548 2019 παραλυθήσεται
3570 1946 3599 1982 ά
3630 1944 3732 1999 καὶ
3792 1945 3867 1997 τά

2174 2048 2273 2118 τῆς
2313 2048 2526 2119 ἡδονῆς·
2563 2046 2659 2100 καὶ
2688 2047 2745 2098 ἐν
2772 2043 2909 2113 αὐτῇ
2928 2041 2987 2095 δέ
3010 2041 3077 2111 τῇ
3105 2038 3247 2109 ἀρχῇ
3264 2035 3434 2089 πολλὰ
3465 2034 3867 2104 συμπίπτοντα

2178 2135 2500 2207 πράγματα,
2533 2131 2819 2188 δυσκολίαν
2857 2129 3048 2201 ἔχοντα
3087 2125 3183 2180 καὶ
3208 2123 3515 2195 φροντίδας,
3551 2120 3871 2189 ὑποτέμνε-

2178 2224 2271 2279 ταί
2306 2241 2400 2277 σου
2425 2222 2523 2294 τὴν
2566 2218 2850 2291 εὐθυμίαν.
2891 2215 3067 2285 Ἰσχύν
3106 2213 3362 2284 σώματος
3391 2210 3485 2263 ἐὰν
3512 2209 3667 2280 ἔχῃς,
3699 2208 3871 2270 νόσος

2183 2310 2484 2367 ἐπελθοῦσα
2511 2308 2772 2364 κατέλυσε
2797 2303 2895 2376 τὴν
2919 2303 3027 2356 ἀπὸ
3052 2300 3258 2370 ταύτης
3288 2299 3482 2371 χαράν·
3517 2296 3726 2359 κάλλος
3769 2296 3872 2349 ἐὰν

2187 2402 2318 2473 έχῃς
2351 2401 2445 2455 καὶ
2485 2399 2656 2471 ὥραν,
2706 2395 2884 2465 γῆρας
2923 2389 3147 2445 ἐπελθὸν
3184 2388 3426 2460 ἐμάρανε
3473 2386 3571 2439 καὶ
3605 2385 3875 2453 ἀφείλετο

2313 2490 2509 2563 χαράν·
2538 2468 2818 2559 τραπέζης
2866 2482 2963 2535 ἐὰν
2991 2477 3305 2549 ἀπολαύσῃς
3327 2470 3675 2563 πολυτελοῦς.
3702 2468 3877 2524 ἐσπέ-

2193 2557 2293 2653 ρας
2316 2557 2764 2643 καταλαϐούσης,
2787 2567 3058 2639 κατελύθη
3097 2566 3194 2620 καὶ
3219 2566 3253 2636 ή
3278 2564 3379 2653 τῆς
3417 2559 3655 2630 εὐωχίας
3683 2557 3875 2653 ’χαρά-

2189 2645 2422 2724 ἐκαστον
2463 2665 2574 2737 γάρ
2601 2662 2714 2717 τῶν
2756 2657 3023 2732 βιωτικῶν
3072 2651 3413 2727 πραγμάτων
3457 2645 3878 2737 εὐεπηρέαστόν

2188 2759 2327 2819 ἐστι,
2345 2755 2442 2810 καὶ
2468 2735 2695 2825 μόνιμον
2716 2752 2847 2822 ἡμῖν
2872 2747 2973 2802 οὐκ
3000 2744 3173 2816 ἰσχύει
3202 2740 3503 2814 παρασχεῖν
3517 2737 3619 2825 τὴν
3644 2735 3875 2825 ἡδονήν·

2189 2848 2224 2917 ή
2244 2846 2303 2899 δὲ
2333 2824 2583 2897 εὐσέϐεια
2613 2841 2708 2895 καὶ
2729 2841 2764 2910 ή
2782 2836 2926 2891 κατά
2946 2835 3124 2907 ψυχὴν
3150 2829 3320 2904 ἀρετὴ
3344 2824 3658 2917 τούναντίον
3698 2824 3876 2917 ἆπανῖ

2204 2909 2606 3004 ίΕλεημοσύνην
2652 2909 2760 2981 ἐὰν
2799 2926 3053 2997 ποιήσῃς,
3095 2919 3273 2982 οὐδεὶς
3317 2914 3536 2986 ἀφελεῖν
3560 2910 3799 3004 δύναται
3822 2909 3879 2960 τὸ

2196 2999 2690 3092 κατόρθωμα,νκᾶν
2712 3012 3069 3086 στρατόπεδα,
3108 3007 3214 3062 κᾶν
3254 3004 3515 3092 βασιλεῖς,
3540 2999 3650 3053 κᾶν
3688 2999 3881 3092 μμρίοι

2199 3086 2552 3177 συκοφάνται,
2589 3105 2694 3159 κᾶν
2730 3100 3004 3157 ἐπίϐουλοι
3050 3094 3313 3151 πάντοθεν
3345 3089 3670 3177 ἐπιθῶνται,
3692 3087 3765 3139 τὸ
3802 3086 3882 3177 εἰς

2195 3197 2285 3251 τδν
2305 3172 2532 3266 οὐρανὸν
2550 3189 2814 3247 άποτεθέν
2841 3188 3021 3257 κτῆμα
3042 3180 3338 3253 ἀφελέσθαι
3360 3179 3420 3232 οὐ
3441 3176 3728 3230 δύνανται·
3743 3172 3884 3266 άλλὰ

2203 3285 2351 3356 μένει
2374 3260 2637 3353 ’διηνεκὴς
2660 3280 2694 3349 ἡ
2718 3277 2883 3350 χςιρά.
2916 3273 3279 3356 Ἐσκόρπισε
3312 3265 3443 3356 γάρ,
3473 3263 3674 3356 φησιν,
3693 3260 3886 3356 ἔδωκε

2196 3347 2324 3439 τοῖς
2350 3347 2630 3437 πέτλησικ,
2657 3347 3074 3435 ἦδικαιοσὺνη
3103 3355 3291 3411 αὐτοῦ
3306 3354 3473 3424 μένει
3490 3353 3579 3416 εἰς
3609 3349 3727 3402 τὸν
3748 3347 3907 3439 aid»-i

2200 3408 2316 3439 ιυη,
2350 3408 2448 3424 ..τι
2469 3408 2592 3437 ,ιν-,ν
2615 3408 2630 3432 ,
2663 3408 2693 3435 .,
2716 3408 2940 3419 ...ψ-τ--
2963 3408 3012 3414 --
3043 3408 3071 3426 -,
3192 3408 3201 3409 κ
3226 3408 3238 3410 -
3264 3408 3275 3410 -
3306 3408 3324 3424 ,
3555 3408 3570 3416 ,

2198 3477 2295 3516 να·
2337 3460 2431 3515 καὶ
2462 3456 2606 3529 μάλα
2627 3453 2874 3514 εἰκότως.
2909 3450 3000 3504 Ἐν
3032 3446 3143 3518 γὰρ
3170 3447 3282 3507 τοῖς
3310 3442 3418 3495 τῶν
3442 3437 3699 3512 οὐρανῶν
3746 3408 3907 3490 67:6-1

2201 3567 2381 3605 κειται
2412 3544 2704 3618 ταμιείοις,
2728 3543 2862 3596 ὅπου
2892 3537 2955 3591 οὐ
2993 3535 3232 3605 κλέπτης
3252 3529 3540 3602 διορύττει,
3575 3527 3640 3579 οὐ
3678 3523 3884 3596 λῃστὴς

2201 3615 2500 3711 λαμϐάνει,
2525 3635 2586 3688 οὐ
2645 3632 2744 3703 σὴς
2776 3626 3074 3684 κατεσθίει.
3110 3620 3307 3711 Εὐχὰς
3336 3618 3431 3672 ἐὰν
3463 3615 3594 3711 εὐᾼξῃ
3632 3616 3884 3711 συνεχεῖς

2204 3702 2299 3783 καί
2332 3725 2590 3786 ἐκτενεῖς,
2616 3702 2709 3774 τὸν
2738 3715 2951 3789 καρπὸν
2970 3713 3061 3767 τὸν
3085 3712 3195 3766 ἀπὸ
3220 3710 3425 3763 τούτων
3450 3705 3626 3766 οὐδεὶς
3652 3702 3907 3772 συλῆσα.4

2204 3817 2510 3889 δυνήσεται·
2541 3811 2638 3865 καί
2665 3807 2774 3881 γὰρ
2801 3801 2954 3869 οὗτος
2985 3803 3013 3855 ὁ
3036 3800 3246 3875 καρπὸς
3282 3803 3341 3854 ἐν
3368 3799 3481 3860 τοῖς
3513 3794 3779 3864 οὐρανοῖς
3810 3794 3886 3862 £35-

2213 3885 2459 3978 ρἰῶται,
2508 3902 2689 3972 πάσης
2760 3895 3027 3969 ἐπηρείας
3077 3888 3516 3978 ἀπηλλαγμένος,
3553 3885 3650 3978 καὶ
3714 3886 3884 3956 μένων

2209 3973 2524 4066 ἀχείρωτος.
2569 3990 2693 4044 Ἐὰν
2721 3986 2908 4050 κακῶς
2941 3980 3127 4038 παθὼν
3155 3977 3551 4066 εὐεργετήσῃς,
3578 3973 3680 4026 ἐὰν
3702 3973 3888 4066 κακῶς

2211 4060 2453 4143 ἀκούσας
2478 4076 2870 4149 φιλοσοφήσῃς,
2900 4071 2994 4126 ἐὰν
3015 4065 3344 4139 λοιδορηθεὶς
3369 4062 3696 4132 εὐλογήσῃς,
3720 4060 3890 4149 ταῦτα

2210 4169 2283 4225 τά
2319 4147 2900 4238 κατορθώματαμένει
2955 4154 3243 4227 διηνεκῶς,
3294 4150 3389 4206 καὶ
3432 4150 3533 4221 τὴν
3576 4149 3643 4200 ἐκ
3684 4147 3889 4201 τούτων

2212 4256 2387 4330 χαράν
2415 4234 2590 4317 οὐδεὶς
2618 4250 2908 4324 λαμϐάνει·
2941 4245 3056 4302 ἀλλ’
3090 4243 3279 4305 ὁσάκις
3322 4239 3388 4294 ἂν
3407 4234 3612 4330 ⁸αὐτῶν
3644 4235 3892 4321 ὐπομνηο

2217 4324 2352 4417 σθῇς
2382 4354 2427 4403 ο.
2467 4342 2681 4415 χαίρεις
2713 4338 2809 4393 καὶ
2839 4334 3129 4407 εὐφραίνῃ,
3188 4330 3284 4383 καί¹
3335 4327 3535 4398 πολλὴν
3576 4324 3891 4394 καρποῦσαι

2214 4414 2317 4503 τὴν
2349 4414 2565 4503 ἡδονήν.
2625 4425 2783 4481 Οΰτω
2811 4424 2876 4495 δὴ
2902 4424 2996 4477 καί
3026 4421 3090 4474 τὸ
3121 4417 3343 4489 φεύγειν
3369 4417 3531 4487 ὅρκον
3562 4414 3659 4466 ἐὰν
3693 4428 3895 4482 κατορ-

2219 4501 2505 4591 θώσωμεν,
2555 4517 2650 4572 καὶ
2706 4515 2984 4584 πείσωμεν
3033 4509 3133 4582 τὴν
3160 4506 3405 4576 γλῶτταν
3459 4504 3560 4574 τὴν
3612 4501 3893 4571 ἡμετέραν

2218 4608 2522 4681 ἀπέχεσθαι
2561 4607 2661 4678 τῆς
2692 4604 2936 4676 ὀλεθρίου
2982 4597 3268 4668 συνηθείας
3292 4593 3517 4681 ταύτης,
3544 4592 3606 4644 τὸ
3634 4592 3740 4681 μὲν
3772 4608 3892 4646 κατ-

2219 4677 2445 4769 όρθωμα
2482 4677 2635 4749 ἔσται
2667 4695 2723 4747 ἐν
2779 4691 2974 4764 βραχεῖ
3020 4685 3220 4756 καιρῷ,
3261 4685 3293 4754 ἡ
3332 4682 3389 4735 δέ
3446 4678 3777 4769 εὐφροσύνηΔ
3808 4677 3893 4769 τοῦ

2221 4764 2650 4855 κατορθώματος
2671 4777 2938 4849 διηνεκῶς
2970 4774 3064 4828 καὶ
3101 4769 3477 4831 ἀδιαλείπτως.
3509 4764 3716 4855 Λοιπὸν
3753 4765 3894 4835 ὑμᾶς

2221 4871 2318 4925 καὶ
2345 4853 2546 4941 ἐτέρων
2574 4864 2926 4927 διδασκάλους
2945 4859 3094 4935 [170]
3124 4855 3262 4912 εἶναι
3296 4857 3401 4928 χρὴ
3435 4854 3529 4908 καὶ
3546 4853 3893 4923 καθηγητὰς,

2223 4962 2319 5013 καὶ
2357 4957 2543 5027 φίλους
2571 4955 2697 5019 τοὺς
2728 4952 2979 5023 πλησίον,
3010 4950 3105 5003 καὶ
3130 4947 3255 5010 τοὺς
3290 4945 3505 5006 οἰκέτας
3529 4942 3587 4994 δὲ
3614 4942 3747 5004 τοὺς
3779 4958 3897 4994 συν-

2222 5046 2463 5112 δούλους,
2501 5043 2596 5100 καὶ
2627 5043 2784 5106 νέους
2818 5042 2945 5103 τοὺς
2992 5036 3262 5107 ὁμήλικας
3292 5031 3589 5102 λαμϐάνειν
3634 5028 3735 5083 καί
3770 5046 3896 5083 παι-

2224 5136 2400 5191 δεύειν
2431 5133 2527 5189 κοιλ⁸
2569 5131 2805 5200 ἐνάγειν.
2852 5124 2999 5199 *Αρα
3048 5125 3101 5177 εῖ
3123 5124 3207 5186 τίς
3241 5139 3322 5175 σοι
3353 5119 3606 5192 χρύσινον
3633 5116 3732 5170 ἕνα
3775 5116 3897 5171 καθ’

2225 5225 2455 5280 ἕκαστον
2487 5219 2866 5293 διορθούμενον
2892 5214 3176 5286 ἄνθρωπον
3202 5208 3589 5279 ἐπηγγείλατο,
3619 5206 3682 5293 οὐ
3717 5206 3897 5259 πᾶσαν

2228 5314 2295 5369 ἂν
2330 5292 2581 5383 ἐποιήσω
2605 5307 2859 5379 σπουδὴν,
2891 5304 2985 5359 καὶ
3002 5300 3321 5372 διημέρευες
3350 5292 3895 5383 προσεδρεύων,.πείο

2230 5402 2359 5469 θων,
2391 5380 2754 5473 παρακαλῶν;
2796 5393 2910 5448 Νῦν
2942 5393 2997 5445 δέ
3026 5391 3126 5460 οὐχ
3156 5389 3254 5441 ἐνα
3282 5385 3555 5473 χρύσινον,
3584 5381 3707 5434 οὐδὲ
3746 5380 3895 5441 δέκα,

2230 5468 2351 5545 οὐδέ
2377 5468 2570 5554 εἴκοσι,
2598 5485 2694 5542 καὶ
2719 5482 2936 5546 ἑκατὸν,
2968 5480 3059 5534 καὶ
3088 5476 3314 5549 χιλίους,
3333 5472 3453 5528 οὐδέ
3485 5470 3591 5539 γῆν
3608 5468 3897 5539 ὁλόκληρον

2235 5575 2577 5649 ὑπισχνεῖταί
2617 5590 2700 5628 σοι
2718 5574 2827 5627 τῶν
2860 5572 3035 5625 πόνων
3068 5565 3272 5621 τούτων
3304 5559 3583 5633 ἀμοιϐὴνό
3616 5558 3770 5622 Θεός·
3790 5554 3897 5611 ἀλλ’

2297 5786 2328 5828 δ
2348 5787 2449 5852 Alii.
2773 5784 2875 5852 μαί-

2307 5854 2333 5879 ·
2348 5828 2454 5912 λιιι
2472 5828 3075 5912 εῗτῖιῖττξεῐιλνησσες-
3105 5839 3261 5891 Paulo
3305 5843 3418 5900 υοει
3460 5831 3611 5884 “"°'“
3642 5828 3901 5896 “m5”

2233 5912 2321 5971 τήν
2342 5909 2647 5978 ὠφροσύνηνο
