3920 6224
206 391 324 451 169

201 515 375 566 sentit
403 509 748 578 navigationis
790 511 1044 578 laborem,
1077 514 1348 569 lucrorum
1380 529 1473 585 spe
1493 516 1756 571 relevatus

207 613 264 658 et
297 603 437 673 pugil
463 618 720 672 generose
747 605 845 659 fert
871 606 1059 675 capitis
1079 608 1318 672 vulnera,
1348 622 1596 663 coronam
1617 611 1782 678 respi-

210 697 400 752 ciens:
430 697 497 750 ita
521 694 756 764 profecto
789 712 886 752 nos
913 713 1120 767 quoque
1163 697 1213 751 in
1243 699 1431 753 caelum
1455 708 1508 754 et
1545 701 1777 755 caelestia

208 790 553 845 intendentes
580 791 736 853 bona,
769 806 1117 862 qumcumque
1143 793 1438 848 inferantur
1465 796 1664 865 gravia,
1691 811 1784 864 ge-

211 897 404 936 nerose
429 889 614 935 cuncta
633 881 880 947 feremus,
911 883 1048 937 bona
1074 883 1369 938 futurorum
1395 898 1490 955 spe
1524 880 1781 940 roborati.

212 972 328 1027 Hac
356 972 526 1041 itaque
551 982 764 1042 accepta
791 975 1054 1028 sententia
1080 975 1332 1031 abeamus
1357 978 1629 1047 :quamvis
1643 993 1787 1031 nam-

210 1078 321 1131 que
349 1063 577 1132 simplex
607 1074 660 1117 et
683 1063 857 1119 brevis
887 1065 992 1129 sit,
1024 1066 1240 1120 multam
1269 1076 1444 1122 tamen
1470 1068 1628 1122 habet
1669 1068 1785 1138 phi-

213 1151 470 1220 losophia:
511 1153 828 1207 doctrinam.
884 1154 983 1219 Qui
1028 1155 1080 1209 in
1114 1155 1298 1210 dolore
1343 1167 1395 1211 et
1447 1158 1784 1214 tribulatione

210 1252 316 1303 est,
338 1241 583 1297 idoneam
611 1242 772 1297 habet
798 1243 1215 1298 consolationem
1240 1285 1254 1310 ,
1291 1246 1378 1315 qui
1422 1246 1475 1300 in
1501 1247 1704 1302 deliciis
1729 1257 1786 1304 et

212 1331 443 1396 luxuria,
476 1347 717 1401 magnam
757 1332 1139 1388 moderationis
1176 1336 1622 1392 exhortationem.
1650 1337 1781 1392 Cum

208 1422 353 1474 enim
381 1421 446 1476 ad
477 1437 713 1476 mensam
739 1423 1110 1491 discumbens,
1139 1426 1580 1494 sentcntitehujus
1599 1427 1786 1482 memi-

211 1514 356 1566 neris
384 1554 400 1578 ,
446 1514 621 1568 statim
668 1515 735 1570 ab
761 1515 1019 1570 ebrietate
1057 1517 1377 1586 crapulaque
1421 1519 1628 1574 resilies
1657 1561 1670 1583 ,
1701 1520 1785 1574 di-

211 1618 370 1656 scens
400 1619 464 1657 ex
493 1603 591 1658 hac
623 1605 909 1670 sententia,
933 1606 1073 1675 quod
1111 1607 1296 1660 anxios
1329 1623 1426 1661 nos
1450 1623 1568 1664 esse
1585 1624 1781 1664 conve-

217 1693 352 1752 niat,
381 1705 434 1747 et
463 1695 597 1746 intra
628 1696 850 1764 teipsum
881 1696 1028 1750 dices
1076 1713 1090 1749 :
1141 1697 1333 1751 Paulus
1381 1698 1435 1752 in
1481 1699 1704 1754 vinculis
1730 1709 1784 1754 et

212 1787 519 1840 carceribus
541 1827 557 1851 ,
589 1802 686 1856 ego
712 1803 839 1842 vero
861 1787 913 1841 in
942 1787 1197 1844 ebrietate
1222 1798 1276 1844 et
1319 1789 1459 1844 lauta
1486 1806 1667 1846 mensa
1693 1809 1706 1846 :
1731 1801 1784 1846 et

212 1892 371 1945 quam
401 1891 654 1946 assequar
681 1878 924 1932 veniam?
950 1879 1062 1934 Hoc
1084 1889 1139 1934 et
1165 1881 1216 1934 in
1259 1882 1571 1936 mulieribus
1591 1893 1784 1952 oppor-

213 1973 405 2021 tunum
454 1966 673 2020 dictum.
720 1969 1028 2024 Ambitiosa:
1071 1971 1211 2024 enim
1255 1979 1309 2025 et
1350 1981 1694 2040 sumptuosae,
1729 1981 1784 2028 et

212 2075 346 2113 auro
375 2060 604 2129 undique
631 2074 689 2114 se
715 2060 1142 2131 circumligantes
1170 2071 1372 2118 catenas
1421 2063 1578 2133 hujus
1617 2065 1778 2119 remi-

214 2150 480 2204 niscentes
497 2151 616 2203 odio
641 2150 926 2214 habebunt,
951 2161 1006 2206 ut
1027 2153 1294 2221 existimo,
1318 2163 1370 2207 et
1395 2154 1782 2210 abominabun-

216 2252 305 2296 tur
352 2253 596 2298 ornatum
644 2243 812 2307 illum,
866 2254 919 2298 et
949 2245 1015 2298 ad
1045 2247 1156 2300 haec
1185 2247 1392 2301 vincula
1423 2258 1658 2303 current.
1693 2249 1782 2304 llla

213 2345 441 2400 namque
479 2341 790 2386 ornamenta
837 2334 1132 2388 multorum
1163 2351 1338 2390 causa).
1367 2338 1628 2394 malorum
1671 2338 1784 2394 fue-

217 2433 363 2488 runt,
391 2432 444 2477 et
470 2423 742 2478 innumera
774 2426 910 2479 bella
935 2425 1073 2480 intra
1093 2426 1306 2482 domum
1336 2439 1716 2486 contraxerunt
1743 2411 1782 2498 ι’,

215 2522 270 2569 et
301 2514 495 2569 livores
523 2524 844 2584 pepererunt
871 2526 924 2570 et
950 2517 1172 2572 invidias
1191 2529 1245 2573 et
1271 2520 1448 2574 odium
1474 2537 1491 2588 ;
1520 2522 1636 2578 hmc
1655 2538 1785 2578 vero

216 2616 434 2674 peccata
463 2606 644 2662 mundi
669 2607 964 2674 solverunt,
996 2617 1048 2662 et
1078 2617 1381 2664 terruerunt
1407 2610 1702 2677 daemonas,
1731 2623 1786 2668 et

214 2696 483 2750 diabolum
541 2698 871 2766 fugaverunt.
913 2699 1044 2753 Dum
1093 2700 1173 2753 his
1217 2701 1268 2753 in
1325 2714 1542 2758 carcere
1587 2703 1786 2773 degens

213 2786 417 2840 custodi
448 2790 727 2856 persuasit,
772 2803 891 2842 cum
932 2787 1017 2842 his
1046 2789 1332 2859 Agrippam
1376 2795 1616 2861 attraxit,
1665 2809 1785 2848 cum

216 2879 300 2930 his
341 2879 538 2931 multos
586 2879 782 2933 Paulus
825 2879 1112 2949 discipulos
1157 2881 1460 2950 acquisivit,
1506 2892 1788 2955 propterea

223 2965 438 3019 dicebat
457 2982 470 3017 :
490 2962 555 3018 In
570 2982 670 3035 quo
682 2967 816 3020 male
832 2969 1007 3036 patior
1025 2985 1186 3038 usque
1203 2975 1271 3022 ad
1285 2971 1513 3037 vincula,
1536 2981 1786 3040 tanquam

224 3057 558 3127 malefactor,
583 3058 673 3112 sed
691 3058 784 3112 Dei
809 3059 1018 3114 verbum
1052 3077 1152 3113 non
1181 3071 1257 3114 est
1281 3063 1508 3116 vinctum
1537 3064 1612 3133 t2.
1646 3064 1782 3117 Tim.

224 3147 287 3214 2,
309 3149 383 3218 9).
430 3147 582 3204 Sicut
609 3149 753 3204 enim
789 3151 998 3204 radium
1027 3152 1229 3206 vincire
1261 3155 1516 3222 possibile
1548 3170 1656 3210 non
1682 3163 1785 3222 est,

227 3256 330 3296 nec
357 3241 499 3295 domi
532 3243 855 3298 concludere
886 3261 898 3298 :
929 3247 1008 3298 sic
1043 3259 1218 3314 neque
1243 3245 1639 3314 praedicationis
1666 3262 1788 3302 ver-

227 3334 378 3388 bum.
406 3333 470 3387 Et
487 3336 630 3404 quod
653 3336 822 3389 multo
844 3336 1074 3405 amplius
1087 3349 1190 3400 est,
1214 3339 1403 3394 doctor
1420 3339 1636 3395 vinctus
1651 3350 1788 3401 erat,

226 3435 282 3480 et
307 3427 530 3480 verbum
561 3427 779 3481 volabat
813 3445 824 3480 :
859 3429 947 3482 ille
975 3444 1246 3515 carcerem
1277 3431 1588 3495 habitabat;
1615 3440 1669 3487 et
1696 3434 1793 3487 do-

227 3517 404 3572 ctrina
433 3519 571 3572 alata
603 3521 804 3588 passim
838 3521 891 3574 in
927 3521 1057 3575 orbe
1089 3531 1352 3575 terrarum
1380 3524 1647 3577 currebat.

299 3607 353 3660 6.
383 3606 602 3662 Horatia
619 3611 914 3663 exhortatio
932 3611 998 3663 ad
1017 3613 1450 3666 emendationem.
1467 3645 1539 3653 —
1557 3613 1680 3668 Haec
1701 3615 1795 3686 igi-

229 3708 321 3756 tur
347 3701 601 3762 scientes,
625 3718 692 3756 ne
712 3704 1130 3758 succumbamus
1152 3707 1204 3758 in
1235 3706 1394 3761 rebus
1415 3708 1672 3771 adversis,
1698 3708 1792 3764 sed

227 3791 412 3859 potius
447 3800 577 3845 tunc
618 3793 949 3861 potentiores
978 3793 1296 3861 elliciamur,
1325 3803 1454 3850 tunc
1494 3795 1745 3851 fortiores
1778 3813 1792 3850 :

232 3883 532 3936 Tribuiatio
554 3885 690 3937 enim
721 3887 1029 3954 patientiam
1055 3895 1302 3954 operatur
1326 3886 1498 3956 (Rom.
1526 3888 1578 3942 5.
1611 3886 1688 3957 5).
1719 3884 1795 3942 Ne

227 3973 512 4027 doleamus
549 3974 602 4027 in
642 3975 1042 4030 calamitatibus
1083 3992 1204 4046 qua:
1237 3976 1573 4040 inferuntur,
1613 3978 1705 4032 sed
1738 3979 1794 4033 in

226 4063 484 4117 omnibus
503 4062 611 4118 Deo
631 4065 828 4134 gratias
849 4081 1092 4136 agamus.
1112 4065 1614 4137 Secundamjejunii
1632 4069 1796 4137 septi-

227 4169 444 4208 manam
459 4155 853 4223 expedivimus,
873 4156 964 4210 sed
985 4171 1090 4210 non
1111 4156 1211 4210 hoc
1228 4157 1665 4211 consideremus:
1688 4173 1793 4212 non

224 4243 372 4298 enim
391 4243 495 4298 hoc
515 4253 597 4298 est
611 4244 950 4314 expedivisse
964 4245 1256 4315 jejunium,
1276 4245 1324 4300 si
1342 4253 1554 4316 tempus
1573 4257 1794 4316 praeter-

227 4336 476 4402 ierimus,
507 4337 600 4391 sed
624 4336 670 4391 si
697 4339 1119 4406 transegerimus
1149 4353 1268 4392 cum
1299 4347 1443 4393 recte
1469 4339 1644 4395 factis.
1677 4338 1793 4394 Hoc

225 4433 514 4484 nobiscum
546 4439 876 4497 reputemus,
905 4430 948 4484 si
976 4430 1330 4484 studiosiores
1356 4429 1480 4485 facti
1508 4447 1720 4492 sumus,
1741 4431 1788 4485 si

225 4519 490 4574 defectum
531 4520 758 4588 aliquem
806 4527 1043 4573 nostrum
1084 4518 1432 4581 correximus,
1464 4519 1508 4573 si
1535 4519 1796 4574 abluimus

223 4609 467 4664 crimina.
500 4609 942 4663 Consuetudinem
963 4623 1150 4663 omnes
1175 4606 1370 4662 habent
1397 4623 1491 4677 per
1517 4608 1812 4678 quadrage-

224 4701 417 4756 simam
442 4699 817 4770 interrogandi,
840 4708 966 4769 quot
987 4701 1208 4770 quisque
1229 4700 1547 4768 septimanas
1571 4699 1796 4770 quadra-

224 4789 444 4859 gesima:
467 4789 724 4858 jejunavit
757 4807 770 4844 :
799 4798 853 4843 et
886 4789 1123 4844 dicentes
1162 4789 1344 4843 audire
1383 4789 1524 4856 licet,
1555 4788 1652 4843 hos
1680 4790 1796 4858 qui-

225 4879 351 4932 detn
375 4879 514 4948 quod
540 4879 690 4944 duas,
726 4878 821 4932 hos
847 4893 974 4934 vero
996 4879 1132 4949 quod
1160 4890 1288 4945 tres,
1317 4880 1432 4934 illos
1455 4892 1632 4934 autem
1653 4881 1795 4947 quod

225 4983 417 5022 omnes
449 4967 801 5037 jejunaverint
836 4969 1176 5036 septimanas.
1228 4969 1294 5024 Et
1322 4971 1463 5040 quod
1494 4971 1718 5036 lucrum,
1750 4972 1794 5025 si

227 5065 376 5110 recte
402 5056 550 5112 factis
567 5067 830 5124 carentes,
848 5057 1105 5127 jejunium
1129 5062 1565 5130 transegerimus?
1591 5062 1646 5117 Si
1662 5063 1796 5116 alius

226 5146 392 5211 dicat,
423 5148 610 5202 Totam
637 5149 870 5218 jejunavi
891 5149 1374 5220 Quadragesimam,
1406 5161 1460 5206 tu
1485 5153 1589 5220 dic,
1623 5154 1802 5208 Inimi-

225 5255 349 5295 cum
394 5239 675 5303 habebam,
708 5249 760 5295 et
797 5241 1106 5296 conciliatus
1143 5257 1260 5296 sum
1289 5261 1303 5296 :
1334 5243 1592 5298 habebam
1623 5246 1800 5300 detra-

225 5329 389 5384 hendi
414 5330 868 5394 consuetudinem,
891 5340 943 5385 et
969 5332 1140 5386 destiti
1167 5333 1410 5401 :jurandi
1433 5335 1652 5390 tenebar
1677 5350 1794 5402 usu,

224 5429 283 5473 et
309 5434 423 5473 mos
448 5420 716 5490 improbus
747 5421 872 5476 mihi
903 5433 1176 5478 correctus
1205 5431 1306 5480 est.
1353 5425 1504 5479 Nulla
1534 5437 1798 5481 mercato-

225 5512 376 5566 ribus
402 5512 620 5576 utilitas,
643 5512 687 5566 si
716 5527 958 5583 magnam
986 5515 1146 5570 maris
1171 5514 1553 5586 longitudinem
1581 5531 1798 5585 percur-

225 5603 413 5668 rerint,
445 5602 540 5657 sed
564 5602 608 5657 si
635 5617 756 5657 cum
785 5620 959 5658 rerum
985 5605 1135 5674 copia
1172 5616 1227 5661 et
1263 5607 1430 5662 multo
1453 5610 1799 5664 mercimonio

189 5693 594 5762 ,navigaverint
625 5711 637 5744 :
667 5693 810 5748 nulla
851 5694 1039 5764 jejunii
1090 5697 1242 5753 nobis
1289 5699 1505 5763 utilitas,
1541 5700 1586 5753 si
1627 5699 1798 5754 infru-

294 5787 308 5815 ι
348 5783 449 5841 Alii,
468 5781 518 5834 in
541 5786 734 5832 domum
755 5783 1069 5836 induxerunt.

535 5869 801 5930 Parnm.
850 5871 964 5931 Gn.
1007 5869 1231 5936 XLIX.

1135 400 1226 457 AD
1253 399 1570 460 pepuwn
1609 397 2093 462 ANTIOCIIENIIM
2138 365 2367 462 nonus
2413 406 2550 464 xvt.

3369 413 3468 469 170

1891 526 2074 571 ctuose
2095 517 2266 588 ipsum
2293 535 2501 590 tempus
2521 530 2572 575 et
2597 526 2794 575 temere
2823 528 3218 591 przetcreamus.
3243 525 3296 579 Si
3320 527 3453 579 cibo-

1891 622 2006 660 rum
2030 607 2290 671 jejunium
2313 609 2633 678 jcjunemus,
2669 611 2948 678 prmteritis
2977 612 3321 681 quadraginta
3347 615 3461 671 die-

1888 697 1987 751 bus
2016 711 2250 766 przetertt
2280 709 2333 753 et
2353 700 2642 768 jejunium;
2685 701 2728 754 si
2763 716 2891 755 vero
2930 703 3164 771 peccatis
3202 703 3466 761 abstinea-

1890 804 2008 843 mus
2031 833 2044 854 ,
2076 801 2130 844 et
2163 799 2428 845 transacto
2453 792 2658 860 jejunio
2688 793 2813 846 illud
2847 802 3103 860 remanet,
3135 803 3190 850 et
3215 797 3466 850 continua

1889 879 1990 934 erit
2029 879 2152 934 hinc
2194 881 2346 934 nobis
2388 881 2608 947 utilitas,
2635 891 2792 950 atque
2817 891 2940 937 ante
2965 899 3181 953 regnum
3207 886 3462 940 caelorum

1889 985 1994 1024 non
2021 985 2208 1040 parvas
2232 971 2386 1026 nobis
2412 971 2496 1026 hic
2518 971 2701 1026 reddet
2724 972 3118 1028 retributiones.
3151 975 3300 1030 Sicut
3319 977 3461 1031 enim

1889 1063 1979 1133 qui
2007 1063 2057 1115 in
2089 1063 2320 1132 nequitia
2345 1063 2492 1129 vivit,
2520 1071 2574 1117 et
2601 1072 2724 1117 ante
2747 1064 3040 1133 gehennam
3070 1066 3302 1133 punitur,
3331 1082 3462 1120 con-

1889 1155 2110 1209 scientia
2139 1155 2438 1209 stimulatus
2469 1172 2481 1208 :
2519 1154 2597 1208 sic
2625 1156 2712 1223 qui
2743 1155 2945 1210 meritis
2983 1156 3215 1212 abundat
3255 1167 3310 1213 et
3342 1169 3464 1213 ante

1888 1245 2110 1316 regnum
2152 1263 2339 1318 magna
2370 1247 2573 1302 fruetur
2598 1248 2776 1301 laetitia
2796 1289 2810 1311 ,
2840 1263 2898 1301 se
2928 1248 3064 1303 bona
3098 1263 3192 1318 spe
3217 1265 3461 1318 pascens.

1889 1335 2088 1391 Idcirco
2114 1336 2355 1392 Christus
2385 1337 2554 1407 inquit
2583 1357 2596 1392 ε
2628 1337 2822 1391 Iterum
2851 1338 3022 1392 uidebo
3044 1355 3156 1407 quos,
3193 1349 3238 1392 et
3274 1342 3465 1408 gaude-

1887 1427 2021 1494 bitis,
2054 1439 2100 1483 et
2125 1430 2362 1500 gaudium
2388 1438 2602 1483 vestrum
2631 1445 2772 1482 uento
2794 1429 2930 1482 tollet
2959 1446 2990 1482 a
3013 1430 3147 1484 vobis
3177 1428 3350 1502 (Joan.
3373 1431 3460 1484 16.

1887 1521 1999 1593 22).
2033 1521 2200 1576 Breve
2225 1521 2466 1587 verbum,
2486 1520 2577 1575 sed
2601 1521 2820 1574 multam
2842 1519 3000 1576 habet
3023 1522 3460 1576 consolationem.

1879 1607 2148 1679 'Quidnam
2193 1611 2406 1665 tandem
2445 1620 2561 1677 est,
2595 1610 2760 1665 Nemo
2786 1611 3021 1680 gaudium
3049 1621 3265 1666 vestrum
3291 1611 3464 1665 tollet!

1888 1701 2148 1756 Pecunias
2175 1701 2219 1754 si
2247 1700 2461 1766 habeas,
2500 1700 2650 1754 multi
2688 1709 2833 1754 tuum
2870 1715 2935 1754 ex
2980 1701 3178 1755 divitiis
3211 1701 3461 1770 gaudium

1887 1791 2097 1845 auferre
2121 1798 2362 1860 possunt,
2392 1800 2445 1845 et
2470 1789 2553 1843 fur
2574 1789 2824 1859 parietem
2852 1789 3168 1858 perfodiens,
3195 1799 3247 1844 et
3264 1791 3463 1844 credita

1887 1879 2186 1948 subripiens
2212 1895 2418 1946 servus,
2448 1887 2501 1934 et
2524 1878 2817 1948 Imperator
2837 1880 2886 1932 iu
2911 1879 3093 1933 ﬁscum
3121 1879 3384 1948 redigens,
3410 1889 3465 1934 et

1887 1972 2094 2026 invidus
2119 1971 2279 2026 homo
2304 1971 2653 2026 calumnians.
2678 1971 2733 2027 Si
2763 1972 3050 2039 potentiam
3072 1971 3290 2037 habeas,
3313 1972 3466 2026 multi

1853 2097 1860 2099 -
1887 2070 2111 2131 possunt
2130 2071 2279 2116 tuum
2299 2078 2364 2117 ex
2391 2062 2489 2117 hoc
2508 2062 2756 2132 gaudium
2780 2063 2982 2116 tollere.
3008 2063 3136 2118 Cum
3158 2064 3296 2118 enim
3321 2063 3466 2132 priu-

1887 2153 2091 2221 cipatus
2136 2153 2360 2216 ﬁnierit,
2393 2152 2635 2220 voluptas
2677 2167 2886 2220 quoque
2927 2153 3071 2206 ﬁniet
3102 2170 3115 2204 :
3144 2154 3268 2221 quin
3311 2161 3367 2208 et
3411 2154 3462 2206 in

1889 2243 2003 2312 ipso
2043 2243 2340 2312 principatu
2387 2242 2568 2296 multa:
2613 2256 2702 2296 res
2747 2242 3082 2308 accidentes,
3126 2243 3466 2298 difficultates

1890 2331 2147 2388 habentes
2171 2342 2222 2386 et
2246 2346 2433 2397 curas,
2459 2332 2695 2386 lmtitiam
2727 2340 2866 2385 tuam
2897 2331 3212 2386 diminuunt.
3261 2333 3316 2388 Si
3344 2349 3464 2389 cor-3

1890 2425 2035 2494 poris
2080 2425 2242 2479 robur
2288 2423 2504 2488 habeas,
2545 2423 2761 2476 morbus
2806 2424 3185 2492 superveniens
3226 2423 3466 2480 dissolvit

1889 2515 2012 2570 inde
2037 2525 2204 2570 ortam
2231 2515 2469 2569 laetitiam
2492 2532 2506 2568 :
2527 2514 2570 2568 si
2595 2513 3033 2583 pulchritudinem
3057 2515 3247 2570 habeas
3267 2525 3317 2570 et
3339 2531 3459 2586 spe-

1889 2608 2058 2674 ciem,
2100 2618 2345 2663 senectus
2385 2608 2766 2678 superveniens
2810 2609 3073 2671 tabefecit,
3123 2618 3175 2664 et
3215 2610 3462 2680 gaudium

1889 2700 2105 2754 abstulit
2129 2717 2143 2753 :
2171 2701 2216 2754 si
2255 2716 2437 2755 mensa
2480 2701 2670 2757 fruaris
2709 2701 2846 2756 lauta
2869 2743 2884 2768 ,
2912 2717 3133 2771 vespere
3173 2713 3466 2774 occupante

1890 2793 2062 2848 soluta
2082 2802 2163 2848 est
2179 2793 2403 2848 convivii
2426 2793 2624 2847 lmtitia.
2651 2793 2848 2849 Rerum
2871 2795 3010 2850 enim
3038 2795 3288 2865 quaelibet
3313 2812 3466 2850 mun-

1890 2881 2146 2937 danarum
2186 2882 2420 2936 infestari
2463 2882 2616 2938 facile
2657 2890 2853 2952 potest,
2888 2900 2984 2938 nec
3024 2886 3262 2940 stabilem
3311 2887 3466 2942 nobis

1891 2974 2213 3043 voluptatem
2235 2973 2404 3039 aflert,
2429 2974 2594 3042 pietas
2616 2981 2791 3028 autem
2815 2983 2866 3029 et
2886 2974 3046 3028 animi
3069 2975 3234 3029 virtus
3261 2986 3463 3031 contra.

1892 3062 2295 3135 Eleemosynam
2325 3065 2369 3118 si
2398 3063 2617 3130 feceris,
2649 3065 2896 3120 meritum
2923 3065 3133 3121 auferre
3160 3075 3334 3136 potest
3366 3082 3466 3122 nc-

1893 3168 1982 3209 mo
2015 3171 2028 3207 :
2061 3155 2171 3209 sive
2193 3153 2478 3218 exercitus,
2497 3154 2609 3208 sive
2637 3169 2810 3224 reges,
2834 3155 2946 3210 sive
2966 3155 3153 3210 inﬁniti
3180 3156 3468 3210 calumnia-

1895 3252 2039 3299 tores
2059 3253 2113 3299 et
2141 3243 2471 3299 insidiatores
2501 3244 2697 3298 instent
2716 3244 2966 3315 undique,
2994 3246 3046 3299 in
3082 3246 3226 3301 czelis
3259 3248 3468 3317 reposi-

1897 3343 2002 3388 tam
2035 3335 2424 3404 possessionem
2451 3334 2661 3390 auferre
2696 3351 2804 3390 non
2839 3347 3080 3404 possunt,
3113 3337 3206 3391 sed
3237 3353 3468 3406 perenne

1895 3434 2170 3494 permanet
2193 3424 2462 3494 gaudium.
2504 3423 2752 3493 Dispersit
2777 3425 2939 3486 enim,
2967 3425 3154 3494 inquit,
3176 3425 3312 3479 dedit
3339 3443 3472 3498 pau-

1898 3514 2118 3583 peribus,
2143 3515 2336 3582 iustitia
2359 3515 2470 3585 ejus
2495 3522 2659 3568 manet
2686 3514 2740 3568 in
2767 3515 3006 3568 steculum
3037 3514 3207 3587 (Psal.
3238 3516 3360 3571 111.
3389 3517 3466 3587 9).

1897 3603 2008 3660 Nec
2046 3605 2310 3659 immerito
2342 3622 2355 3658 :
2388 3605 2440 3658 in
2479 3604 2730 3658 ctelorum
2777 3605 2917 3660 enim
2969 3605 3198 3660 cellariis
3241 3608 3471 3677 reposita

1897 3704 2052 3758 sunt,
2077 3695 2165 3748 ubi
2196 3694 2278 3748 fur
2305 3711 2411 3748 non
2437 3695 2685 3764 perfodit,
2719 3695 2855 3750 latro
2882 3710 2985 3750 non
3014 3697 3166 3760 tollit,
3200 3698 3336 3755 tinea
3363 3715 3468 3753 non

1899 3786 2163 3840 consumit
2187 3785 2398 3852 (Matth.
2427 3786 2480 3840 6.
2508 3785 2624 3856 20).
2671 3786 2724 3840 Si
2757 3801 2942 3855 preces
2968 3786 3166 3843 fuderis
3191 3789 3472 3845 continuas

1898 3886 1951 3932 et
1979 3878 2226 3940 intentas,
2248 3892 2433 3931 earum
2463 3876 2690 3930 fructum
2712 3875 2924 3930 auferre
2951 3878 3141 3945 poterit
3167 3894 3324 3933 nemo
3348 3895 3364 3932 :
3387 3879 3473 3933 hic

1899 3969 2092 4024 etenim
2113 3968 2314 4022 fructus
2337 3969 2388 4020 in
2409 3968 2542 4020 cado
2563 3967 2827 4020 radicatus
2847 3975 2948 4032 est,
2963 3967 3028 4021 ab
3047 3967 3189 4020 omni
3209 3969 3474 4022 calumnia

1899 4060 2055 4125 liber,
2082 4070 2136 4114 et
2168 4073 2480 4126 permanens
2523 4058 2962 4128 inexpugnabilis.
3008 4057 3062 4112 Si
3104 4059 3240 4112 male
3288 4074 3474 4128 passus

1899 4153 2252 4216 benefeceris,
2286 4151 2330 4204 si
2357 4150 2651 4204 maledictis
2678 4151 2952 4205 lacessitus
2981 4151 3240 4219 patienter
3266 4152 3470 4217 tuleris,

1900 4243 1945 4297 si
1970 4242 2222 4296 conviciis
2259 4242 2477 4295 aﬁ‘ectus
2518 4240 2850 4295 henedixeris
2879 4257 2893 4293 :
2926 4239 3041 4295 haec
3065 4243 3252 4296 merita
3278 4257 3470 4312 perpe—

1902 4343 1992 4389 tuo
2021 4343 2268 4402 manent,
2300 4342 2355 4390 et
2381 4343 2551 4388 ortam
2583 4349 2647 4388 ex
2675 4333 2756 4387 his
2784 4333 3021 4388 iretitiam
3047 4333 3252 4389 auferet
3276 4351 3436 4391 nemo
3460 4379 3472 4402 ,

1901 4425 1995 4479 sed
2016 4425 2450 4494 quotiescumque
2480 4423 2711 4492 ipsorum
2738 4423 3046 4478 recordatus
3069 4422 3253 4487 fueris,
3276 4427 3476 4496 gaudes

1903 4525 1956 4570 et
1983 4514 2180 4570 laetaris
2207 4523 2261 4568 et
2283 4514 2447 4568 multa
2478 4514 2670 4568 frueris
2697 4515 2980 4584 voluptate.
3031 4516 3120 4570 Sic
3164 4517 3398 4586 profecto
3427 4529 3473 4573 et

1904 4606 2084 4675 fugere
2123 4605 2485 4675 juramentum
2525 4604 2570 4659 si
2613 4606 3023 4673 praevaleamus,
3056 4617 3109 4660 ct
3137 4606 3203 4662 ab
3229 4606 3326 4662 hac
3350 4623 3480 4662 con-

1905 4695 2181 4751 suetudine
2207 4694 2504 4764 perniciosa
2531 4695 2797 4749 abstinere
2825 4695 3017 4766 lingum
3043 4706 3240 4751 nostra:
3263 4697 3476 4752 studea-

1905 4800 2022 4839 mus
2047 4826 2061 4852 ,
2104 4784 2275 4839 meriti
2305 4783 2516 4853 quidem
2567 4785 2714 4838 labor
2753 4784 2899 4839 brevi
2941 4785 3264 4852 absolvetur,
3298 4787 3480 4842 laetitia

1907 4891 2036 4930 vero
2061 4875 2236 4929 meriti
2261 4875 2460 4943 jugiter
2485 4875 2588 4928 erit
2611 4883 2664 4929 et
2689 4873 3065 4930 indesinenter.
3097 4876 3357 4932 Caeterum
3386 4893 3482 4931 vos

1907 4975 1960 5020 et
1986 4965 2208 5018 aliorum
2241 4973 2594 5034 praeceptores
2614 4979 2734 5018 esse
2759 4974 2968 5034 oportet
2987 4975 3040 5019 et
3061 4965 3242 5032 duces,
3271 4975 3326 5020 et
3343 4967 3484 5020 .amio

1907 5070 1998 5109 cos
2020 5055 2264 5126 proximi,
2284 5069 2468 5110 servos
2486 5064 2663 5110 autem
2684 5056 2944 5121 conservi,
2969 5057 3256 5124 etjttvenes
3272 5073 3480 5112 comvos

1905 5147 2193 5215 suscipere,
2213 5145 2488 5200 instituere
2512 5154 2566 5200 et
2593 5145 2840 5201 inducere
2860 5145 3074 5201 debent.
3102 5146 3287 5202 Nonne
3303 5147 3347 5200 si
3367 5148 3484 5218 quis

1909 5238 2001 5291 tibi
2033 5253 2252 5293 aureum
2297 5253 2458 5292 unum
2500 5253 2598 5307 pro
2640 5239 2860 5309 singulis
2901 5240 3199 5294 hominibus
3228 5241 3483 5295 correctis

1909 5328 2260 5397 promisisset,
2301 5342 2461 5384 omne
2501 5329 2731 5383 studium
2772 5329 3126 5393 adhibuisses,
3157 5338 3211 5384 et
3238 5330 3483 5383 assiduus

1912 5418 2209 5473 adstitisses
2238 5418 2564 5489 persuadens
2606 5429 2659 5473 et
2691 5419 3016 5474 exhortans?
3056 5419 3204 5473 Nunc
3227 5433 3352 5472 vero
3376 5434 3482 5473 non

1907 5525 2128 5564 aureum
2155 5525 2340 5577 unum,
2370 5525 2543 5580 neque
2575 5510 2787 5573 decem,
2817 5526 2986 5580 neque
3014 5512 3219 5579 viginti,
3252 5511 3330 5565 vel
3358 5526 3481 5566 cen-

1910 5608 2042 5664 tum,
2070 5599 2156 5654 vel
2177 5601 2343 5667 mille,
2368 5616 2543 5670 neque
2569 5609 2730 5655 totam
2761 5601 2900 5656 Deus
2928 5611 3120 5654 terram
3144 5600 3235 5654 tibi
3265 5601 3482 5670 pollice.

1910 5699 1997 5746 tur
2025 5691 2078 5744 in
2104 5691 2299 5746 horum
2328 5690 2567 5746 laborum
2597 5690 3002 5745 retributionem
3026 5729 3042 5756 ,
3073 5689 3166 5745 scd
3193 5692 3332 5762 quod
3355 5692 3485 5744 orbe
3551 5732 3561 5741 .

1911 5791 2021 5840 toto
2063 5784 2235 5852 majus
2273 5792 2374 5842 est.
2417 5784 2518 5837 hoc
2557 5785 2650 5837 tibi
2691 5783 2911 5854 przebet,
2943 5785 3195 5840 crelorum
3223 5803 3443 5857 regnum
3477 5796 3489 5835 ε

3043 5879 3105 5936 11
