3920 6224
426 341 515 396 171

427 469 526 510 nec
553 454 656 510 hoc
675 453 872 520 solum,
889 467 1073 509 verum
1100 460 1152 506 et
1171 449 1313 505 aliud
1335 460 1525 520 praeter
1547 451 1667 505 hoc.
1696 449 1865 518 Quale
1887 465 2017 506 vero

425 545 564 601 hoc?
608 543 709 610 Qui
751 544 917 599 educit
961 543 1233 616 pretiosum
1275 557 1307 594 α
1340 539 1449 606 vili,
1477 541 1605 594 sicut
1639 556 1696 595 os
1726 556 1892 594 uicum
1916 543 2011 596 erit

425 637 561 706 (Jer.
584 637 672 692 15.
694 635 808 704 19),
831 635 1019 705 inquit.
1045 633 1184 700 Quid
1207 632 1332 689 huic
1356 641 1536 703 posset
1553 646 1675 688 esse
1703 648 1798 702 par
1820 631 1886 686 ad
1917 633 2012 687 ho—

434 728 583 783 noris
612 736 664 782 et
696 724 996 782 securitatis
1023 723 1324 780 rationem?
1362 723 1491 793 Quae
1515 738 1646 779 vero
1673 723 1827 779 nobis
1846 737 2013 779 excu-

426 821 564 875 satio
588 828 644 876 et
668 820 820 875 venia
848 828 969 889 post
991 826 1189 872 tantam
1216 816 1627 889 promissionem
1651 816 2012 886 proximorum

426 912 650 966 salutem
676 909 1065 982 negligentibus
1090 924 1211 965 esse
1240 908 1449 963 valeat?
1475 908 1554 963 Tu
1583 923 1712 963 vero
1737 908 1784 963 si
1813 921 2047 964 caecum.

427 1003 640 1074 quidem
690 1005 742 1058 in
788 1003 1095 1074 voraginem
1141 1001 1475 1057 decidentem
1516 1000 1744 1065 videris,
1795 1015 2013 1054 manum

431 1096 675 1167 porrigis,
706 1106 760 1151 et
800 1095 1072 1165 indignum
1112 1108 1232 1149 esse
1276 1104 1454 1163 putas,
1484 1102 1794 1163 pereuntem
1839 1091 2018 1161 despi-

428 1201 584 1251 cere;
617 1186 799 1242 videns
820 1194 996 1241 autem
1019 1185 1256 1256 quotidie
1279 1199 1466 1240 omnes
1487 1184 1806 1255 praecipitari
1828 1183 2016 1238 fratres

432 1278 485 1332 in
517 1277 812 1347 improbam
829 1277 1255 1347 juramentorum
1285 1275 1747 1340 consuetudinem,
1771 1289 1872 1330 nec
1895 1289 2018 1329 ver-

432 1370 559 1425 bum
591 1369 755 1425 audes
787 1369 1059 1438 proferre?
1088 1369 1193 1425 Sed
1222 1368 1402 1424 dixisti
1424 1367 1613 1434 semel,
1644 1376 1698 1423 et
1726 1382 1831 1421 non
1860 1365 2017 1421 audi-

432 1464 546 1517 vit:
570 1462 654 1516 dic
680 1462 836 1532 igitur
864 1461 946 1516 bis
971 1469 1025 1516 et
1056 1471 1159 1528 ter,
1184 1470 1238 1516 et
1264 1459 1443 1526 toties,
1463 1458 1637 1514 donec
1667 1456 2015 1528 persuaseris.

433 1554 595 1609 Nobis
640 1553 878 1624 quotidie
921 1552 1157 1623 loquitur
1196 1552 1356 1616 Deus,
1387 1560 1442 1608 et
1468 1565 1574 1605 non
1604 1549 1850 1604 audimus
1871 1589 1885 1613 ,
1917 1562 2017 1602 nec

433 1646 630 1715 alloqui
658 1645 864 1700 desistit
896 1662 910 1698 :
945 1644 1081 1699 hanc
1113 1655 1167 1698 tu
1197 1659 1408 1713 quoque
1435 1657 1618 1697 curam
1645 1641 1854 1696 imitare
1874 1639 2017 1695 circa

437 1738 759 1806 proximum.
791 1736 1076 1805 Propterea
1114 1736 1383 1804 conjuncti
1422 1735 1561 1790 inter
1598 1748 1695 1789 nos
1726 1746 1932 1796 sumus,
1965 1739 2020 1786 et

456 1834 2655 1862 ________________________________.

1164 337 1220 394 S.
1262 334 1539 393 JOANNIS
1576 334 2050 392 CHRYSOSTOMI
2089 338 2408 397 ABGHIEP.
2449 288 2986 408 CONSTANTIb'OP.

3602 359 3713 413 172

2124 456 2286 513 urbes
2314 458 2610 518 habitamus
2637 476 2690 520 et
2715 464 2767 520 in
2794 467 3037 523 ecclesiis
3057 483 3462 542 congregamur,
3490 485 3546 529 ut
3570 476 3713 531 alter

2119 551 2338 608 alterius
2361 570 2521 610 onera
2553 567 2844 626 portemus,
2865 570 2922 614 ut
2950 560 3083 616 alter
3104 562 3320 619 alterius
3347 577 3559 634 peccata
3583 582 3715 623 coro

2120 643 2374 715 riganius.
2409 646 2476 702 Et
2503 648 2637 703 sicut
2661 651 2809 705 multi
2837 651 3080 708 eamdem
3103 652 3370 711 ofﬁcinam
3402 658 3714 716 habitantes

2122 735 2369 794 homines
2395 739 2703 798 diil'erenter
2730 743 2944 814 quidem
2976 749 3340 814 negotiantur,
3369 752 3547 807 omnia
3577 769 3715 810 vero

2121 827 2175 884 in
2199 844 2484 887 commune
2509 845 2774 904 reponunt
2801 853 2814 890 :
2840 837 2919 893 sic
2957 837 3197 908 profecto
3234 851 3288 897 et
3325 858 3425 899 nos
3461 859 3711 916 agamus.

2121 920 2481 994 Quaecumque
2523 923 2663 980 bona
2697 927 2922 997 quisque
2948 930 3194 986 conferre
3233 941 3410 1002 potest
3434 937 3712 1005 proximo,

2122 1028 2189 1068 ne
2209 1013 2383 1085 pigeat
2402 1030 2544 1078 eum,
2568 1031 2741 1085 neque
2760 1019 2999 1087 dili‘erat;
3030 1021 3124 1076 sed
3146 1021 3238 1077 [lat
3257 1027 3542 1096 negotiatio
3560 1043 3714 1098 quae;

2122 1103 2284 1172 dam,
2331 1115 2387 1161 et
2433 1107 2553 1161 talis
2600 1108 2813 1164 collatio
2856 1111 3170 1180 spiritualis,
3219 1124 3281 1168 ut
3325 1116 3379 1169 in
3420 1131 3714 1176 commune

2123 1198 2301 1253 omnia
2325 1198 2677 1270 deponentes,
2705 1210 2761 1257 et
2798 1203 2993 1259 multas
3030 1204 3207 1276 adepti
3243 1207 3474 1277 divitias,
3503 1220 3559 1266 et
3586 1227 3713 1267 ma-

2122 1304 2286 1358 gnum
2311 1293 2624 1362 consequuti
2664 1292 2994 1362 thesaurum,
3021 1300 3376 1356 communiter
3399 1316 3588 1360 omnes
3613 1320 3713 1362 re-

2122 1398 2283 1452 gnum
2306 1399 2654 1454 assequamur
2682 1385 2956 1453 cmlorum,
2989 1390 3156 1459 gratia
3176 1401 3227 1447 et
3249 1391 3576 1464 benignitate
3604 1397 3714 1452 Do-t

2125 1474 2254 1528 mini
2283 1477 2448 1530 nostri
2487 1476 2615 1531 Jesu
2652 1475 2873 1544 Christi,
2904 1494 3001 1549 per
3025 1495 3182 1550 quem
3210 1491 3264 1538 et
3282 1498 3404 1538 cum
3432 1500 3538 1555 quo
3563 1486 3714 1544 Patri

2124 1565 2294 1635 gloria
2314 1608 2330 1633 ,
2363 1566 2521 1621 simul
2546 1576 2601 1622 et
2626 1576 2813 1623 sancto
2842 1568 3086 1640 Spiritui,
3118 1588 3259 1630 nunc
3294 1584 3349 1630 et
3388 1591 3626 1647 semper,
3653 1589 3712 1638 et

2126 1655 2178 1710 in
2207 1657 2400 1712 saecula
2429 1658 2765 1714 saeculorum.
2791 1660 2981 1717 Amen.

444 1940 509 1983 IN
541 1939 969 1985 ιιΑθιετῐιΑτυδ
1001 1940 1079 1983 ΔΒ
1121 1935 1528 1982 IMPERATOBE
1568 1932 1927 1977 THEODOSIO
1967 1930 2205 1986 M18808,
2233 1927 2639 1972 ELLEBICHUM
2670 1928 3041 1975 MAGISTRUM
3075 1932 3374 1989 MILITUM,
3404 1937 3485 1980 ET
3518 1938 3721 1985 οεδι-

535 2035 693 2077 ιιιυΜ
738 2033 1108 2081 MAGISTBUM
1153 2017 1262 2101 (α),
1353 2035 1436 2078 ΔΙ)
1476 2031 2076 2079 PRBVABICLTOBUM
2118 2027 2599 2084 INQUISITIONEM
2665 2028 2947 2073 PROPTER
2993 2031 3375 2081 STATUARUM
3418 2037 3711 2083 8UBVBR-.

534 2136 786 2182 SIONEM.

1019 2388 1236 2431 BOIILIA
1272 2388 1398 2427 ινιι.

508 2471 558 2526 1.
590 2469 898 2541 Opportune
926 2481 1114 2522 omnes
1146 2465 1302 2519 hodie
1323 2463 1482 2518 simul
1501 2461 1890 2527 concinuimus,
1921 2459 2017 2513 Be-

431 2561 657 2617 nedictus
684 2559 929 2614 Dominus
960 2558 1093 2612 Deus
1121 2556 1307 2622 Israel,
1334 2556 1420 2627 qui
1448 2556 1570 2629 facit
1596 2554 1847 2609 mirabilia
1875 2554 2013 2609 solus

432 2650 603 2725 (Psat.
627 2649 854 2725 71.18).
899 2649 1110 2705 Etenim
1147 2648 1388 2703 miranda
1426 2657 1481 2703 et
1515 2646 1816 2717 Opinionem
1855 2659 2015 2700 exce-

432 2744 612 2799 dentia
641 2742 776 2798 facta
798 2750 921 2797 sunt
946 2739 1155 2810 negotia
1186 2756 1200 2792 :
1232 2739 1418 2794 urbem
1464 2746 1626 2792 totam
1666 2746 1721 2792 et
1764 2736 2015 2806 populum

432 2844 635 2891 tantum
652 2835 761 2905 jam
787 2831 1258 2903 submergendum,
1282 2840 1337 2887 et
1356 2830 1455 2885 sub
1480 2829 1651 2885 undas
1679 2828 1941 2901 agendum
1961 2839 2016 2883 et

429 2925 756 2997 perdendum
787 2923 1024 2980 funditus
1053 2923 1232 2979 statim
1258 2962 1275 2989 ,
1315 2935 1425 2977 uno
1455 2920 1710 2990 temporis
1737 2927 2013 2975 momento

428 3016 497 3071 ab
520 3016 667 3073 omni
702 3013 978 3084 naufragio
1006 3012 1271 3070 liberavit.
1320 3011 1530 3068 Gratias
1568 3011 1728 3081 igitur
1764 3025 2010 3080 agamus,

433 3120 540 3161 non
567 3114 770 3160 tantum
799 3104 1049 3175 quoniam
1080 3111 1449 3173 tempestatem
1476 3100 1703 3168 sedavit,
1727 3100 1822 3157 sed
1851 3101 2012 3155 etiam

427 3197 678 3267 quoniam
714 3197 883 3266 ipsam
906 3195 1019 3250 ﬁeri
1047 3193 1288 3265 permisit
1318 3211 1333 3249 :
1361 3209 1466 3249 non
1518 3201 1717 3247 tantum
1761 3192 2012 3262 quoniam

426 3287 703 3359 naufragio
723 3302 821 3342 nos
849 3287 1108 3353 liberavit,
1139 3285 1232 3342 sed
1257 3284 1417 3341 etiam
1444 3283 1587 3355 quod
1608 3284 1664 3338 in
1686 3291 1884 3338 tantam
1914 3299 2012 3340 nos

423 3379 722 3450 angustiam
753 3378 947 3434 cadere
970 3377 1248 3447 permisit,
1290 3385 1346 3430 et
1391 3382 1688 3429 extremum
1715 3374 2009 3444 periculum

423 3470 580 3525 nobis
606 3469 908 3524 imminere.
938 3469 1027 3523 Sic
1052 3474 1106 3522 et
1131 3466 1325 3521 Paulus
1349 3465 1403 3520 in
1431 3465 1679 3520 omnibus
1704 3464 1863 3535 jussit
1887 3480 2009 3535 gra-

424 3563 524 3616 tias
565 3576 745 3631 agere.
785 3560 918 3614 Cum
949 3573 1078 3614 vero
1116 3558 1279 3612 dicit:
1314 3556 1377 3610 In
1407 3557 1638 3610 omnibus
1662 3556 1853 3627 gratias
1879 3556 2009 3627 agite

423 3654 502 3722 (1.
527 3653 706 3707 Thess.
733 3653 787 3708 5.
819 3652 909 3724 18)
939 3668 953 3704 :
986 3651 1090 3704 hoc
1118 3650 1401 3718 signiﬁcat,
1435 3664 1540 3703 non
1572 3660 1776 3703 tantum
1805 3651 1855 3704 in
1881 3664 2007 3719 gra-

426 3744 571 3798 vium
600 3743 883 3807 solutione,
907 3755 1091 3796 vcrum
1119 3747 1173 3794 et
1200 3739 1251 3792 in
1282 3740 1517 3809 gravium
1537 3739 1552 3770 ί
1578 3747 1815 3808 tempore
1843 3756 1857 3792 :
1883 3754 2006 3793 nam

421 3836 753 3908 Diligentibus
782 3833 945 3890 Deum
970 3836 1139 3888 omnia
1161 3843 1494 3905 cooperantur
1524 3838 1576 3887 in
1606 3834 1792 3888 bonum
1829 3834 2004 3906 (Rom.

417 3929 472 3986 8.
499 3929 614 4000 28).
644 3928 854 3985 Gratias
880 3927 977 3999 ipsi
1003 3941 1221 3999 agamus
1244 3935 1462 3996 propter
1484 3925 1829 3983 tentationum
1850 3927 2010 3981 abso-

409 4021 694 4086 lationem,
731 4029 787 4076 et
828 4019 1016 4074 harum
1042 4032 1328 4088 numquam
1350 4016 1728 4072 obliviscamur
1758 4035 1772 4073 :
1800 4019 2005 4073 oratio-

408 4112 574 4167 «tribus
621 4123 907 4177 vacemus,
953 4107 1427 4178 supplicationibus
1466 4107 1769 4173 continuis,
1821 4107 2003 4177 pietati

410 4204 617 4258 multae.
657 4199 790 4257 Cum
816 4216 845 4256 a
876 4201 1136 4271 principio
1160 4199 1338 4271 gravis
1364 4199 1554 4254 horum
1579 4200 1840 4254 malorum
1871 4214 2001 4272 pyra

414 4294 574 4350 fuerit
592 4308 837 4360 accensa,
853 4292 1094 4349 dicebam
1118 4307 1220 4347 non
1243 4306 1362 4358 esse
1380 4290 1638 4346 doctrina:
1661 4299 1886 4361 tempus,
1906 4291 2000 4347 sed

414 4385 712 4441 orationum
744 4402 757 4439 :
785 4384 890 4439 hoc
916 4382 1154 4453 profecto
1182 4392 1237 4438 et
1259 4398 1401 4437 nunc
1424 4391 1706 4452 postquam
1735 4381 1997 4437 exstincta

412 4489 493 4533 est
537 4478 678 4543 dico,
710 4492 853 4532 nunc
876 4477 1048 4547 magis
1082 4484 1291 4545 tempus
1321 4474 1620 4528 orationum
1647 4488 1767 4529 esse
1787 4515 1802 4540 ,
1836 4489 1997 4545 quam

415 4570 564 4641 prius
588 4587 601 4623 :
626 4583 767 4623 nunc
790 4567 1018 4622 maxime
1045 4566 1395 4637 lacrymarum
1420 4574 1629 4633 tempus
1658 4574 1712 4620 et
1740 4579 1998 4634 compun-

409 4662 602 4717 ctionis
642 4670 695 4716 ct
730 4660 922 4715 animae
951 4659 1125 4714 anxia:
1155 4657 1414 4728 multique
1458 4657 1618 4712 studii
1658 4665 1712 4713 et
1753 4659 1994 4714 cautelaz.

407 4751 559 4807 Tunc
588 4765 780 4821 nempe
803 4751 914 4821 ipsa
943 4748 1340 4804 tribulationum
1365 4757 1551 4803 natura
1574 4748 1658 4802 vel
1682 4748 1876 4803 invitos
1897 4763 1997 4804 nos

408 4843 731 4915 corripiebat
757 4851 811 4898 et
832 4842 1102 4898 modestos
1132 4841 1377 4905 faciebat,
1412 4848 1466 4895 et
1491 4839 1557 4894 ad
1580 4840 1838 4911 majorem
1864 4856 1992 4912 age-

408 4938 497 4991 bat
540 4936 924 5000 reverentiam;
978 4947 1119 4989 nunc
1154 4941 1353 4997 autem,
1384 4932 1561 4986 ablato
1590 4933 1739 4989 freno
1767 4943 1822 4989 et
1850 4935 1993 4990 nube

408 5029 706 5099 praeterita,
749 5027 1040 5083 timendum
1070 5042 1138 5082 ne
1161 5026 1225 5081 ad
1256 5035 1524 5097 torporem
1549 5026 1894 5094 declinemus,
1927 5044 1993 5084 ne

407 5122 681 5194 segniores
707 5120 996 5177 reddamur
1018 5134 1225 5174 rursum
1254 5132 1317 5172 ex
1352 5119 1686 5184 remissione,
1721 5135 1787 5174 ne
1811 5120 1880 5175 de
1905 5136 1994 5175 no-

402 5214 485 5270 bis
510 5228 722 5285 quoque
759 5211 1019 5283 quispiam
1061 5210 1204 5266 dicat
1234 5228 1245 5264 :
1275 5207 1403 5265 Cum
1443 5209 1687 5265 occideret
1725 5227 1842 5276 eos,
1874 5221 1992 5266 tunc

464 5347 482 5415 ξ
517 5345 649 5415 βριιᾲ
665 5351 771 5394 sav.
793 5319 995 5415 legitur,
1020 5346 1477 5415 tentatzonum,_pro_,

462 5402 692 5470 (a)'Brix.
715 5402 891 5455 omittit
924 5416 1102 5452 nomen
1140 5404 1329 5451 Cmsarii
1353 5402 1557 5511 Magistri
1597 5402 1725 5463 quod
1763 5402 1986 5453 addimus

468 5471 639 5511 (amcis
659 5466 801 5511 mdd.
828 5467 1005 5511 auibus
1040 5462 1356 5511 adstipulatur
1386 5470 1422 5510 Τ
1459 5462 1679 5511 eodoret.
1709 5465 1986 5511 Magistrum

400 5482 430 5517 e
468 5462 639 5518 braccis
659 5466 801 5518 codd.
828 5467 1005 5528 quibus
1037 5462 1681 5528 adstipulaturj'rheodoret.
1709 5465 1986 5528 Magistrum

400 5538 564 5580 autem
586 5524 859 5579 oﬂlciorum'
871 5527 1000 5576 hunc
1029 5524 1184 5586 fuisse
1218 5524 1442 5586 intelligo
1464 5526 1549 5586 qui
1576 5532 1626 5573 et
1641 5524 1865 5574 absolute
1889 5533 1984 5575 tua-

399 5593 553 5653 gister
576 5588 864 5653 appellatur,
889 5587 1004 5637 licet
1024 5585 1106 5653 alii
1126 5592 1292 5635 essent
1314 5585 1847 5653 Magistriscriniorqm,
1876 5589 1983 5650 epi-

340 5659 350 5670 ’
398 5647 705 5700 itolarum'et
727 5648 1001 5699 libellorum
1016 5647 1401 5710 Grzeeorum._ttd
1423 5649 1697 5710 Magistrum
1718 5647 1982 5699 otliciorum

397 5711 646 5839 illisacaigliqa
676 5710 840 5775 palatii
878 5709 1173 5773 pertinebat,
1196 5716 1250 5760 et.
1268 5708 1452 5769 ciliciis,
1481 5708 1529 5759 id
1564 5717 1659 5770 est,
1697 5711 1984 5762 ministeriis

424 5786 463 5820 )l‘
566 5787 591 5822 a
619 5806 631 5819 .

424 5787 631 5822 περι-ει.

2124 2364 2409 2430 ιιιιωνεὺαηε
2448 2378 2559 2415 eum
2580 2402 2596 2426 ,
2627 2373 2674 2418 et
2716 2366 3102 2432 rerertebantur,
3130 2377 3176 2421 et
3201 2368 3423 2424 diluculo
3449 2372 3715 2428 ueniebant

2123 2451 2192 2505 ad
2228 2450 2393 2505 Deum
2438 2450 2619 2520 (Psal.
2647 2453 2735 2508 77.
2757 2454 2875 2526 54).
2899 2454 3024 2512 Ideo
3061 2457 3236 2514 Moses
3271 2457 3484 2518 Iudaeos
3522 2466 3707 2518 admo-

2123 2546 2284 2602 nebat
2310 2546 2496 2600 dicens
2526 2563 2541 2599 :
2575 2544 2855 2616 Postquam
2881 2549 3155 2606 comederis
3179 2561 3223 2606 et
3251 2552 3450 2622 biberis,
3477 2565 3525 2610 et
3548 2556 3725 2627 fueris

2121 2637 2363 2707 repletus,
2402 2638 2669 2692 recordare
2710 2637 2919 2693 Domini
2960 2640 3052 2695 Dei
3093 2643 3168 2696 tui
3190 2643 3368 2716 (Deut.
3397 2647 3449 2701 6.
3474 2647 3561 2702 12.
3592 2651 3713 2720 15).

2120 2728 2274 2783 Nunc
2314 2728 2578 2783 sincerum
2621 2729 2949 2799 propositum
2990 2742 3225 2788 vestrum
3270 2735 3553 2806 videbitur,
3580 2740 3716 2799 siin

2120 2822 2306 2878 eadem
2352 2822 2659 2878 manseritis
2704 2823 2897 2893 pietate
2925 2841 2940 2879 :
2975 2834 3098 2881 tunc
3123 2827 3321 2899 quippe
3346 2828 3496 2884 multi
3528 2829 3714 2888 timori

2118 2921 2174 2969 et
2215 2913 2479 2969 malorum
2526 2914 2750 2969 illationi
2786 2916 3022 2973 studium
3050 2928 3287 2974 vestrum
3312 2921 3677 2979 attribuebant

2118 3019 2260 3061 nunc
2284 3020 2412 3060 vero
2436 3020 2626 3076 purum
2654 3006 2756 3060 erit
2778 3007 3031 3063 meritum
3057 3018 3312 3078 vestrum,
3343 3011 3390 3066 si
3422 3011 3478 3067 in
3513 3012 3714 3070 eodem

2118 3093 2297 3150 studio
2337 3097 2712 3166 permaneatis.
2761 3097 3023 3167 Quoniam
3046 3109 3102 3157 et
3128 3103 3381 3171 puerulus
3410 3103 3457 3159 si
3483 3105 3611 3160 dum
3638 3106 3713 3162 ab

2116 3188 2296 3260 aliquo
2325 3188 2500 3260 agitur
2525 3190 2815 3261 pmdagogo
2846 3192 3069 3248 terribili
3096 3234 3110 3257 ,
3139 3208 3260 3250 cum
3289 3194 3550 3251 modestia
3575 3198 3709 3255 vivit

2115 3291 2169 3336 et
2198 3283 2624 3350 mansuetudine,
2656 3284 2789 3340 nihil
2827 3294 2909 3340 est
2946 3287 3267 3356 mirandum,
3296 3288 3391 3345 sed
3430 3289 3710 3363 paedagogi

2118 3374 2295 3428 timori
2321 3374 2471 3444 pueri
2504 3373 2820 3430 modestiam
2848 3377 3146 3433 attribuunt
3171 3393 3388 3447 omnes;
3420 3396 3543 3437 cum
3572 3399 3709 3439 vero

2114 3464 2355 3535 deposita
2377 3466 2695 3522 necessitate
2720 3466 2811 3523 ille
2836 3468 2889 3523 in
2912 3470 3098 3525 eadem
3122 3475 3376 3529 manserit
3395 3472 3706 3542 honestate,

2115 3564 2243 3612 tunc
2274 3565 2329 3611 et
2351 3572 2510 3627 quam
2539 3556 2722 3613 habuit
2750 3559 2802 3612 in
2831 3560 3009 3629 priore
3036 3570 3194 3618 :etate
3222 3563 3569 3632 modestiam,
3598 3566 3706 3637 ipsi

2112 3661 2299 3702 omnes
2325 3647 2652 3703 adscribunt.
2683 3649 2795 3705 Hoc
2813 3658 2867 3705 et
2887 3667 2985 3706 nos
3013 3653 3195 3724 utique
3220 3654 3494 3720 faciamus,
3524 3656 3576 3712 in
3603 3672 3703 3714 ea—

2111 3736 2235 3792 dem
2266 3749 2542 3795 manentes
2568 3741 2890 3806 reverentia,
2921 3751 2978 3797 ut
3008 3752 3061 3798 et
3081 3744 3273 3814 prioris
3293 3745 3455 3801 studii
3482 3746 3700 3805 laudem

2111 3829 2345 3883 multam-
2373 3845 2404 3885 a
2453 3831 2562 3887 Deo
2613 3833 2905 3903 capiamus.
2952 3833 3233 3892 lnnumera
3271 3840 3704 3908 exspectavimus

2110 3921 2250 3975 mala
2271 3963 2286 3988 ,
2318 3925 2554 3977 omnium
2585 3924 2909 3980 substantias
2939 3926 3206 3997 direptum
3248 3929 3352 3997 iri,
3394 3930 3703 3990 habitacula

2110 4028 2230 4068 cum
2262 4014 2621 4071 habitantibus
2646 4017 3039 4085 comburenda,
3069 4019 3339 4077 civitatem
3379 4023 3560 4078 medio
3595 4026 3704 4082 tol-

2109 4105 2321 4161 lendam
2353 4124 2417 4163 ex
2448 4110 2599 4176 orbe,
2628 4118 2683 4166 et
2711 4110 2878 4179 ipsius
2912 4111 3164 4183 reliquias
3190 4129 3378 4171 omnes
3408 4117 3699 4188 perituras,

2106 4207 2341 4254 aratrum
2384 4200 2550 4270 ipsius
2599 4210 2795 4258 terram
2838 4214 3239 4275 suscepturam;
3282 4208 3376 4264 sed
3414 4224 3544 4267 ecce
3572 4211 3700 4269 haec

2106 4291 2282 4345 omnia
2324 4292 2460 4347 intra
2502 4295 2955 4364 exspectationem
3004 4305 3207 4352 tantum
3247 4308 3534 4368 steterunt,
3558 4314 3614 4358 et
3638 4303 3697 4360 in

2104 4396 2239 4450 opus
2262 4397 2367 4437 non
2391 4395 2783 4453 processerunt.
2813 4386 2921 4442 Nec
2941 4387 3046 4444 hoc
3064 4391 3235 4444 solum
3257 4400 3340 4446 est
3363 4393 3693 4465 mirandum,

2103 4475 2243 4543 quod
2267 4483 2470 4530 tantum
2492 4477 2710 4546 periculi
2733 4479 2872 4534 Deus
2891 4480 3126 4547 abstulit,
3145 4482 3240 4538 sed
3256 4486 3413 4539 etiam
3436 4487 3694 4556 quoniam

2103 4568 2309 4639 magnis
2330 4583 2429 4626 nos
2456 4568 2630 4624 aﬂecit
2650 4570 2941 4641 beneﬁciis,
2969 4582 3025 4628 et
3047 4574 3314 4631 civitatem
3342 4587 3582 4634 nostram
3601 4594 3696 4635 or-

2102 4659 2284 4726 navit,
2329 4675 2534 4732 nosque
2562 4676 2657 4731 per
2683 4662 2821 4718 hanc
2844 4664 3191 4721 tentationem
3235 4675 3290 4721 et
3326 4667 3692 4727 calamitatem

2102 4752 2433 4821 probatiores
2456 4750 2652 4809 eil‘ecit.
2683 4754 2799 4822 Quo
2819 4770 2947 4810 vero
2977 4765 3152 4825 pacto,
3183 4772 3283 4829 ego
3311 4758 3505 4815 dicam.

2172 4842 2415 4898 Monachi
2435 4860 2498 4899 ea:
2524 4846 2774 4900 montibus
2798 4846 3118 4903 Antiochiam
3137 4849 3465 4917 descendunt,
3487 4863 3541 4909 ut
3566 4856 3693 4910 civi-

2100 4936 2193 4988 tati
2218 4935 2413 4989 veniam
2450 4938 2732 5007 impetrent.
2762 4967 2832 4978 --
2861 4938 2996 4993 Nam
3022 4941 3234 5011 quando
3260 4942 3329 4998 ab
3358 4943 3690 5016 lmperatore

2099 5026 2244 5079 missi
2264 5026 2330 5080 ad
2343 5026 2748 5083 commissorum
2771 5029 3168 5100 inquisitionem
3192 5035 3529 5091 tremendum
3557 5038 3685 5093 illud

2095 5118 2423 5173 constituere
2455 5117 2711 5187 judicium
2732 5161 2746 5186 ,
2788 5134 3083 5193 omnesque
3108 5122 3175 5178 ad
3201 5124 3465 5181 scelerum
3497 5143 3687 5198 poenas

2096 5209 2356 5264 vocabant
2381 5218 2436 5264 et
2458 5210 2604 5264 varia
2639 5210 2828 5266 mortis
2874 5213 3122 5268 omnibus
3165 5225 3281 5271 erat
3322 5220 3683 5289 exspectatio,

2098 5309 2222 5355 tunc
2250 5300 2478 5356 vertices
2506 5301 2765 5356 montium
2793 5301 3090 5360 habitantes
3109 5305 3378 5374 monachi,
3410 5311 3687 5380 propriam

2094 5394 2396 5449 exhibuere
2425 5393 2839 5465 philosophiam.
2866 5395 3106 5468 Namque
3134 5407 3213 5454 tot
3240 5402 3395 5458 annis
3416 5403 3468 5457 in
3495 5418 3687 5460 caver-

2094 5486 2178 5540 nis
2198 5485 2312 5541 suis
2327 5486 2584 5553 conclusi,
2604 5487 2819 5542 nemine
2838 5486 3153 5558 advocantc,
3173 5493 3429 5550 suadente
3445 5497 3686 5564 nemine,

2095 5585 2378 5647 postquam
2402 5578 2594 5632 nubem
2623 5585 2823 5633 tantam
2850 5579 3120 5637 civitatem
3143 5583 3575 5641 circumstantem
3600 5588 3690 5644 vi-

2091 5668 2305 5735 derunt,
2337 5669 2676 5727 tabernacula
2706 5670 3093 5744 speluncasque
3133 5689 3257 5732 suas
3300 5676 3686 5750 derelinquen-

2092 5770 2194 5832 tes,
2218 5763 2450 5836 undique
2473 5763 2866 5835 conﬂuxerunt,
2884 5764 3029 5824 velut
3046 5767 3219 5843 angeli
3239 5769 3456 5847 quidam
3476 5771 3543 5831 de
3553 5773 3689 5832 calo
