3920 6224
162 347 265 404 ςῖι

164 466 201 516 ὃ
220 463 320 518 τοῦ
354 460 559 537 κόσμου
603 469 797 533 παντὸς
833 471 1014 541 μεῖζόν
1047 473 1182 536 ἐστι,
1214 474 1373 528 τοῦτό
1403 492 1484 529 σοι
1508 477 1712 545 δίδωσι,
1741 479 1844 548 τὴν

158 551 451 620 βασιλείαν
480 556 588 609 τῶν
631 557 897 630 οὐρανῶν,
932 560 1027 615 καὶ
1063 563 1122 613 οὐ
1157 563 1314 616 τοῦτο
1363 566 1545 634 μόνον,
1582 567 1719 621 ἀλλά
1751 569 1844 621 καὶ

151 639 360 713 ἕτερον
385 643 519 715 πρὸς
560 644 752 716 τούτῳ.
784 647 941 700 Ποῖον
966 648 1029 719 δὴ
1058 648 1249 714 τοῦτο;
1301 649 1362 704 Ὀ
1383 646 1617 722 ἐξάγων
1647 655 1843 723 τίμιον

148 724 235 792 ἐξ
265 728 540 813 ἀναξίου,
569 732 650 798 ὡς
670 735 865 801 στόμα
886 753 1006 803 μου
1035 735 1226 801 ἕσται,
1258 739 1411 809 φησί·
1444 740 1496 793 τί
1529 740 1720 796 τούτου
1751 744 1844 814 γέ-

147 817 299 869 νοιτ’
333 815 399 870 ἂν
431 817 542 871 ἴσον
598 820 677 881 εἰς
704 821 870 891 τιμῆς
912 821 1071 890 λόγον
1102 824 1195 877 καὶ
1236 826 1571 895 ἀσφαλείας;
1603 829 1734 884 Ποία
1779 832 1840 886 δὲ

146 899 301 973 ἡμῖν
328 904 593 974 ἀπολογία
618 908 708 961 καὶ
744 908 1038 982 συγγνώμη
1095 912 1234 981 μετά
1275 914 1373 985 τὴν
1399 917 1665 989 τοσαύτην
1715 920 1849 973 ὑπό-

148 1004 353 1062 σχεσιν
375 993 476 1063 τῆς
512 995 619 1047 τῶν
657 995 883 1066 πλησίον
922 998 1185 1069 ἀμελοῦσι
1226 998 1534 1074 σωτηρίας;
1579 1006 1651 1059 Σὺ
1698 1006 1743 1059 δ’
1772 1007 1838 1062 ἂν

150 1074 267 1149 μὲν
303 1081 384 1143 εἰς
414 1080 681 1153 βάραθρον
715 1083 831 1156 ἴδῃς
857 1086 1269 1142 καταπίπτοντα
1297 1090 1518 1159 τυφλὸν,
1551 1095 1707 1164 χεῖρα
1727 1093 1820 1164 ὀρέ

144 1182 302 1235 γεις,
327 1169 421 1222 καὶ
447 1170 686 1239 νομίζεις
726 1172 943 1238 ἀνάξιον
972 1167 1112 1229 εἶναι
1140 1174 1203 1228 τὸ
1232 1178 1494 1248 περιιδεῖν
1526 1179 1837 1251 ἀπολλύμε-

146 1268 274 1309 νον·
306 1254 447 1326 ὀρῶν
470 1256 525 1309 δέ
545 1256 665 1310 καθ’
695 1259 932 1332 ἑκάστην
972 1261 1186 1334 ἡμέραν
1220 1264 1838 1336 κατακρημνιζομένους

147 1338 374 1405 πάντας
404 1345 529 1408 τούς
558 1345 819 1415 ἀδελφοὺς
838 1349 916 1410 εἰς
937 1348 1036 1417 τὴν
1061 1349 1303 1420 πονηρὰν
1322 1349 1432 1403 τῶν
1490 1351 1670 1423 ὅρκων
1710 1370 1839 1406 συν-

146 1424 374 1513 ήθειαν,
395 1432 515 1485 οὐδέ
533 1444 558 1472 α
585 1434 734 1504 ῥῆμα
756 1434 1017 1504 προέσθαι
1044 1436 1281 1509 τολμᾷς;
1324 1438 1461 1491 Ἀλλ’
1477 1435 1635 1501 εἴπας
1664 1436 1832 1509 ἅπαξ,

146 1517 254 1571 καὶ
290 1519 392 1571 οὐκ
431 1519 683 1588 ἧκουσεν·
729 1520 921 1575 οὐκοῦν
959 1523 1081 1577 εἰπὲ
1131 1525 1226 1578 καὶ
1267 1525 1368 1592 δίς,
1416 1526 1512 1581 καὶ
1553 1528 1695 1599 τρὶς,
1740 1530 1837 1584 καὶ

141 1606 503 1671 τοσαυτάκις,
536 1606 641 1671 ἓως
662 1608 727 1662 ἂν
751 1609 964 1680 πείσῃς.
993 1611 1130 1665 Καθ’
1153 1612 1393 1685 ἑκάστην
1418 1613 1682 1685 ἡμέρανὸ
1703 1617 1835 1683 Θεὸς

142 1695 294 1763 ἡμῖν
336 1694 662 1762 διαλέγεται,
695 1696 791 1751 καὶ
820 1698 920 1751 οὐκ
945 1697 1240 1770 ἀκούομεν,
1269 1701 1364 1755 καί
1396 1702 1498 1756 οὐκ
1536 1702 1831 1772 ἀφίσταται

142 1779 558 1850 διαλεγόμενος
599 1782 800 1855 ταύτην
844 1785 936 1839 καί
984 1787 1049 1841 σὺ
1093 1786 1329 1860 μίμησαι
1377 1790 1475 1860 τὴν
1506 1790 1830 1862 κηδεμονίαν

216 1924 250 1953 ⁸
280 1924 375 1974 Alii
398 1925 509 1973 οὐδὲ
545 1927 660 1974 δέκα
678 1927 943 1990 χρυσίνους,
971 1928 1097 1978 οὐδέ.

1114 358 1204 413 AD
1241 356 1569 418 POPULUM
1611 362 2108 424 ANTIOCHEAUM
2146 368 2375 426 IlOMlL.
2416 372 2579 431 XVII.

3520 388 3622 446 ιη

1949 484 2076 554 περί
2093 485 2182 538 τὸν
2216 487 2459 557 πλησίον.
2519 490 2620 545 Διά
2647 490 2804 546 τοῦτο
2839 496 2957 564 μετ’
3002 495 3245 567 ἀλλήλων
3296 501 3485 567 ἐσμὲν,
3520 508 3619 562 καὶ

1950 570 2132 636 πόλεις
2157 574 2435 646 οἰκοῦμεν,
2466 579 2560 632 καὶ
2590 580 2648 632 ἐν
2683 580 3001 651 ἐκκλησίαις
3039 585 3406 657 συναγόμεθα,
3437 591 3524 646 ῐνα
3548 594 3620 650 τὰ

1946 658 2188 750 ἀλλήλων
2215 662 2354 750 βάρη
2386 663 2862 738 βαστάςωμεν,ἴνα
2884 670 2952 723 τὰ
2971 670 3214 743 ἀλλήλων
3245 675 3463 749 ἀμαρτή
3474 697 3621 750 ματα

1945 746 2305 819 διορθώμεθα.
2340 752 2448 804 Καὶ
2475 752 2726 826 καθάπερ
2750 757 3111 831 ἐργαστήριον
3140 759 3199 814 ἓν
3228 746 3506 831 οἰκοῦντες
3525 767 3620 821 άν-

1946 834 2154 907 θρωποι
2177 837 2446 911 διαφόρως
2470 840 2567 911 μὲν
2596 842 3014 915 ἐμπορεύονται,
3032 848 3208 903 πάντα
3235 850 3293 903 δὲ
3327 853 3409 916 εἰς
3429 853 3491 907 τὸ
3509 872 3620 910 xos-

1950 921 2033 1012 νὸν
2065 925 2430 981 ἀποτίθενται·
2464 927 2607 982 οὕτω
2628 930 2692 1001 δὴ
2718 931 2812 984 καὶ
2841 934 3003 1003 ἡμεῖς
3030 934 3297 1007 ποιῶμεν,
3334 938 3513 1012 "Amp
3543 940 3612 996 ἂν

1944 1009 2171 1075 ἕκαστος
2193 1013 2373 1081 ἀγαθὰ
2400 1015 2622 1071 δύναται
2655 1019 2928 1090 εἰσφέρειν
2955 1020 3031 1091 τῷ
3061 1022 3306 1094 πλησίον,
3343 1025 3418 1098 μὴ
3440 1009 3618 1084 ὀκνεί-

1940 1114 2038 1162 τω,
2079 1098 2214 1169 μηδὲ
2243 1101 2575 1165 ἀναδυέσθω,
2599 1104 2734 1157 ἀλλά
2772 1105 3004 1173 γινέσθω
3032 1113 3385 1180 πραγματεία
3411 1131 3496 1179 τις
3524 1118 3617 1172 καὶ

1943 1186 2211 1251 ἀντίδοσις
2238 1189 2503 1262 τοιαύτηδ
2527 1193 2893 1265 πνευματικὴ,
2927 1194 3014 1248 ἴνα
3044 1198 3123 1259 εἰς
3148 1197 3208 1251 τὸ
3235 1200 3410 1255 κοινὸν
3442 1205 3618 1258 ἅπαν·

1939 1289 2009 1327 τα
2041 1275 2420 1346 καταθέμενοι,
2469 1280 2563 1333 καὶ
2615 1280 2781 1334 πολὺν
2833 1283 3166 1352 κτησάμενοι
3223 1284 3474 1354 πλοῦτον,
3521 1291 3614 1345 καὶ

1943 1364 2117 1434 μέγαν
2143 1364 2470 1436 ποιήσαντες
2498 1366 2590 1420 τὸν
2621 1368 2914 1439 θησαυρὸν,
2948 1373 3099 1442 κοινῇ
3133 1372 3333 1437 πάντες
3359 1374 3614 1448 τύχωμεν

1939 1453 2038 1523 τῆς
2061 1452 2339 1523 βασιλείας
2389 1454 2498 1509 τῶν
2551 1455 2818 1527 οὐρανῶν,
2867 1456 3049 1528 χάριτι
3102 1460 3197 1513 καὶ
3236 1461 3616 1537 φιλανθρωπίᾳ

1938 1539 2032 1594 τοῦ
2064 1542 2271 1621 Κυρίου
2304 1543 2462 1614 ήμῶν
2502 1543 2675 1615 ’ῐησοῦ
2708 1544 2967 1614 Χριστοῦ,
2988 1546 3057 1601 δι’
3086 1541 3147 1602 οὗ
3185 1550 3279 1602 καὶ
3306 1551 3424 1619 μεθ’
3451 1543 3514 1605 οὗ
3533 1552 3613 1622 τῷ

1938 1629 2114 1701 Πατρί
2141 1632 2174 1701 ἡ
2202 1629 2351 1696 δόξα,
2381 1632 2495 1702 ἅμα
2525 1632 2603 1701 τῷ
2628 1632 2769 1703 ἁγίῳ
2791 1631 3093 1703 Πνεύματι,
3130 1634 3224 1688 νῦν
3257 1636 3352 1690 καὶ
3382 1638 3468 1692 ἀεὶ
3516 1640 3613 1695 καὶ

1938 1716 2019 1779 είς
2042 1717 2170 1782 τοὺς
2202 1718 2404 1782 αἰῶνας
2428 1718 2536 1772 τῶν
2575 1716 2806 1772 αἰώνων.
2848 1722 3044 1794 Ἀμήν.

2000 1929 2027 1968 δ
2049 1934 2143 1983 Alii
2166 1930 2400 1991 ἀντίδοσις
2416 1936 2549 1992 αὕτη.

142 2216 261 2287 Εις
286 2222 425 2287 τοὺς
450 2221 744 2293 ἄρχοντος
775 2223 911 2313 τοὺς
951 2222 1112 2293 παρὰ
1165 2224 1271 2279 τοῦ
1333 2225 1640 2292 ,βασιλέως
1708 2226 2030 2281 Θεοδοσίου
2082 2227 2559 2294 ἀποσταλέντας,
2621 2229 2970 2299 Ἐλλέϐιχον
3032 2233 3456 2304 στρατηλάτην
3522 2244 3619 2295 καὶ

225 2312 551 2383 Καισάρων
592 2312 945 2386 μάγιστρον,
975 2319 1061 2382 εἰς
1106 2316 1222 2386 τὴν
1289 2317 1407 2372 τῶν
1465 2319 2058 2389 πεπλημμεληκότων
2132 2317 2414 2383 ἐξέτασιν
2491 2320 2588 2375 διὰ
2633 2320 2750 2389 τήν
2814 2320 2934 2375 τῶν
3000 2319 3384 2394 ἀνδριάντων
3442 2347 3624 2385 κατα-

218 2405 515 2476 στροφήν.

839 2605 1066 2678 Ὀμιλία
1090 2606 1175 2667 ιζ’.

228 2798 303 2848 α’.
330 2792 424 2854 Εἰς
456 2790 647 2862 καιρὸν
673 2788 1028 2859 ὐπεῲήλαμεν
1063 2800 1089 2829 ι
1120 2787 1356 2850 ἅπαντες
1387 2787 1540 2856 κοινῇ
1566 2785 1823 2855 τήμερον·

140 2879 500 2949 Εὐλογητὸς
517 2880 732 2946 Κύριος
757 2881 790 2932 ό
824 2877 966 2943 Θεὸς
995 2876 1105 2931 τοῦ
1133 2876 1395 2944 Ἰσραὴλ,
1423 2877 1456 2928 ὀ
1484 2871 1671 2928 ποιῶν
1689 2876 1829 2926 θαυ-

137 2966 339 3035 μάσια
360 2969 565 3036 μόνος.
598 2966 709 3019 Καὶ
736 2965 846 3037 γὰρ
878 2963 1169 3036 θαυμαστὰ
1193 2963 1284 3017 καὶ
1333 2960 1615 3033 παράδοξα
1636 2960 1827 3029 γέγονε

140 3055 475 3125 πράγματα·
503 3053 658 3108 πόλιν
697 3052 991 3124 ὁλόκληρον
1019 3053 1115 3105 καὶ
1158 3051 1328 3122 δῆμον
1373 3049 1626 3103 τοσοῦτον
1656 3064 1827 3102 κατα-

138 3141 501 3206 ποντίζεσθαι
563 3140 833 3212 μέλλοντα
869 3141 964 3194 καί⁵
1011 3138 1341 3210 ὑποϐρύχιον
1372 3136 1619 3207 γίνεσθαι
1672 3132 1823 3208 [171]

139 3230 245 3283 καὶ
277 3226 611 3283 ἀπόλλυσθαι
637 3227 818 3281 τέλεον
858 3225 1073 3297 ἀθρόον,
1104 3228 1160 3279 ἐν
1197 3226 1297 3297 μιᾷ
1323 3223 1517 3296 καιροῦ
1554 3224 1695 3294 ῥοπῇ
1725 3222 1828 3293 τῆς

139 3315 419 3385 ναυαγίας
449 3315 668 3386 ἀπάσης
721 3313 1050 3386 ἀπήλλαξεν.
1079 3312 1582 3385 Εὐχαριστήσωμεν
1623 3308 1825 3374 τοίνυν,

146 3405 226 3477 μὴ
265 3403 447 3475 μόνον,
488 3404 574 3458 ὅτι
608 3404 699 3457 τὸν
749 3402 995 3474 χειμῶνα
1037 3402 1246 3466 ἔλυσεν,
1285 3399 1400 3454 ἀλλ’
1427 3400 1512 3453 ὅτι
1548 3393 1645 3452 καὶ
1675 3396 1829 3468 γενέ-

145 3491 277 3545 σθαι
298 3492 461 3545 αὐτὸν
486 3491 851 3563 συνεχώρησε·
874 3490 948 3562 μὴ
978 3489 1137 3560 μόνον
1167 3489 1249 3542 ὃτι
1277 3488 1378 3559 τῆς
1400 3486 1664 3555 ναυαγίας
1679 3485 1827 3556 ήμᾶς

142 3579 483 3652 ἀπήλλαξεν,
512 3580 626 3634 ἀλλ’
672 3580 755 3633 ὅτι
796 3580 891 3633 καὶ
923 3580 1061 3650 πρὸς
1084 3580 1349 3648 τοσαύτην
1397 3575 1638 3645 ἀγωνίαν
1660 3590 1828 3627 κατα-

146 3671 340 3723 πεσεῖν
378 3668 580 3739 ἀφῆκε,
614 3666 710 3722 καὶ
734 3666 824 3721 τὸν
853 3667 981 3738 περί
1013 3666 1123 3720 τῶν
1160 3665 1404 3736 ἐσχάτων
1436 3666 1569 3735 ἡμῖν
1597 3664 1824 3732 ἐπικρε-

150 3754 430 3826 μασθῆναι
458 3754 720 3810 κίνδυνον.
739 3752 895 3827 Οὕτω
918 3754 1014 3806 καὶ
1044 3753 1255 3816 Παῦλος
1277 3752 1563 3805 ἐκέλευσεν
1588 3751 1646 3802 ἐν
1663 3748 1827 3802 παντὶ

144 3843 515 3916 εὐχαριστεῖν.
552 3842 719 3896 Ὅταν
757 3842 814 3895 δὲ
846 3842 996 3915 εἴπῃ,
1040 3844 1136 3897 Ἐν
1175 3841 1353 3895 παντὶ
1391 3837 1823 3908 εὐχαριστεῖτε,

145 3932 309 3985 τοῦτο
338 3931 510 3999 λέγει,
563 3929 638 4002 μὴ
684 3932 841 4002 μόνον
888 3931 947 3983 ἐν
985 3932 1052 4001 τῇ
1078 3928 1229 3982 λύσει
1266 3928 1375 3981 τῶν
1397 3927 1585 3980 δεινῶν
1606 3927 1652 3990 δ,
1686 3924 1824 3980 ἀλλά

148 4023 248 4076 καὶ
271 4022 330 4074 ἐν
368 4019 446 4091 τῷ
477 4019 656 4093 καιρῷ
684 4020 794 4072 τῶν
828 4018 1035 4072 δεινῶν·
1089 4018 1217 4084 Τοῖς
1249 4016 1357 4087 γάρ
1400 4013 1677 4086 ἀγαπῶσι
1717 4014 1825 4068 τὸν

150 4109 302 4164 Θεὸν
323 4109 522 4163 πάντα
565 4107 849 4176 συνεργεῖ
900 4109 988 4173 εἰς
1034 4106 1279 4176 ἀγαθόν.
1327 4105 1825 4174 Εὐχαριστήσωμεν

148 4195 302 4267 αὐτῷ
326 4195 414 4249 διὰ
431 4196 529 4267 τὴν
543 4194 697 4250 λύσιν
711 4194 819 4250 τῶν
849 4193 1196 4267 πειρασμῶν,
1222 4193 1316 4247 καὶ
1341 4191 1415 4263 μὴ
1438 4188 1824 4260 ἐπιλαθώμεθα

148 4284 354 4338 τούτων
384 4284 535 4337 ποτέ·
559 4283 745 4355 εὐχαῖς
775 4282 1155 4355 προσέχωμεν,
1186 4278 1488 4353 ἱκετηρίαις
1522 4277 1822 4347 συνεχέσιν,

151 4371 409 4443 εὐλαϐείᾳ
438 4370 630 4442 πολλῇ.
679 4371 808 4424 Ὅτε
842 4369 992 4441 παρά
1039 4368 1138 4438 τὴν
1187 4367 1425 4439 ἀρχὴνή
1473 4364 1685 4435 χαλεπὴ
1715 4364 1825 4417 τῶν

149 4458 340 4514 κακῶν
362 4458 565 4513 τούτων
580 4456 795 4528 ἀνήφθη
837 4457 1004 4528 πυρὰ,
1032 4457 1237 4525 ἔλεγον,
1265 4456 1345 4508 ὅτι
1369 4454 1468 4507 οὐκ
1496 4452 1612 4507 ἐστι
1636 4453 1826 4524 καιρὸς

148 4546 519 4609 διδασκαλίας,
556 4544 692 4598 ἀλλά
717 4545 907 4616 καιρὸς
936 4544 1131 4614 εὐχῶν·
1153 4542 1308 4596 τοῦτο
1331 4541 1506 4611 δήκαὶ
1526 4540 1642 4605 νῦν,
1673 4543 1823 4594 ἐπει-

148 4634 215 4706 δὴ
247 4631 680 4703 ἐσϐέσθη,λέγω,
711 4633 792 4686 ὃτι
820 4631 915 4686 νῦν
948 4630 1181 4703 μάλιστα
1208 4628 1399 4700 καιρὸς
1427 4628 1601 4699 εὐχῶν
1629 4628 1662 4699 ἢ
1693 4627 1827 4697 πρό-

148 4738 334 4792 τερον,
370 4713 464 4775 νῦν
499 4721 732 4790 μάλιστα
756 4720 947 4792 καιρὸς
971 4718 1221 4789 δακρύων
1247 4719 1339 4771 καί
1365 4714 1825 4780 κατανύξεωςήὶ

148 4810 332 4880 ψυχῆς
381 4807 762 4880 πεπονημένης
814 4808 908 4861 καὶ
961 4806 1163 4876 πολλῆς
1206 4806 1443 4876 σπουδῆς
1498 4805 1594 4857 καὶ
1622 4802 1824 4872 πολλῆς

152 4895 473 4966 ἀσφαλείας.
514 4895 647 4948 Τότε
696 4896 794 4967 μὲν
826 4894 937 4966 γὰρ
988 4893 1124 4965 αὐτὴ
1171 4893 1278 4948 τῶν
1317 4892 1549 4962 θλίψεων
1596 4892 1629 4961 ὴ
1664 4889 1824 4959 φύσις

152 4984 251 5038 καὶ
261 4985 490 5047 ἄκοντας
508 4986 654 5054 ἡμᾶς
678 4983 990 5037 συνέστελλε
1003 4984 1095 5036 καὶ
1109 4982 1404 5054 σωφρονεῖν
1427 4977 1822 5052 παρεσκεύαζε,

152 5072 249 5125 καὶ
311 5072 446 5142 πρὸς
508 5072 731 5125 πλείονα
793 5072 1001 5143 ήγαγεν
1064 5069 1369 5124 εὐλάϐειαν·
1407 5070 1526 5123 νυνί
1556 5067 1612 5120 δέ
1644 5068 1817 5135 ἀφαι-

156 5157 409 5230 ρεθέντος
430 5157 525 5211 τοῦ
554 5157 794 5230 χαλινοῦ,
823 5160 918 5212 καὶ
946 5157 1039 5211 τοῦ
1057 5157 1250 5227 νέφους
1282 5155 1663 5227 παρελθόντος,
1682 5152 1822 5218 δέος,

160 5251 237 5322 μὴ
273 5253 411 5324 πρὸς
441 5253 713 5324 ρᾳθυμίαν
752 5251 1157 5322 ἀποκλίνωμεν,
1207 5248 1281 5320 μὴ
1314 5247 1628 5319 χαυνότεροι
1656 5244 1820 5314 γενώ-

161 5340 301 5412 μεθα
329 5340 491 5394 πάλιν
517 5341 621 5393 ὐπὸ
647 5341 746 5410 τῆς
780 5339 1035 5402 ἀνέσεως.
1089 5337 1163 5407 μὴ
1198 5337 1292 5390 καὶ
1324 5335 1455 5407 περί
1497 5333 1656 5405 ήμῶν
1696 5333 1825 5403 εἴπῃ

155 5444 261 5491 τιςο
303 5429 440 5481 Ὅτε
472 5427 821 5483 ἀπέκτεινεν
836 5424 1078 5491 αὐτοὺς,
1106 5424 1239 5478 τότε
1268 5422 1589 5491 ἐξεζήτουν
1618 5420 1827 5482 αὑτὸν,

160 5513 257 5567 καὶ
281 5516 674 5585 ἐπέστρεφον,
726 5513 825 5568 καί
861 5511 1139 5582 ὥρθριζον
1179 5511 1331 5580 πρὸς
1369 5510 1477 5564 τὸν
1515 5509 1684 5564 Θεόν.
1728 5507 1828 5560 Διά

160 5602 317 5657 τοῦτο
343 5604 438 5656 καί
466 5603 702 5673 Μωῦσῆς
728 5601 998 5665 Ἰουδαίοις
1025 5600 1253 5673 παρῄνει
1285 5599 1479 5669 λέγων’
1504 5596 1713 5667 Φαγὼν
1726 5595 1826 5650 καί

155 5689 306 5745 πιὼν
336 5689 436 5743 καί
449 5689 820 5759 ἐμπλησθεὶς
831 5687 1136 5758 μνήσθητι
1146 5687 1368 5757 Κυρίου
1387 5685 1494 5742 τοῦ
1522 5683 1670 5740 Θεοῦ
1683 5701 1821 5739 σου.

222 5826 252 5893 ξ
280 5824 430 5893 βανϋ.
445 5832 509 5893 _el
530 5828 723 5889 quidam
748 5841 864 5893 mss.
885 5828 1206 5893 ὐπεψάλαμιν.

221 5884 251 5929 δ
279 5887 385 5938 Sav.
406 5890 502 5937 τῶν
520 5884 809 5953 πειρασμῶν.

1906 5938 1946 5954 ρ

1857 2476 1933 2495 ³-

1934 2626 2049 2683 Νῦν
2081 2626 2234 2699 ὐμῶν
2261 2628 2295 2699 η
2328 2616 2711 2698 εὐγνωμοσύνη
2765 2627 3035 2695 φανεῖται,
3065 2622 3132 2680 ἂν
3162 2622 3251 2676 ἐπὶ
3299 2627 3401 2696 τῆς
3445 2630 3607 2686 eam.

1936 2714 2086 2779 ϐείας
2118 2714 2315 2786 μένητε
2341 2714 2441 2785 τῆς
2469 2714 2660 2784 αὐτῆς
2697 2713 2819 2767 τότε
2854 2715 2950 2785 μὲν
2994 2715 3105 2786 γάρ
3131 2714 3314 2770 πολλοὶ
3346 2716 3425 2788 τῷ
3459 2714 3611 2783 φόϐῳ

1934 2802 2026 2855 καί
2053 2805 2120 2873 τῇ
2150 2801 2258 2855 τῶν
2282 2800 2469 2854 δεινῶν
2491 2803 2752 2872 ἐπαγωγῇ
2778 2802 2875 2873 τὴν
2903 2802 3306 2874 σπυδὴνύμῶν
3339 2803 3610 2872 ἐλογίζον-

1933 2906 2014 2942 το·
2051 2888 2145 2944 νῦν
2178 2888 2234 2942 δὲ
2260 2889 2502 2961 καθαρὸν
2531 2888 2685 2959 ὐμῶν
2712 2889 2863 2942 ἔσται
2896 2879 2958 2941 τὸ
2997 2890 3347 2963 κατόρθωμα,
3393 2890 3460 2946 ἂν
3493 2893 3610 2962 μεί-

1933 2993 2061 3048 νητε
2110 2976 2210 3047 τὴν
2243 2976 2412 3046 αὐτὴν
2441 2976 2825 3048 διατηροῦντες
2856 2977 3115 3049 σπουδήν.
3160 2978 3314 3031 Ἐπεὶ
3345 2977 3440 3032 καὶ
3481 2992 3611 3034 παν

1932 3064 2063 3131 δίον,
2092 3065 2199 3126 ἕως
2225 3064 2320 3135 μὲν
2338 3063 2404 3117 ἂν
2445 3064 2549 3116 ὐπὸ
2575 3063 2925 3133 παιδαγωγοῦ
2971 3083 3115 3129 τινος
3141 3064 3609 3139 ἄγηταιφοϐεροῦ.

1933 3152 2028 3205 καί
2061 3150 2199 3223 μετά
2249 3150 2604 3222 σωφροσύνης
2646 3151 2741 3205 καὶ
2775 3153 3076 3216 ἐπιεικείας
3108 3152 3177 3225 ζῇ
3212 3164 3261 3218 ο,
3295 3153 3612 3226 θαυμαστέν

1932 3237 2105 3298 οὐδὲν,
2127 3237 2263 3290 ἀλλά
2305 3236 2383 3307 τῷ
2412 3238 2507 3291 τοῦ
2554 3239 2904 3308 παιδαγωγοῦ
2941 3239 3093 3309 φόϐῳ
3125 3241 3224 3309 τὴν
3255 3242 3611 3314 σωφροσύνην

1931 3325 2028 3380 τοῦ
2069 3326 2190 3380 νέου
2222 3326 2526 3395 λογίζονται
2582 3327 2804 3391 πάντες
2845 3328 2975 3381 ὅταν
3030 3327 3090 3381 δὲ
3132 3327 3473 3399 ἀποθέμενος
3510 3329 3610 3401 τὴν

1932 3415 2142 3469 ἐκεῖθεν
2171 3414 2437 3485 ἀνάγκην,
2468 3412 2561 3468 ἐπὶ
2601 3414 2699 3484 τῆς
2729 3414 2899 3484 αὐτῆς
2931 3412 3068 3487 μένῃ
3102 3406 3453 3485 σεμνότητος,
3488 3417 3613 3470 τότε

1932 3503 2027 3557 καὶ
2051 3504 2152 3575 τὴν
2195 3502 2287 3555 ἐπὶ
2334 3502 2433 3574 τῆς
2472 3500 2743 3573 προτέρας
2793 3501 3009 3573 ἡλικίας
3053 3500 3408 3573 σωφροσύνην
3456 3502 3611 3573 αὐτῷ

1934 3591 2136 3653 πάντες
2183 3587 2510 3659 λογίζονται.
2561 3588 2732 3642 Τοῦτο
2759 3587 2823 3659 δὴ
2855 3587 2947 3641 καὶ
2991 3589 3154 3659 ἡμεῖς
3194 3591 3511 3661 ποιήσωμεν
3550 3588 3606 3627 ⁸ο

1933 3678 2027 3732 ἐπὶ
2052 3678 2154 3748 τῆς
2182 3677 2351 3750 αὐτῆς
2383 3677 2631 3750 μένωμεν
2662 3676 2966 3742 εὐλαϐείας,
2991 3677 3079 3731 ἴνα
3095 3678 3190 3732 καὶ
3212 3678 3312 3749 τῆς
3341 3679 3617 3752 προτέρας

1935 3765 2170 3837 σπουδῆς
2194 3765 2362 3820 πολὺν
2389 3765 2482 3820 τὸν
2530 3765 2752 3819 ἔπαινον
2800 3762 2954 3838 παρά
2982 3762 3077 3819 τοῦ
3130 3763 3267 3819 Θεοῦ
3302 3765 3615 3837 καρπωσώυ

1941 3853 2102 3926 μιθα.
2133 3853 2323 3925 Μυρία
2377 3853 2868 3926 προσεδοκήσαμεν
2922 3853 3091 3918 δεινὰ,
3136 3851 3237 3916 τὰς
3292 3854 3481 3920 οὐσίας
3538 3858 3621 3911 δι’

1934 3947 2354 4019 αρπαγήσεσθαι
2384 3945 2627 4011 πάντων,
2668 3945 2739 3998 τά
2784 3944 3062 4016 οἰκήματα
3114 3942 3608 4015 ἐμπρησθήσεσθαι

1936 4032 2074 4102 μετά
2110 4031 2216 4085 τῶν
2248 4031 2565 4093 οἰκούντων,
2607 4028 2705 4099 τὴν
2750 4028 2903 4081 πόλιν
2955 4029 3018 4079 ἐκ
3059 4025 3231 4097 μέσης
3259 4024 3612 4097 ἀναρπασθή-

1935 4116 2122 4169 σεσθαι
2148 4114 2246 4184 τῆς
2274 4113 2620 4184 οἰκουμένης,
2655 4111 2750 4165 καὶ⁹
2792 4112 2862 4164 τὰ
2899 4109 3127 4179 λείψανα
3173 4106 3345 4178 αὐτῆς
3383 4106 3607 4162 ἀπολεῖ·-

1935 4196 2060 4250 σθαι
2093 4197 2334 4256 ἅπαντα.
2379 4196 2606 4265 ἄροτρον
2632 4193 2801 4264 αὐτῆς
2829 4193 2890 4245 τὸ
2918 4190 3112 4261 ἔδαφος
3150 4190 3394 4257 δέξεσθαι
3420 4206 3434 4222 ’
3486 4190 3605 4246 ἀλλ’

1936 4281 2044 4334 ἰδοὺ
2083 4279 2258 4333 ταῦτα
2294 4280 2472 4333 πάντα
2508 4277 2600 4331 ἐπὶ
2640 4277 2739 4348 τῆς
2771 4275 3097 4346 προσδοκίας
3131 4272 3261 4345 ἔστη
3298 4273 3456 4345 μόνον
3508 4276 3605 4329 καί

1930 4367 2010 4430 εἰς
2037 4364 2197 4437 ἔργον
2225 4365 2326 4418 οὐκ
2354 4362 2566 4433 ἐξῆλθε.
2603 4362 2714 4414 Καὶ
2749 4361 2809 4414 οὐ
2838 4358 2995 4414 τοῦτο
3026 4358 3186 4430 μόνον
3214 4357 3331 4411 ἐστί
3368 4356 3428 4411 τὸ
3466 4357 3602 4412 Gau-

1932 4448 2159 4519 μαστὸν,
2193 4448 2274 4501 ὅτι
2298 4446 2550 4499 τοσοῦτον
2580 4443 2822 4498 κίνδυνον
2871 4443 3059 4495 ἔλυσεν
3089 4443 3118 4495 ό
3157 4440 3309 4504 Θεὸς,
3353 4439 3468 4494 ἀλλ’
3518 4440 3601 4494 ὅτι

1929 4532 2025 4586 καὶ
2068 4530 2279 4602 μεγάλα
2311 4529 2457 4599 ἡμᾶς
2485 4526 2839 4597 εὐηργέτησε,
2861 4526 2957 4579 καὶ
2980 4524 3078 4595 τὴν
3106 4523 3260 4578 πόλιν
3286 4522 3445 4594 ἡμῶν
3477 4524 3603 4576 ἐκό-

1932 4630 2129 4685 σμησε,
2178 4612 2274 4666 καὶ
2320 4611 2409 4664 διὰ
2448 4607 2600 4681 [172]
2648 4609 2743 4661 τοῦ
2792 4605 3099 4679 πειρασμοῦ
3132 4605 3322 4661 τούτου
3344 4605 3452 4660 ,καὶ
3500 4604 3601 4675 τῆς

1932 4697 2216 4768 συμφορᾶς
2234 4693 2633 4766 δοκιμωτέρους
2656 4690 2949 4763 εἰργάσατο
2968 4705 2983 4721 ο
3016 4689 3112 4744 καὶ
3128 4687 3267 4753 πῶς.
3297 4685 3409 4758 ἐγὼ
3430 4686 3599 4756 λέγω.

2001 4793 2130 4845 Ὅτε
2152 4794 2201 4845 οἰ
2241 4790 2392 4862 παρά
2413 4791 2506 4844 τοῦ
2534 4790 2794 4862 βασιλέως
2833 4789 3229 4853 ἀποσταλέντες
3258 4788 3351 4842 ἐπι
3378 4791 3606 4862 τὴντῶν

1927 4878 2308 4952 γεγενημένων
2336 4876 2603 4953 ἐξέτασιν,
2646 4877 2705 4930 τὸ
2739 4875 2969 4948 φοϐερὸν
2993 4876 3169 4929 ἐκεῖνο
3197 4877 3603 4948 συνεκρότησαν

1929 4969 2300 5039 δικαστήριον,
2329 4967 2425 5021 καὶ
2469 4967 2677 5028 πάντας
2706 4965 2799 5017 ἐπὶ
2822 4964 2921 5027 τάς
2949 4962 3177 5027 εὐθύνας
3209 4963 3317 5018 τῶν
3340 4962 3603 5033 τετολμη-

1934 5057 2110 5127 μένων
2139 5055 2386 5120 ἐκάλουν,
2410 5054 2503 5108 καί
2540 5053 2782 5107 θανάτων
2812 5052 3082 5125 διαφόρων
3110 5050 3404 5124 προσδοκία
3436 5052 3604 5105 πᾶσιν

1931 5139 2021 5214 ἦν,
2047 5145 2163 5197 τότε
2199 5147 2248 5198 οἰ
2280 5144 2379 5207 τὰς
2398 5142 2708 5214 ἀκρωρείας
2738 5140 2845 5196 τῶν
2872 5139 3015 5211 ὀρῶν
3034 5136 3413 5201 κατοικοῦντες
3440 5153 3603 5208 μονα·

1931 5234 2016 5302 χοί
2063 5236 2160 5306 τὴν
2209 5236 2413 5289 οἰκείαν
2468 5231 2807 5299 ἐπεδείξαντο
2854 5229 3189 5302 φιλοσοφίαν.
3252 5227 3439 5279 "Eum
3496 5226 3605 5299 γάρ

1932 5321 2207 5387 τοσούτοις
2226 5326 2283 5377 ἐν
2302 5327 2419 5387 ταῖς
2439 5322 2618 5377 αὐτῶν
2640 5319 2905 5383 καλύϐαις
2934 5313 3437 5385 συγκεκλεισμένοι,
3463 5315 3582 5368 οὐδε
3596 5342 3609 5353 ε

1932 5410 2017 5474 νὸς
2046 5412 2549 5482 παρακαλέσαντος,
2586 5409 2801 5472 οὐδενὸς
2841 5403 3364 5479 συμϐουλεύσαντος,
3418 5402 3604 5475 ἐπειδὴ

1931 5500 2182 5553 τοσοῦτον
2203 5501 2363 5570 νέφος
2385 5495 2526 5554 εἶδον
2551 5499 2652 5570 τὴν
2683 5498 2837 5551 πόλιν
2871 5507 2895 5535 ο
2930 5491 3371 5564 περιιστάμενον,
3392 5492 3606 5546 καταλι-

1934 5585 2128 5651 πόντες
2146 5590 2325 5642 αὐτῶν
2347 5587 2446 5653 τὰς
2469 5587 2673 5659 σκηνὰς
2690 5585 2784 5638 καὶ
2805 5581 2872 5635 τὰ
2894 5580 3152 5652 σπήλαια,
3187 5576 3453 5633 πάντοθεν
3482 5590 3605 5634 συνι-

2007 5693 2288 5772 αλδιιρςὶι.υει
2325 5694 2524 5756 quidam
2564 5704 2678 5742 mss.
2722 5685 2944 5753 φοϐεροῦ,
2985 5686 3074 5736 κᾶν
3115 5682 3606 5750 σωφρονῇ,κινμετὰ

1937 5760 2186 5811 ἐπιεικείας
2210 5760 2282 5816 ζῇ.

1997 5820 2024 5859 d
2048 5820 2081 5866 Α
2092 5819 2142 5865 lii
2163 5819 2391 5877 ποιῶμεν.

1953 5952 1957 5959 1
2005 5886 2027 5913 ε
2046 5877 2143 5936 Alii
2165 5884 2222 5941 τῇ
2245 5881 2399 5935 πολει,
