3920 6224
293 342 395 400 175

282 458 574 530 έρῤευσαν,
607 455 860 528 καθάπερ
892 456 953 522 ἐξ
971 455 1203 527 οὐρανοῦ
1231 472 1372 518 τινες
1407 453 1628 523 ἄγγελοι
1652 451 1960 524 παραγενό-

287 560 457 615 μενοιο
480 544 576 598 καὶ
599 539 666 615 ἦν
693 544 821 598 ἰδεῖν
841 543 939 615 τὴν
960 543 1113 597 πόλιν
1142 543 1381 595 ἐοικυῖαν
1410 539 1627 612 οὐρανῷ
1652 539 1794 601 τότε,
1831 555 1961 591 παν-

282 633 450 703 ταχοῦ
482 632 592 687 τῶν
609 631 778 700 ἀγίων
802 630 1026 685 ἐκείνων
1051 627 1414 700 φαινομένων,
1435 628 1528 703 καὶ
1544 628 1651 683 ἀπὸ
1671 628 1764 698 τῆς
1787 626 1961 696 ὅψεως

288 720 447 788 μόνον
476 718 941 793 παρακαλούντων
956 719 1082 780 τοὺς
1103 717 1495 786 όδυνωμένους,
1509 715 1756 788 καὶπρὸς
1783 716 1960 768 πᾶσαν

286 805 586 877 ὑπεροψίαν
626 806 913 874 συμφορᾶς
964 803 1226 873 ἀγόντων.
1257 803 1354 866 Τίς
1404 803 1513 875 γὰρ
1562 800 1685 856 ἰδὼν
1722 802 1964 865 ἐκείνους
1986 826 2014 861 ιγ

287 893 387 946 οὑκ
407 893 473 946 ἂν
509 892 843 960 κατεγέλασε
883 891 1114 945 θανάτου
1137 908 1152 957 ;
1178 892 1278 945 οὐκ
1301 891 1367 945 ἂν
1398 890 1648 962 ὑπερεῖδε
1677 888 1854 961 ζωῆς;
1889 889 1962 942 Οὐ

288 978 447 1033 τοῦτο
476 979 535 1033 δέ
564 980 724 1050 μόνον
747 975 814 1050 ἦν
838 979 901 1032 τὸ
942 979 1276 1050 θαυμαστὸν,
1308 978 1423 1032 ἀλλ’
1463 979 1545 1032 ὅτι
1583 978 1679 1032 καὶ
1713 981 1827 1041 τοῖς
1864 976 1967 1048 άρο

289 1084 476 1140 χουσιν
507 1068 690 1131 αὐτοῖς
733 1067 1121 1139 προσελθόντες
1161 1067 1299 1140 μετά
1342 1065 1658 1139 παρρησίας
1691 1063 1969 1136 διελέχθη-

292 1173 392 1210 σαν
418 1156 561 1226 ὐπέρ
589 1155 697 1211 τῶν
725 1156 1064 1220 ὑπευθύνων,
1097 1157 1193 1211 καὶ
1228 1156 1289 1210 τὸ
1316 1152 1457 1227 αἷμα
1487 1154 1970 1226 παρεσκευάσαντο

290 1244 491 1306 πάντες
528 1245 732 1315 ἐκχεῖν,
762 1245 855 1298 καὶ
894 1244 997 1309 τὰς
1039 1244 1283 1315 κεφαλάς
1312 1241 1634 1307 ἀποθέσθαι,
1674 1241 1815 1295 ὥστε
1844 1241 1973 1305 τοὺς

292 1331 520 1394 ἁλόντας
548 1331 659 1384 τῶν
676 1332 1142 1403 προσδοκωμένων
1182 1333 1490 1403 ἐξαρπάσαι
1510 1331 1720 1395 δεινῶν,
1752 1330 1845 1384 καὶ
1872 1331 1974 1383 οὐκ

292 1419 502 1489 ἔφησαν
533 1419 939 1491 ἀποστήσεσθαι
976 1420 1262 1492 πρότερον,
1294 1419 1399 1484 ἕως
1420 1419 1486 1473 ἂν
1511 1419 1544 1491 ἢ
1570 1419 1864 1489 φείσωνται
1879 1415 1973 1471 τοῦ

292 1508 465 1578 δήμου
500 1507 601 1577 τῆς
620 1508 828 1572 πόλεως
849 1511 897 1562 οἰ
916 1508 1253 1575 δικάζοντες,
1280 1509 1486 1581 ἢκοινῇ
1520 1508 1658 1581 μετὰ
1687 1510 1794 1562 τῶν
1819 1508 1978 1561 ὑπευ-

295 1597 472 1653 θύνων
514 1607 536 1629 ⁸
564 1597 762 1663 αὐτοὺς
799 1599 937 1671 πρὸς
977 1599 1202 1671 βασιλέα
1235 1599 1516 1670 πέμψωσι.
1550 1599 1815 1670 Θεοφιλὴς
1870 1599 1979 1670 γάρ

294 1688 434 1751 ἐστι,
474 1689 662 1757 φησὶν,
703 1688 732 1740 ὁ
768 1687 987 1757 κρατῶν
1039 1689 1137 1758 τῆς
1166 1689 1289 1741 καθ’
1313 1690 1460 1760 ἡμᾶς
1487 1687 1835 1758 οἰκουμένης,
1890 1705 1981 1740 πι-

297 1776 440 1839 στὸς,
469 1777 527 1828 ἐν
574 1774 830 1846 εὐσεϐείᾳ
859 1775 991 1840 ζῶψ
1040 1777 1203 1846 ἡμεῖς
1247 1773 1339 1830 οῦν
1379 1775 1541 1831 αὐτὸν
1573 1775 1980 1847 καταλλάξομεν

296 1863 537 1926 πάντωςο
570 1862 672 1916 οὐκ
697 1861 1066 1933 ἐπιτρέψομεν
1105 1862 1233 1933 ὑμῖν
1266 1863 1386 1917 οὐδέ
1424 1867 1852 1935 συγχωρήσομεν
1890 1865 1979 1916 αἱ-

301 1950 465 2021 μάξαι
493 1949 665 2020 ξίφος.
717 1950 838 2003 οὐδὲ
879 1950 1176 2020 ἀποτεμεῖν
1231 1952 1493 2023 κεφαλήν.
1549 1952 1612 2003 Εἰ
1647 1951 1704 2004 δέ
1737 1951 1811 2022 μὴ
1846 1951 1981 2006 ἀνά·

298 2037 536 2107 σχοισθε,
590 2038 686 2091 καὶ
718 2040 877 2108 ἡμεῖς
928 2039 1047 2108 μετ’
1075 2039 1254 2095 αὑτῶν
1286 2038 1707 2110 ἀποθανούμεθα
1740 2039 1978 2093 πάντως.

296 2125 457 2179 Δεινὰ
490 2126 585 2195 μὲν
609 2125 678 2178 τά
702 2124 1085 2196 τετολμημένα
1126 2126 1218 2178 καὶ
1249 2127 1411 2196 ἡμεῖς
1443 2125 1830 2197 ὁμολογοῦμεν,
1867 2124 1982 2179 ἀλλ’

296 2213 395 2283 οὐχ
416 2212 731 2284 ὑπερϐαίνει
782 2212 882 2283 τὴν
927 2211 1021 2265 τοῦ
1058 2211 1322 2283 βασιλέως
1363 2213 1773 2284 φιλανθρωπίαν
1810 2214 1843 2283 ἡ
1876 2211 1984 2266 τῶν

297 2300 677 2371 γεγενημένων
709 2300 1045 2372 παρανομία.
1082 2299 1316 2369 Λέγεται
1349 2317 1434 2365 τις
1454 2300 1514 2365 ἐξ
1539 2301 1720 2354 αὐτῶν
1742 2301 1839 2353 καὶ
1860 2300 1984 2354 ἐτε-

300 2406 393 2460 ρον
428 2388 581 2461 ρἦα
612 2388 783 2459 γέμον
830 2387 1155 2457 φιλοσοφίας
1202 2389 1400 2452 εἰπεῖν,
1433 2389 1588 2442 ὅτιοί
1613 2388 1712 2458 μὲν
1743 2388 1989 2460 ἀνδριάν-

298 2493 388 2540 τες
420 2478 469 2529 οἰ
502 2474 923 2546 κατενεχθέντες
979 2475 1286 2547 ἀνέστησαν
1329 2476 1513 2543 πάλιν,
1559 2476 1654 2530 καὶ
1696 2476 1756 2530 τὸ
1789 2478 1986 2532 οἰκεῖον

300 2563 571 2617 ἀπέλαϐον
600 2563 806 2633 σχῆμα,
839 2562 933 2616 καί
962 2563 1022 2615 τὸ
1043 2563 1413 2634 γεγενημένον
1438 2563 1723 2636 διόρθωσιν
1739 2563 1864 2636 ἔσχε
1890 2581 1989 2619 τα·

302 2651 520 2722 χίστην’
551 2650 711 2719 ὑμεῖς
730 2649 789 2702 δέ
818 2647 884 2703 ἂν
907 2649 1003 2703 τοῦ
1032 2649 1168 2703 Θεοῦ
1215 2651 1314 2720 τὴν
1366 2651 1550 2705 εἰκόνα
1601 2651 1984 2723 ἀποκτείνητε,

303 2738 420 2802 πῶς
444 2737 739 2809 δυνήσεσθε
769 2736 931 2792 πάλιν
955 2737 1398 2793 ἀνακαλέσασθαι
1426 2739 1489 2792 τὸ
1515 2737 1989 2810 πεπλημμελημέ-

302 2844 425 2893 νον;
455 2825 573 2890 πῶς
598 2825 909 2896 ἀναστῆσαι
941 2826 1068 2890 τοὺς
1100 2825 1529 2898 ἀπολλυμένους,
1566 2826 1660 2880 καὶ
1691 2827 1791 2890 τάς
1810 2826 1989 2898 ψυχάς

301 2916 416 2978 τοῖς
449 2914 695 2986 σώμασιν
716 2913 1011 2969 ἀποδοῦναι
1031 2931 1047 2982 ;
1066 2913 1245 2969 Πολλά
1264 2914 1360 2968 καί
1389 2914 1516 2986 περὶ
1546 2915 1781 2987 κρίσεως
1805 2916 1989 2980 αὐτοῖς

302 3001 684 3075 διελέχθησαν.

378 3090 444 3160 β’.
477 3091 574 3154 Τίς
609 3091 712 3145 οὐκ
753 3090 820 3146 ἂν
846 3091 1170 3164 ἐκπλαγείη,
1197 3092 1281 3157 τίς
1319 3093 1420 3146 οὐκ
1459 3092 1526 3147 ἂν
1560 3093 1866 3166 θαυμάσειε
1892 3093 1989 3166 τὴν

307 3177 625 3249 φιλοσοφίαν
643 3179 752 3233 τῶν
776 3179 985 3252 ἀνδρῶν
1006 3197 1020 3246 ;
1040 3181 1102 3234 Εἰ
1124 3181 1235 3253 γάρ
1269 3181 1369 3253 μία
1385 3182 1495 3236 τῶν
1534 3181 1853 3238 ὑπευθύνων
1886 3184 1990 3255 μή·

306 3283 414 3339 τηρ
444 3265 781 3338 γυμνώσασα
821 3267 921 3336 τὴν
976 3267 1220 3341 κεφαλὴν
1259 3270 1355 3323 καὶ
1387 3268 1487 3333 τάς
1530 3269 1721 3334 πολιάς
1747 3269 1986 3337 δείξασα,

306 3354 401 3408 τοῦ
436 3355 721 3426 μέλλοντος
752 3354 995 3421 δικάζειν
1030 3357 1383 3429 κατασχοῦσα
1419 3358 1510 3412 τὸν
1550 3357 1721 3413 ’ίππον
1760 3359 1869 3413 ἀπὸ
1895 3359 1988 3413 τοῦ

307 3442 555 3513 χαλινοῦ,
590 3444 684 3496 καὶ
731 3444 1155 3516 παρατρέχουσα
1185 3445 1276 3499 διὰ
1307 3446 1406 3516 τῆς
1439 3448 1646 3520 ἀγοράς
1684 3445 1859 3511 οὕτως
1910 3449 1991 3513 εἰς

306 3530 367 3583 τὸ
398 3529 748 3600 δικαστήριον
775 3531 1111 3603 συνεισῆλθε,
1143 3533 1343 3597 πάντες
1358 3531 1760 3605 ἐξεπλάγημεν,
1790 3534 1990 3601 πάντες

309 3615 706 3687 ἐθαυμάσαμεν
727 3617 826 3688 τὴν
855 3618 1260 3690 φιλοστοργίαν,
1290 3620 1390 3691 τὴν
1422 3621 1847 3692 μεγαλοψυχίαν·
1876 3621 1993 3686 πῶς

308 3703 430 3774 οὐχὶ
491 3703 693 3772 μᾶλλον
738 3704 960 3769 τούτους
1012 3705 1411 3776 ἐκπλήττεσθαι
1448 3708 1583 3778 χρής
1634 3707 1848 3780 Ἐκείνη
1893 3711 1991 3780 μὲν

309 3791 417 3864 γάρ
441 3793 490 3845 εί
520 3792 613 3844 καὶ
641 3790 916 3846 ἀπέθανεν
947 3792 1088 3863 ὑπὲρ
1111 3792 1207 3845 τοῦ
1240 3792 1447 3857 παιδὸς,
1473 3793 1626 3848 οὐδὲν
1653 3794 1987 3865 θαυμαστόν

315 3878 522 3949 μεγάλη
552 3878 661 3950 γάρ
690 3879 724 3950 ἡ
756 3874 853 3950 τῆς
882 3878 1097 3949 φύσεως
1139 3880 1412 3952 τυραννὶς,
1455 3880 1551 3934 καὶ
1573 3880 1838 3954 άμαχοςή
1881 3881 1992 3936 τῶν

311 3966 514 4020 ὠδίνων
561 3966 798 4038 ἀνάγκηο
835 3961 981 4022 οὗτοι
1011 3968 1069 4020 δὲ
1111 3966 1203 4031 οὒς
1234 3968 1333 4021 οὐκ
1363 3967 1660 4039 ἐγέννησαν
1689 3968 1810 4023 οὐδὲ
1838 3969 1992 4042 ἐθρε-

310 4054 437 4122 ψαν,
464 4053 662 4123 μᾶλλον
685 4054 744 4108 δέ
764 4053 859 4119 οὒς
881 4055 979 4109 οὐκ
1014 4050 1175 4118 εἶδον,
1208 4047 1283 4108 ῶν
1317 4056 1418 4108 οὐκ
1442 4056 1703 4127 ἥκουσαν,
1740 4052 1821 4121 οἷς
1841 4057 1991 4112 οὐδέ-

314 4158 444 4193 ποτε
491 4141 859 4210 συνεγένοντο,
905 4142 999 4207 οὒς
1059 4144 1166 4198 ἀπὸ
1204 4142 1305 4214 τῆς
1354 4146 1642 4215 συμφορᾶς
1689 4146 1992 4217 ἐγνώρισαν

316 4229 506 4299 μόνης,
543 4227 716 4293 οὓτως
764 4229 1026 4302 ἐφίλησαν
1070 4231 1166 4296 ὡς,
1192 4230 1343 4303 [175]
1393 4232 1442 4285 εί
1470 4233 1567 4286 καὶ
1595 4233 1796 4305 μυρίας
1846 4232 1992 4306 εἰχον

311 4315 510 4386 ψυχὰς,
534 4315 749 4371 ἑλέσθαι
773 4316 954 4381 πάσας
984 4319 1126 4391 ὑπὲρ
1150 4320 1249 4391 τῆς
1278 4318 1482 4373 τούτων
1515 4319 1790 4374 ἐπιδοῦναι
1818 4339 1995 4394 σωτη-

317 4401 569 4474 ρίας.Μὴ
591 4403 698 4474 γάρ
735 4421 827 4475 μοι
860 4404 1019 4458 τοῦτο
1042 4405 1222 4479 εἴπῃς,
1258 4407 1340 4461 ὅτι
1372 4407 1473 4461 οὐκ
1502 4406 1823 4480 ἐσφάγησαν
1870 4410 1993 4465 οὐδέ

314 4487 533 4559 ἐξέχεαν
561 4490 621 4545 τὸ
643 4485 805 4561 αἷμα,
833 4490 951 4545 ἀλλ’
974 4492 1057 4545 ὅτι
1080 4493 1318 4567 τοσαύτῃ
1354 4495 1491 4566 πρὸς
1525 4495 1651 4560 τοὺς
1675 4496 1994 4564 δικάζοντας

315 4578 619 4649 ἐχρήσαντο
642 4578 947 4651 παρρησίᾳ,
982 4580 1082 4652 ὅση
1108 4580 1301 4652 μόνους
1330 4584 1455 4647 τοὺς
1483 4583 1876 4654 ἀπεγνωκότας
1896 4588 1994 4660 τῆς

316 4665 523 4719 ἐαυτῶν
549 4664 728 4737 ψυχῆς
773 4666 1083 4739 χρήσασθαι
1116 4669 1261 4733 εἰκὸς
1304 4664 1392 4741 ἦν,
1434 4672 1527 4725 καί
1557 4672 1695 4743 μετά
1740 4674 1995 4749 τοιαύτης

314 4750 541 4822 γνώμης
554 4751 663 4805 άπὸ
689 4751 799 4807 τῶν
819 4753 961 4824 ὀρῶν
977 4754 1071 4808 ἐπὶ
1097 4754 1158 4808 τὸ
1189 4754 1539 4829 δικαστήριον
1571 4758 1825 4831 ἔδραμον.
1860 4763 1994 4817 Οὐδὲ

315 4839 448 4910 γάρ,
466 4839 608 4912 εἰμὴ
632 4839 898 4912 πρότερον
927 4842 1153 4907 ἑαυτοὺς
1192 4843 1329 4916 πρὸς
1368 4847 1547 4901 πᾶσαν
1572 4848 1994 4920 παρεσκεύασαν

317 4927 553 5000 σφαγὴν,
580 4928 681 4981 οὑκ
714 4927 781 4982 ἂν
823 4928 994 4995 οὕτως
1050 4930 1279 5003 ἴσχυσαν
1322 4933 1458 5005 πρὸς
1500 4935 1628 5000 τοὺς
1676 4935 1994 5007 δικάζοντας

317 5016 845 5089 ἐλευθεροστομῆσαι
888 5020 1010 5072 τότε
1040 5020 1135 5074 καὶ
1171 5021 1440 5095 τοσαύτην
1480 5023 1849 5089 ἐπιδείξασθαι
1897 5043 1966 5097 με

316 5105 672 5177 γαλοψυχίαν.
705 5106 816 5160 Καὶ
852 5106 961 5180 γάρ
1008 5109 1332 5181 διημέρευον
1367 5112 1474 5182 πρὸ
1528 5112 1637 5166 τῶν
1684 5112 1865 5184 θυρῶν
1898 5114 1991 5168 τοῦ

315 5193 663 5267 δικαστηρίου
685 5194 1006 5267 καθήμενοι,
1029 5199 1157 5261 τοὺς
1189 5188 1498 5268 ἀπάγεσθαι
1518 5200 1807 5272 μέλλοντας
1828 5202 1991 5275 ἐξαρ-

318 5282 490 5338 πάσαι
519 5284 626 5338 τῶν
645 5284 854 5357 δημίων
884 5288 1415 5360 παρεσκευασμένοι.

386 5385 497 5438 Ποῦ
526 5386 622 5441 νῦν
648 5389 786 5442 εἰσιν
808 5389 859 5441 οἱ
910 5388 1037 5452 τοὺς
1089 5388 1361 5461 τρίϐωνας
1407 5389 1854 5460 άναϐεϐλημένοι,
1899 5394 1991 5447 καί

321 5472 455 5542 βαθὺ
478 5473 686 5541 γένειον
717 5476 1045 5540 δεικνύντες,
1060 5477 1153 5531 καὶ
1169 5476 1378 5549 ῥόπαλα
1399 5479 1463 5547 τῇ
1485 5476 1632 5548 δεξιᾷ
1644 5479 1918 5551 φέροντες,
1942 5484 1990 5536 οί

317 5559 427 5613 τῶν
469 5559 666 5625 ἔξωθεν
700 5562 1003 5631 φιλόσοφοι,
1046 5563 1115 5617 τὰ
1168 5564 1367 5617 κυνικά
1407 5563 1763 5637 καθάρματα,
1806 5569 1853 5622 οἱ
1884 5570 1991 5626 τῶν

318 5647 720 5722 ἐπιτραπεζίων
741 5650 918 5703 κυνῶν
944 5650 1270 5721 ἀθλιώτερον
1289 5652 1738 5724 διακείμενοι,καὶ
1760 5659 1993 5730 γαστρὸς

393 5939 417 5966 ⁸
450 5930 601 5984 Savil.
625 5939 675 5983 el
696 5933 891 5996 quidam
915 5933 997 5983 alii
1022 5934 1140 5997 μετὰ
1158 5935 1253 5982 τῶν
1275 5939 1557 5993 καταδίκων.

1061 342 1121 396 S.
1156 338 1441 395 JOANNIS
1476 336 1966 394 CHRYSOSTOMI
2001 334 2321 393 ARCIIIEP.
2365 336 2908 394 CONSTANTINOP.

3636 344 3776 399 Q75

2071 451 2255 507 ἕνεκεν
2268 454 2445 507 πάντα
2463 454 2740 517 τωιοῦντες
2756 472 2770 519 ;
2785 454 2993 515 Πάντες
3013 453 3303 507 κατέλιπον
3322 455 3439 508 τότε
3456 455 3559 527 τὴν
3580 458 3803 527 πόλιν,

2071 541 2269 606 πάντες
2290 542 2670 614 άπεπὴδησαν,
2697 542 2862 606 εἰςτά
2887 541 3126 611 σπήλαια
3155 541 3576 613 κατεκρύϐησαν
3593 546 3645 612 Β,
3672 546 3805 617 μό-

2069 645 2148 683 νοι
2169 629 2226 682 δὲ
2250 630 2298 682 οἰ
2328 630 2416 684 διὰ
2444 630 2551 685 τῶν
2577 630 2752 701 ἔργων
2772 628 2986 701 ἀληθῶς
3006 628 3102 699 τὴν
3128 629 3446 699 φιλοσοφίαν
3463 633 3811 689 ἐπιδεικνὺο

2075 734 2248 788 μενοι,
2279 718 2532 790 καθάπερ
2577 718 2788 781 οὐδενὸς
2823 716 2998 770 δεινοῦ
3020 716 3117 787 τὴν
3162 717 3318 770 πόλιν
3345 719 3800 791 κατειληφότος,

2072 805 2246 870 οὑτως
2277 807 2453 870 ἀδεῶς
2479 806 2570 860 ἐπὶ
2590 807 2691 876 τῆς
2725 806 2932 875 ἀγορᾶς
2965 806 3266 876 ἐφάνησαν.
3312 806 3425 859 Καὶ
3446 809 3496 860 οἱ
3532 809 3638 880 μὲν
3663 810 3803 874 τὰς

2074 893 2260 959 πόλεις
2277 893 2553 958 οἰκοῦντες
2570 893 2707 964 πρὸς
2728 893 2796 947 τά
2812 892 2912 964 ὅρη
2931 894 3025 947 καὶ
3039 891 3138 957 τὰς
3155 892 3389 964 ἐρημίας
3410 895 3802 967 ἀπέπτησαν,

2075 982 2124 1034 οί
2142 981 2201 1037 δέ
2219 983 2318 1054 τῆς
2336 982 2542 1054 ἐρήμου
2562 980 2775 1035 πολῖται
2796 983 2876 1045 εἰς
2890 982 2990 1053 τὴν
3012 981 3167 1034 πόλιν
3189 981 3484 1053 εἰσήλασαν
3498 983 3806 1042 ,δεικνύν-

2076 1086 2168 1134 τες
2191 1069 2278 1123 διά
2306 1069 2415 1123 τῶν
2440 1069 2617 1142 ἔργων
2643 1069 2844 1131 αὐτῶν,
2875 1070 3014 1141 ὅπερ
3051 1070 3109 1122 ἐν
3129 1071 3250 1133 ταῖς
3280 1069 3597 1141 ἔμπροσθεν
3628 1072 3765 1142 ἡμέ
3782 1101 3802 1111 -

2083 1174 2203 1226 ραις
2231 1158 2292 1210 οὐ
2318 1157 2557 1211 διέλιπον
2583 1157 2784 1226 λέγων,
2818 1158 2902 1210 ὅτι
2940 1157 3032 1210 τὸν
3066 1156 3206 1228 μετά
3226 1156 3328 1226 τῆς
3342 1157 3546 1229 ἀρετῆς
3582 1156 3798 1223 ζῶντα

2078 1244 2202 1298 οὐδέ
2224 1244 2458 1315 κάμινός
2489 1263 2541 1298 τι
2569 1244 2770 1315 βλάψαι
2786 1244 3097 1314 δυνήσεται.
3118 1241 3385 1297 Τοσοῦτόν
3415 1242 3533 1297 ἐστι
3550 1244 3799 1312 φιλοσο-

2082 1332 2181 1401 φία
2202 1331 2379 1402 ψυχῆς
2400 1332 2615 1386 πάντων
2637 1330 2945 1403 ὑψηλοτέρα
2967 1329 3250 1400 γινομένη,
3265 1330 3359 1381 καὶ
3384 1328 3493 1382 τῶν
3509 1330 3804 1401 χρηστῶν

2082 1421 2176 1473 καί
2197 1419 2308 1472 τῶν
2327 1419 2586 1491 λυπηρῶν
2615 1419 2889 1473 ἁπάντων·
2916 1416 3038 1470 οὐτε
3068 1416 3177 1488 γάρ
3201 1418 3258 1470 ἐν
3281 1416 3512 1480 ἐκείνοις
3532 1415 3804 1489 χαυνοῦ-

2083 1524 2194 1571 ται,
2211 1505 2335 1560 οὐτε
2352 1507 2457 1561 ὑπὸ
2472 1507 2675 1559 τούτων
2690 1523 2830 1559 κατα
2838 1504 3115 1559 στέλλεται
3134 1504 3229 1557 καί
3241 1503 3617 1568 ταπεινοῦται,
3635 1502 3799 1559 ἀλλὰ

2090 1594 2241 1667 μένει
2264 1594 2352 1648 διά
2374 1595 2590 1649 πάντων
2625 1592 2848 1665 τση,τὴν
2873 1592 3080 1645 οἰκείαν
3105 1593 3259 1662 ἰσχὺν
3285 1592 3382 1646 καὶ
3408 1590 3646 1662 δύναμιν
3661 1594 3799 1645 ἐπι-

2086 1686 2437 1757 δεικνυμένη.
2468 1685 2603 1738 Τίνα
2627 1684 2737 1755 γάρ
2771 1685 2871 1738 οὐκ
2901 1682 3130 1755 ἤλεγξεν
3161 1683 3195 1753 ἡ
3223 1681 3317 1735 τοῦ
3348 1683 3618 1752 παρόντος
3646 1700 3795 1735 και-

2090 1774 2186 1847 ροῦ
2212 1773 2468 1828 δυσκολία
2494 1791 2508 1840 ;
2541 1775 2604 1827 Οἱ
2632 1773 2700 1827 τά
2733 1772 2926 1845 πρῶτα
2962 1770 3415 1841 πολιτευσάμενοι
3444 1772 3577 1841 παρ’
3601 1771 3791 1841 ἡμῖν,

2088 1866 2135 1918 οἰ
2169 1866 2226 1918 ἐν
2249 1863 2589 1927 δυναστείαις
2624 1862 2797 1925 ὄντες,
2837 1863 2885 1915 οἱ
2943 1858 3172 1914 πλοῦτον
3200 1859 3405 1928 ἄφατον
3432 1858 3792 1930 περιϐεϐλη-

2093 1951 2269 2022 μένοι,
2305 1951 2356 2005 οἰ
2385 1950 2587 2021 πολλὴν
2614 1950 2751 2021 πρὸς
2782 1947 3002 2020 βασιλέα
3043 1947 3354 2019 παρρησίαν
3404 1947 3645 2018 ἔχοντες,
3680 1946 3794 2009 τάς

2090 2040 2267 2102 οἰκίας
2292 2039 2523 2107 ἀφέντες
2585 2039 2829 2110 ἐρήμους
2877 2037 3135 2101 ἅπαντες,
3174 2036 3315 2107 ὑπὲρ
3367 2034 3468 2105 τῆς
3497 2034 3725 2088 ἑαυτῶν
3763 2043 3791 2073 ε

2090 2125 2439 2181 ἐϐουλεύοντο
2470 2125 2766 2196 σωτηρίας,
2798 2125 2894 2177 καὶ
2927 2121 3078 2193 φιλία
3133 2124 3283 2176 πᾶσα
3335 2123 3427 2175 καὶ
3479 2121 3798 2190 συγγένεια

2090 2216 2213 2269 τότε
2235 2213 2519 2285 ἡλέγχετο,
2553 2212 2650 2267 καὶ
2678 2210 2773 2276 οὓς
2795 2211 2963 2265 πάλαι
3004 2210 3223 2282 ᾔδεσαν,
3259 2209 3403 2263 κατά
3443 2209 3537 2262 τὸν
3584 2210 3801 2282 καιρὸν

2091 2302 2193 2373 τῆς
2219 2302 2505 2373 συμφορᾶς
2525 2300 2748 2364 τούτους
2777 2300 2993 2369 ἀγνοεῖν
3018 2298 3321 2361 ἐϐούλοντο,
3338 2299 3433 2352 καί
3456 2298 3798 2366 ἀγνοεῖσθαι

2094 2392 2223 2462 παρ’
2269 2390 2497 2443 ἐκείνων
2521 2388 2778 2459 ηὔχοντο·
2813 2389 2862 2440 οἰ
2889 2387 2948 2440 δέ
2998 2387 3246 2457 μοναχοὶ,
3289 2385 3567 2457 ἄνθρωποι
3607 2386 3800 2457 πένη-

2092 2496 2204 2544 τες,
2237 2477 2453 2549 ἱματίου
2492 2475 2650 2531 πλέον
2679 2475 2832 2530 οὐδὲν
2865 2474 3083 2546 ἔχοντες
3116 2473 3391 2540 εὐτελοῦς,
3431 2475 3490 2527 ἐν
3515 2474 3800 2545 ἀγροικίᾳ

2097 2566 2442 2638 βεϐιωκότες,
2473 2564 2687 2627 οὐδένες
2732 2558 2873 2617 εἶναι
2919 2561 3204 2626 δοκοῦντες
3248 2560 3580 2633 ἔμπροσθεν,
3622 2560 3797 2634 ὄρεσι

2095 2655 2190 2709 καὶ
2218 2653 2418 2717 νάπαις
2446 2651 2784 2722 ὁμιλοῦντες,
2845 2648 3096 2722 καθάπερ
3144 2648 3289 2713 τινὲς
3349 2647 3585 2713 λέοντες,
3636 2648 3795 2719 μετά

2099 2740 2338 2812 μεγάλου
2367 2739 2461 2792 καί
2514 2736 2724 2809 ὑψηλοῦ
2767 2736 3133 2809 φρονήματος,
3188 2736 3407 2790 πάντων
3455 2736 3794 2791 δεδοικότων

2095 2829 2189 2883 καί
2215 2827 2659 2898 κατεπτηχότων,
2696 2826 2777 2890 είς
2804 2825 2866 2881 τὸ
2896 2826 3059 2896 μέσον
3089 2825 3313 2888 στάντες
3342 2825 3403 2878 τὸ
3453 2824 3631 2879 δεινὸν
3658 2824 3796 2879 ἐλυ-

2098 2933 2218 2977 σαν,
2250 2916 2350 2969 οὐκ
2402 2917 2459 2968 ἐν
2489 2914 2714 2978 πολλαῖς
2743 2913 2999 2986 ἡμέραις,
3052 2912 3166 2967 ἀλλ’
3196 2913 3255 2967 ἐν
3293 2911 3523 2984 βραχείᾳ
3578 2913 3797 2986 καιροῦ

2101 3007 2264 3077 ῥοπῇ.
2301 3005 2412 3058 Καὶ
2438 3002 2693 3074 καθάπερ
2718 3005 2768 3057 οἰ
2796 3002 3036 3072 γενναῖοι
3082 3000 3193 3055 τῶν
3243 3001 3512 3073 ἀριστέων
3536 3000 3600 3053 οὐ
3636 3017 3798 3073 συμ-

2096 3092 2397 3157 πλακέντες
2434 3096 2548 3156 τοῖς
2580 3092 2869 3154 ἐναντίοις,
2900 3088 3037 3144 ἀλλά
3073 3090 3169 3144 καὶ
3223 3089 3482 3158 φανέντες
3532 3089 3630 3142 ἐπὶ
3678 3089 3797 3159 τῆς

2098 3181 2460 3253 παρατάξεως
2486 3180 2670 3251 μόνον,
2723 3179 2818 3233 καὶ
2855 3177 3153 3247 βοήσαντες
3179 3175 3473 3247 τρέπονται
3509 3176 3641 3240 τοὺς
3681 3176 3797 3232 ἀν-

2095 3268 2377 3332 τιπάλουςο
2412 3268 2555 3321 οὑτω
2593 3268 2658 3338 δὴ
2687 3266 2781 3321 καὶ
2807 3260 2951 3320 οὗτοι
2977 3265 3037 3317 ἐν
3069 3262 3254 3334 ἡμέρᾳ
3289 3263 3389 3334 μιᾷ
3416 3262 3511 3316 κα)⁵
3542 3261 3799 3333 κατέϐη-

2099 3373 2222 3417 σαν,
2249 3356 2345 3409 καὶ
2396 3354 2772 3425 διελέχθησαν,
2824 3352 2920 3407 καὶ
2945 3351 3043 3423 τὴν
3094 3349 3383 3421 συμφοράν
3428 3348 3652 3414 ἔλυσαν,
3683 3352 3791 3404 καὶ

2098 3443 2327 3516 πρὸςτά
2351 3443 2526 3496 οἰκεῖα
2565 3441 2838 3512 ἀνέϐησαν
2871 3435 3214 3509 καταγώγια.
3249 3435 3515 3491 Τοσοῦτόν
3564 3438 3724 3491 ἐστιν
3754 3439 3794 3509 ἡ

2098 3532 2253 3603 παρά
2273 3526 2367 3584 τοῦ
2399 3530 2637 3601 Χριστοῦ
2669 3532 2784 3593 τοῖς
2805 3526 3117 3600 ἀνθρώποις
3160 3525 3528 3596 εἰσενεχθεῖσα
3563 3524 3794 3595 φιλοσοο

2100 3619 2218 3688 φία.
2250 3620 2361 3673 Καὶ
2400 3619 2453 3673 τί
2486 3619 2632 3687 λέγω
2683 3617 2814 3689 περί
2876 3615 2986 3670 τῶν
3041 3614 3415 3669 πλουτούντων
3454 3613 3552 3685 καὶ
3579 3613 3692 3668 τῶν
3722 3616 3789 3669 ἐν

2098 3705 2439 3768 δυναστείαις
2461 3705 2631 3759 όντων
2657 3720 2672 3770 ;
2703 3705 2840 3759 ὅπου
2872 3701 2968 3757 καλ⁹
2999 3699 3155 3755 αὐτοὶ
3174 3701 3222 3754 οί
3251 3698 3493 3763 δικάζειν
3519 3698 3788 3764 λαϐόντες

2099 3791 2369 3856 ἐξουσίαν,
2404 3793 2454 3846 οἱ
2478 3791 2575 3856 τάς
2599 3791 2862 3846 ἀνωτάτω
2906 3789 3184 3852 διέποντες
3225 3784 3377 3859 [174]
3411 3786 3610 3860 ἀρχάς,
3644 3790 3784 3861 παρ’

2099 3879 2279 3933 αὐτῶν
2305 3879 2513 3934 τούτων
2545 3877 3023 3953 παρακαλούμενοι
3052 3876 3161 3930 τῶν
3194 3875 3444 3948 μοναχῶν
3474 3876 3614 3946 μετά
3648 3894 3787 3946 συγ-

2099 3969 2326 4040 γνώμης
2353 3968 2685 4041 ποιὴσασθαι
2709 3969 2810 4041 τὴν
2842 3968 3042 4040 ψῆφον,
3066 3968 3166 4021 οὐκ
3195 3965 3403 4037 έφησαν
3430 3962 3571 4021 εἶναι
3596 3967 3784 4039 κύριοι

2098 4056 2194 4110 τοῦ
2217 4057 2425 4121 τέλους⁶
2478 4056 2748 4129 σφαλερὸν
2796 4055 2908 4127 γάρ
2945 4050 3086 4109 εἶναι
3132 4054 3227 4109 καὶ
3280 4053 3620 4108 ἐπικίνδυνον
3677 4054 3783 4124 οὐχ

2102 4142 2347 4214 ὑϐρίζειν
2381 4143 2540 4215 μόνον
2568 4146 2649 4207 είς
2670 4143 2761 4197 τὸν
2789 4141 3035 4213 βασιλέα,
3077 4141 3212 4197 ἀλλὰ
3251 4141 3347 4195 καὶ
3375 4142 3505 4204 τοὺς
3549 4139 3779 4212 ὑϐρικό-

2100 4250 2199 4294 τας
2228 4230 2493 4296 λαϐόντας
2521 4230 2790 4303 τιμωρίας
2821 4232 3039 4301 ἀφεῖναι
3076 4229 3265 4302 χωρίς.
3301 4227 3440 4282 Ἀλλ’
3460 4221 3604 4283 οὗτοι
3631 4227 3777 4282 πάν-

2100 4338 2208 4374 των
2237 4317 2484 4389 ἐγένοντο
2521 4316 2869 4390 κυριώτεροι,
2911 4317 3005 4372 καὶ
3050 4319 3119 4389 τῇ
3151 4315 3520 4387 μεγαλοψυχίᾳ
3576 4315 3674 4368 καὶ
3699 4318 3773 4387 τῇ

2101 4408 2367 4481 καρτερίᾳ
2395 4405 2852 4480 προσεδρεύοντες
2892 4402 3272 4475 ἐδυσώπησαν,
3324 4404 3393 4474 ἢν
3450 4402 3552 4456 οὐκ
3583 4401 3779 4456 ἔλαϐον

2102 4495 2254 4567 παρά
2283 4493 2378 4549 τοῦ
2416 4493 2680 4566 βασιλέως
2701 4493 2972 4561 ἐξουσίαν,
3001 4491 3212 4563 ταύτην
3249 4488 3638 4556 ἐπιδείξασθαιηο
3679 4490 3776 4544 καὶ

2102 4584 2350 4654 ἴσχυσαν,
2402 4581 2512 4638 τῶν
2552 4581 2870 4638 ὑπευθύνων
2921 4579 3230 4651 γενομένων
3283 4577 3555 4649 φανερῶν,
3586 4579 3777 4632 πεῖσαι

2100 4666 2239 4734 τούξ
2250 4669 2574 4734 δικάζοντας
2607 4668 2681 4740 μὴ
2714 4669 2814 4742 τὴν
2840 4666 3310 4732 καταδικάζουσαν
3337 4662 3640 4733 ἐξενεγκεῖν
3661 4663 3774 4735 ψῆ-

2103 4776 2221 4829 φον,
2254 4758 2369 4813 ἀλλ’
2404 4760 2484 4823 είς
2512 4759 2614 4830 τὴν
2643 4756 2911 4828 βασιλέως
2932 4753 3159 4826 γνώμην
3191 4751 3556 4808 ἀναϐαλέσθαι
3587 4752 3648 4806 τὸ
3678 4752 3773 4807 τέ-

2100 4846 2209 4911 λος,
2232 4846 2328 4900 καί
2356 4845 2654 4915 ὑπέσχοντο
2690 4844 2901 4898 πείσειν
2945 4845 3150 4897 ἐκεῖνον
3185 4841 3401 4904 πάντως
3426 4839 3611 4894 δοῦναι
3645 4857 3774 4913 συγ-

2100 4933 2326 5006 γνώμην
2343 4936 2456 4998 τοῖς
2481 4935 2561 4997 εἰς
2588 4933 2752 4988 αὐτὸν
2781 4932 3153 5004 ἡμαρτηκόσι,
3199 4930 3295 4984 καὶ
3326 4930 3425 5001 τῆς
3461 4929 3771 5001 ἀποδημίας

2100 5023 2354 5093 ἥπτοντο.
2411 5021 2551 5075 Ἀλλ’
2601 5023 2651 5075 οἱ
2700 5020 3014 5086 δικάζοντες
3060 5016 3401 5082 αἰδεσθέντες
3458 5017 3638 5073 αὐτῶν
3669 5018 3767 5092 τὴν

2101 5109 2439 5181 φιλοσοφίαν,
2475 5112 2570 5164 καὶ
2598 5108 2661 5163 τὸ
2689 5109 2892 5180 ὑψηλὸν
2927 5105 3370 5175 καταπλαγέντες
3399 5106 3670 5178 φρόνημα,
3704 5108 3763 5162 οὐ

2103 5196 2488 5269 συνεχώρησαν
2513 5196 2825 5253 στείλασθαι
2856 5195 3060 5265 ταύτην
3103 5195 3202 5266 τὴν
3236 5194 3453 5267 μακράν
3479 5194 3617 5259 ὁδὸν,
3652 5195 3763 5250 ἀλλ’

2101 5286 2149 5338 εί
2179 5284 2363 5354 φωνάς
2401 5285 2580 5340 αὐτῶν
2619 5284 2835 5339 λάϐοιεν
2883 5283 3043 5355 μόνον
3088 5281 3116 5321 ἀ
3160 5285 3219 5335 ἐν
3252 5285 3365 5347 τοῖς
3417 5282 3760 5353 γράμμασιν,

2101 5374 2499 5429 ἀπελεύσεσθαι
2532 5375 2627 5428 καὶ
2667 5373 2886 5444 βασιλέα
2920 5371 3259 5445 δυσωπήσειν
3295 5372 3508 5441 ἀφεῖναι
3535 5370 3636 5441 τὴν
3672 5372 3763 5444 ὀρ·-

2101 5464 2204 5534 γὴν
2226 5464 2465 5526 ἅπασαν,
2501 5462 2530 5517 ὃ
2554 5462 2618 5534 δὴ
2652 5462 2747 5517 καί
2790 5460 3183 5533 προσδοκῶμεν
3231 5459 3470 5514 ἔσεσθαι.
3511 5459 3622 5514 Καὶ
3657 5460 3761 5532 γάρ

2100 5552 2198 5621 τῆς
2220 5551 2377 5621 δίκης
2425 5550 2763 5622 λεγομένης,
2810 5548 3145 5613 εἰσελθόντες
3187 5548 3389 5618 πολλῆς
3441 5546 3759 5617 ἐφθέγξαντο

2103 5638 2422 5709 φιλοσοφίας
2455 5641 2699 5710 ῥήματα,
2741 5638 2835 5692 καὶ
2868 5637 2957 5692 διά
3004 5637 3114 5692 τῶν
3155 5635 3496 5709 γραμμάτων
3523 5635 3756 5709 παρεκά-

2162 5824 2192 5889 ιο
2216 5825 2311 5889 Alii
2335 5823 2684 5889 ἀπεκρύεησαν-

2165 5888 2188 5917 ε
2215 5884 2309 5959 Alii
2335 5884 2535 5973 ἐρήμους
2552 5886 2751 5947 ἕκαστος
2773 5886 2893 5997 ὐπές
2909 5891 2992 5943 τῆς
3015 5886 3186 5948 έαυτῷ.

2165 5944 2193 5986 ἀ
2217 5948 2316 5997 Alli
2338 5947 2426 5996 ἀλλ
2462 5949 2490 5997 ἢ
2510 5948 2671 5997 ιοωνάε
2694 5948 2850 5997 αὐτῶν
2891 5947 3032 5996 ,αϐεἶν
3055 5948 3186 5997 μόνοι

2165 5944 2193 5986 ἀ
2217 5948 2316 5999 Alii
2338 5944 2441 5996 ἀλλ’
2462 5949 2491 6007 ἢ
2510 5944 2671 6010 φωνάς
2694 5948 2850 5997 αὐτῶν
2864 5944 3032 5997 ’λαϐεῖν
3055 5944 3209 6009 μόνον.
