3920 6224
253 283 360 340 175

249 391 474 462 profecti
506 408 522 444 ;
551 399 606 446 ct
631 397 746 444 erat
764 401 986 443 cernere
1015 396 1140 442 tune
1163 387 1428 442 civitatem
1455 385 1680 441 similem
1707 386 1830 441 ted-

251 488 418 541 ditam
445 485 598 550 czelo,
628 499 748 539 cum
780 481 974 552 ubique
998 490 1338 537 occurrerent
1360 479 1436 535 illi
1462 481 1630 535 sancti
1658 480 1742 535 vel
1770 496 1835 534 ex

250 585 478 647 aspectu
497 576 612 630 solo
629 575 814 630 dolore
837 587 1052 643 pressos
1071 572 1430 636 consolantes,
1453 581 1506 626 et
1531 571 1597 626 ad
1622 586 1835 626 omnem

252 668 573 723 calamitatis
611 674 974 734 contemptum
1013 663 1343 717 inducentes.
1386 661 1517 729 Quis
1553 661 1693 717 enim
1721 661 1838 714 illos

256 760 624 829 conspicatus,
653 767 876 812 mortem
905 770 1011 810 non
1039 754 1309 808 derisisset
1331 794 1346 817 ,
1379 768 1483 806 non
1512 752 1840 821 deSpcxisset

256 850 463 904 vitam?
488 849 596 904 Nec
617 848 717 902 hoc
736 847 907 901 solum
928 855 1041 900 erat
1063 845 1320 911 mirabile,
1339 844 1432 898 sed
1453 843 1592 913 quod
1614 842 1678 897 ad
1700 842 1843 912 prin-

257 943 411 1011 cipes
451 941 597 1011 ipsos
640 939 956 995 accedentes
992 952 1112 992 cum
1155 937 1346 992 ﬁducia
1371 936 1720 1006 loquebantur
1748 948 1843 1003 pro

262 1034 372 1088 rcis
392 1042 446 1088 et
467 1046 654 1087 omnes
675 1030 984 1100 sanguinem
1009 1027 1279 1083 effundere
1301 1027 1463 1097 parati
1486 1035 1656 1093 erant,
1682 1034 1735 1080 et
1753 1040 1845 1079 ca-

237 1141 242 1146 ’
268 1116 385 1184 pita
400 1117 688 1185 deponere,
708 1125 764 1168 nt
777 1120 964 1184 captos
980 1113 1047 1168 ab
1063 1115 1386 1184 exspectatis
1405 1115 1844 1171 tribulationibus

273 1208 578 1275 eriperent:
601 1215 655 1261 et
673 1207 996 1264 dixeruntse
1014 1221 1119 1260 non
1144 1206 1292 1276 prius
1319 1221 1656 1270 recessuros,
1679 1222 1842 1277 quam

268 1295 485 1367 judices
515 1303 800 1365 parcerent
827 1296 1064 1351 civitatis
1090 1298 1308 1366 populo,
1331 1298 1414 1350 vel
1445 1312 1504 1352 se
1530 1299 1690 1352 simul
1718 1314 1843 1352 cum

269 1385 383 1438 reis
395 1384 459 1437 ad
475 1382 615 1452 ltnp"
624 1399 681 1437 ra
692 1394 702 1436 t
713 1400 858 1438 orem
881 1385 1085 1454 legatos
1099 1387 1246 1440 mitte
1255 1395 1390 1440 rent.
1413 1386 1719 1457 Religiosus
1736 1397 1838 1451 est,

265 1472 466 1542 inquit,
487 1473 580 1541 qui
599 1481 784 1528 nostro
801 1473 917 1527 orbi
937 1474 1268 1539 dominatur,
1289 1476 1478 1535 fidelis.
1499 1492 1621 1530 cum
1643 1477 1842 1542 pietate

262 1551 485 1604 vivens:
509 1564 606 1604 nos
626 1550 784 1620 igitur
809 1549 979 1622 ipsum
1002 1553 1218 1606 omnino
1238 1551 1715 1614 reconciliabimus,
1739 1563 1842 1601 non

264 1641 638 1710 permittemus
681 1643 854 1710 vobis,
898 1658 1068 1712 neque
1110 1641 1462 1696 concedenzus
1502 1654 1682 1695 ensem
1729 1640 1846 1708 pal-

267 1736 439 1800 luere,
468 1749 568 1792 nec
594 1738 751 1792 ullius
780 1735 1090 1791 abscindere
1115 1744 1295 1804 caput.
1322 1733 1378 1788 Si
1399 1748 1524 1787 vero
1553 1747 1656 1786 non
1683 1732 1848 1787 absti-

270 1825 464 1895 neatis,
494 1837 546 1883 et
585 1843 683 1882 nos
721 1843 842 1883 eum
883 1827 1010 1898 ipsis
1047 1827 1266 1881 omnino
1305 1826 1612 1880 moriemur.
1655 1823 1846 1879 Gravia

271 1917 487 1985 quidem
513 1929 715 1990 patrata
740 1929 882 1985 sunt,
915 1928 970 1975 et
1004 1934 1101 1974 nos
1131 1917 1463 1978 conﬁtemur,
1491 1916 1584 1972 sed
1618 1917 1850 1986 Impera-

276 2015 409 2067 toris
457 2013 836 2068 humanitatem
885 2027 990 2066 non
1035 2011 1243 2066 excedit
1280 2019 1546 2080 gestorum
1581 2009 1848 2076 iniquitas.

275 2104 481 2158 Dicitur
521 2103 733 2172 quidam
790 2103 1020 2171 ipsorum
1070 2101 1212 2155 aliud
1246 2099 1466 2154 verbum
1506 2096 1853 2166 philosophia:

277 2194 492 2262 plenum
520 2192 716 2246 dixisse
744 2191 823 2261 (a)
849 2209 860 2244 :
890 2190 1090 2246 Statua:
1132 2189 1344 2259 quidem
1381 2187 1599 2256 dejectae
1641 2201 1853 2240 rursum

275 2294 474 2339 erectae
515 2282 746 2348 fuerunt,
773 2294 827 2338 et
858 2283 1126 2354 propriam
1167 2288 1484 2352 receperunt
1526 2279 1772 2343 formam,
1800 2287 1854 2333 et

277 2377 484 2430 facinus
504 2375 886 2430 correctionem
908 2374 1090 2429 habuit
1110 2373 1473 2438 celerrimam;
1497 2370 1540 2424 si
1564 2379 1736 2428 autem
1759 2384 1856 2424 vos

280 2466 375 2522 Dei
401 2466 682 2536 imaginem
711 2464 1014 2520 occideritis
1039 2505 1054 2531 ,
1085 2462 1352 2534 quomodo
1377 2476 1586 2517 rursum
1612 2459 1856 2530 poteritis

278 2564 613 2625 peremptum
640 2554 930 2630 revocare?
959 2551 1225 2624 quomodo
1252 2551 1488 2622 perditos
1515 2551 1852 2616 resuscitare,

276 2654 334 2701 et
353 2645 557 2701 animas
573 2645 884 2716 corporibus
905 2645 1157 2700 reddere?
1179 2644 1337 2699 Multa
1359 2643 1493 2698 etde
1508 2642 1707 2712 judicio
1729 2641 1858 2712 ipsis

280 2737 600 2793 disseruere.

350 2827 406 2880 2.
446 2827 575 2893 Quis
619 2843 722 2883 non
757 2826 1192 2897 obstupescere”
1217 2826 1334 2896 quis
1371 2840 1476 2881 non
1505 2825 1738 2880 virorum
1770 2838 1862 2878 sa-

281 2916 532 2986 pientiam
551 2917 936 2992 admiraretur?
952 2916 1082 2971 Nam
1108 2917 1150 2969 si
1171 2916 1411 2986 quaedam
1428 2917 1444 2946 ¹
1465 2929 1673 2970 reorum
1691 2923 1861 2968 mater

281 3008 481 3063 nudato
509 3009 681 3078 capite
703 3018 757 3063 et
782 3009 927 3064 canis
948 3009 1195 3075 ostensis,
1217 3007 1499 3077 judicaturi
1524 3020 1716 3077 equum
1739 3004 1861 3058 frae-

282 3115 354 3154 no
383 3101 807 3171 apprehendens,
839 3091 896 3156 et.
919 3117 1012 3170 per
1035 3100 1206 3155 forum
1236 3111 1666 3168 praetercurrcns,
1693 3096 1771 3152 sic
1795 3095 1860 3150 ad

280 3192 536 3263 judicium
574 3192 729 3247 simul
768 3192 1004 3261 ingressa
1030 3199 1110 3245 est
1141 3208 1154 3246 :
1183 3203 1369 3245 omnes
1393 3186 1739 3257 obstupefacti
1768 3201 1862 3241 su-

282 3299 404 3340 mus
428 3325 444 3350 ,
477 3300 662 3339 omnes
700 3284 943 3338 admirati
973 3283 1222 3353 pietatem
1252 3291 1303 3336 et
1336 3280 1816 3350 magnanimitatem
1846 3296 1860 3332 :

285 3374 554 3446 quomodo
597 3390 700 3429 non
744 3375 911 3444 magis
948 3373 1013 3428 ad
1053 3374 1148 3428 hos
1195 3373 1570 3444 obstupescere
1615 3369 1864 3440 oportet?

288 3467 380 3521 Illa
407 3467 548 3520 enim
578 3467 736 3520 etiam
763 3467 808 3521 si
837 3475 1042 3520 mortua
1069 3473 1210 3520 esset
1241 3479 1334 3534 pro
1361 3464 1486 3529 filio,
1515 3463 1642 3516 nihil
1669 3463 1870 3516 miran-

288 3557 414 3610 dum
449 3573 461 3609 :
491 3572 676 3626 magna
704 3557 844 3612 enim
881 3565 1082 3610 natura:
1107 3557 1214 3622 vis,
1252 3563 1304 3609 et
1342 3555 1758 3625 inexpugnabilis
1784 3553 1864 3606 vi-

288 3664 499 3704 scerum
547 3651 835 3742 necessitéts
865 3667 878 3703 :
906 3649 960 3702 hi
987 3663 1114 3703 vero
1141 3662 1272 3718 quos
1303 3662 1406 3701 non
1445 3654 1740 3717 genuerunt
1768 3658 1866 3698 nec

287 3740 602 3807 educarunt,
634 3741 738 3794 imo
763 3740 888 3795 vero
913 3755 1044 3810 quos
1071 3756 1176 3807 non
1206 3745 1486 3803 noverunt,
1514 3752 1737 3806 quorum
1767 3751 1864 3790 no-

289 3844 412 3883 men
441 3844 548 3883 non
577 3830 874 3893 audierunt,
905 3830 1214 3898 quibuscum
1254 3842 1537 3896 numquam
1571 3825 1867 3880 conversati

290 3928 450 3988 sunt,
489 3936 622 3990 quos
658 3937 724 3976 cx
765 3922 875 3975 sola
916 3930 1181 3975 noverunt
1213 3919 1511 3974 calamitate
1534 3960 1548 3984 ,
1583 3918 1634 3971 in
1667 3925 1867 3972 tantum

292 4022 636 4079 amaverunt,
665 4021 721 4068 ut
745 4016 903 4068 etiam
947 4013 992 4067 si
1031 4013 1260 4066 inﬁnitas
1299 4011 1604 4064 habuissent
1626 4011 1828 4063 animas
1852 4051 1867 4074 ,

293 4119 481 4158 omnes
507 4119 604 4173 pro
630 4104 840 4158 illorum
868 4104 1036 4158 salute
1063 4102 1271 4156 tradere
1297 4100 1508 4156 vellent.
1537 4098 1717 4169 Neque
1743 4097 1870 4152 mihi

295 4193 442 4248 dicas
466 4193 568 4248 hoc
595 4193 734 4262 quod
763 4209 864 4246 non
886 4192 1108 4262 jugulati
1135 4192 1260 4254 sint,
1288 4205 1384 4245 nec
1409 4190 1716 4260 sanguinem
1741 4187 1872 4242 effu-

295 4284 504 4348 derint;
537 4283 628 4338 sed
660 4283 799 4352 quod
828 4291 969 4336 tanta
997 4291 1179 4336 contra
1214 4281 1421 4350 judices
1450 4281 1528 4334 usi
1567 4279 1673 4334 sint
1715 4279 1872 4334 liber-

297 4384 404 4429 tate
423 4416 438 4439 ,
467 4386 661 4445 quanta
696 4375 839 4429 solos
869 4374 936 4430 de
965 4375 1132 4429 salute
1171 4389 1262 4428 sua
1293 4372 1600 4443 desperatos
1627 4374 1699 4426 uti
1731 4373 1871 4426 veri-

296 4466 470 4521 simile
511 4466 604 4520 fuit
644 4483 657 4518 :
698 4475 751 4520 et
795 4466 887 4518 tali
927 4480 1046 4519 cum
1094 4465 1350 4519 sententia
1394 4464 1460 4519 de
1498 4465 1766 4518 montibus
1807 4463 1874 4518 ad

299 4559 529 4613 tribunal
559 4559 904 4613 cucurr'erint.
934 4557 1040 4612 Nec
1068 4558 1207 4611 enim
1241 4557 1339 4610 nisi
1372 4557 1513 4624 prius
1539 4571 1596 4611 se
1624 4555 1736 4610 neci
1759 4556 1874 4610 cui-

301 4651 428 4705 libet
452 4659 856 4720 praeparassent,
883 4658 987 4703 tam
1016 4649 1179 4703 libere
1209 4650 1500 4718 potuissent
1525 4647 1729 4716 judices
1754 4647 1877 4700 allo-

297 4741 408 4810 qui,
435 4750 487 4795 et
508 4750 701 4794 tantam
730 4751 854 4796 tunc
873 4741 1121 4795 exhibere
1143 4739 1624 4808 magnanimitatem
1646 4755 1657 4789 :
1679 4740 1874 4792 etenim

297 4842 423 4888 ante
452 4833 682 4902 prmtorii
705 4836 895 4904 januas
925 4841 1066 4888 totos
1093 4833 1207 4886 dies
1236 4833 1456 4902 agebant
1487 4831 1752 4898 sedentes,
1783 4831 1876 4886 ah-

299 4925 570 4979 dueendos
599 4923 665 4978 de
695 4925 1000 4978 carniﬁcum
1030 4924 1270 4978 manibus
1298 4923 1505 4992 eripere
1533 4920 1720 4991 parati.

375 5015 560 5069 Omnes
591 5015 874 5084 philosophi
907 5015 1079 5068 urbem
1116 5015 1168 5068 in
1206 5013 1492 5068 calamitate
1528 5015 1872 5066 deseruerunt.

297 5137 369 5149 --
391 5107 488 5162 Ubi
514 5123 651 5160 nunc
673 5115 796 5161 sunt
817 5107 966 5177 pallia
993 5116 1276 5178 gestantes.
1299 5116 1352 5160 et
1375 5105 1684 5176 profundam
1706 5113 1878 5159 osten-

300 5206 474 5250 tantes
497 5197 730 5260 barbam,
755 5207 808 5252 et
827 5197 1042 5252 baculus
1061 5197 1241 5252 dextra
1265 5196 1511 5260 ferentes,
1537 5206 1876 5251 externorum

301 5287 637 5356 phil050phi,
691 5289 871 5359 cynica
921 5289 1157 5358 piacula,
1200 5288 1622 5343 submensalihus
1659 5289 1877 5342 canibus

301 5379 600 5444 inferiores,
633 5381 938 5450 venti-isque
965 5393 1121 5434 causa
1150 5388 1336 5434 cuncta
1364 5377 1652 5433 facientes?
1679 5377 1874 5434 Omnes

373 5553 634 5608 ?Fortasse
675 5559 859 5609 rectius
893 5561 962 5609 sic
992 5557 1346 5607 instauraretur
1391 5554 1613 5616 phrasis:
1644 5563 1762 5605 Nam
1803 5554 1872 5616 si,

265 5673 269 5679 ,
298 5633 412 5670 cum
437 5633 676 5678 quadam,
706 5627 800 5670 etc.

366 5682 439 5744 (a)
454 5677 548 5732 'tlic
563 5682 722 5744 agitur
745 5681 810 5732 de
832 5679 1100 5733 erectionio
1123 5677 1352 5728 monacho

1003 276 1094 331 AD
1131 273 1451 332 POPULUM
1490 275 1976 333 ANTIOCHENUM
2039 277 2269 337 HOMIL.
2310 279 2474 338 XVII.

3380 292 3382 294 ⁷
3420 287 3514 345 174

1943 399 2066 446 tunc
2092 393 2357 449 civitatem
2385 392 2751 456 deseruerunt.
2780 395 3082 451 resilierunt
3108 411 3314 458 omnes.
3344 399 3395 452 ln
3425 416 3515 454 ea-

1941 495 2130 536 vernas
2158 483 2354 538 conditi
2384 492 2540 549 sunt;
2565 484 2664 539 soli
2689 500 2815 540 vero
2840 487 2926 554 qui
2953 500 3046 556 per
3070 502 3228 556 opera
3256 503 3378 542 vere
3405 487 3519 557 phi-

1943 573 2237 644 losophiam
2264 574 2549 642 exhibent,
2581 592 2643 632 ac
2681 577 2726 631 si
2775 577 2973 632 nulhtm
3012 574 3276 632 civitatein
3322 579 3518 634 malum

1944 665 2473 735 comprehendisset,
2503 668 2579 722 sic
2617 668 2876 738 intrepide
2905 670 2956 724 in
2999 669 3113 724 foro
3145 679 3518 740 apparuerunt.

1947 754 2011 808 Et
2053 755 2235 811 urbem
2278 758 2489 827 quidem
2532 758 2861 824 habitantes,
2889 759 2953 814 ad
2985 770 3191 816 montes
3224 769 3278 815 et
3311 760 3519 815 deserta

1947 845 2319 913 avolavcruut;
2365 850 2531 904 eremi
2576 867 2701 905 vero
2747 852 2932 906 incolae.
2977 852 3027 906 in
3077 853 3259 907 urbem
3305 852 3523 922 ingressi

1950 946 2106 998 sunt,
2139 953 2230 1007 per
2255 937 2368 1006 ipsa
2398 939 2821 997 demonstrantes
2845 958 3004 1012 opera
3041 958 3131 997 sua
3153 985 3168 1010 ,
3196 943 3337 1013 quod
3366 958 3523 1012 supc-

1951 1025 2177 1081 rioribus
2199 1027 2384 1083 diebus
2413 1045 2517 1083 non
2545 1030 2722 1086 destiti
2748 1032 2946 1096 dicere,
2977 1047 3164 1101 nempe
3189 1048 3308 1086 eum
3335 1033 3525 1086 virtute

1963 1113 2230 1164 viventem
2267 1125 2441 1179 neque
2469 1111 2744 1165 fornacem
2773 1114 3069 1182 quidquam
3099 1117 3287 1170 laedere
3315 1131 3474 1185 posse
3507 1135 3520 1170 :

1962 1210 2110 1255 tanto
2127 1209 2211 1256 est
2226 1201 2422 1255 animae
2440 1201 2703 1270 sapientia
2724 1205 2974 1259 omnibus
2996 1204 3301 1271 sublimior,
3320 1214 3372 1260 et
3396 1223 3523 1261 sva-

1961 1292 2118 1345 vibus
2139 1301 2192 1345 et
2215 1293 2461 1348 tristibus
2479 1294 2689 1348 cunctis
2714 1313 2726 1349 :
2754 1310 2852 1350 nec
2869 1296 3012 1349 enim
3035 1297 3085 1349 in
3111 1296 3214 1350 illis
3233 1297 3520 1364 mollescit,

1959 1397 2058 1436 nec
2078 1381 2163 1436 his
2181 1381 2522 1436 contrahitur
2540 1391 2592 1437 et
2614 1383 2954 1449 humiliatur,
2975 1383 3066 1438 sed
3088 1398 3180 1454 per
3199 1384 3385 1437 omnia
3408 1399 3524 1437 ma-

1957 1480 2048 1526 net
2065 1473 2309 1541 azqualis,
2333 1473 2605 1542 propriam
2632 1472 3003 1528 fortitudinem
3028 1484 3081 1529 et
3103 1475 3210 1529 vim
3236 1474 3522 1529 exhibens.

1951 1555 2116 1623 Quem
2152 1557 2293 1612 enim
2330 1575 2436 1613 non
2466 1570 2765 1630 superasset
2795 1563 3070 1630 praesentis
3102 1565 3354 1634 temporis
3385 1565 3523 1620 difﬁ-

1953 1649 2155 1702 cultas?
2198 1651 2452 1705 Proceres
2496 1661 2690 1706 nostra:
2735 1654 3038 1722 reipublicm
3087 1655 3138 1708 in
3181 1657 3524 1726 potestatibus

1953 1739 2300 1804 exsistentes,
2347 1741 2560 1796 divitias
2603 1742 2890 1797 immensas
2932 1743 3130 1810 sortiti,
3175 1743 3266 1813 qui
3310 1744 3526 1797 multam

1953 1830 2091 1899 apud
2129 1830 2502 1900 imperatorem
2546 1833 2789 1888 ﬁduciam
2827 1834 3124 1901 habebant,
3162 1835 3349 1890 domos
3375 1835 3526 1889 dese-

1956 1931 2133 1974 rentes
2162 1922 2319 1976 orbas
2342 1963 2356 1988 ,
2385 1937 2570 1978 omnes
2597 1923 2663 1978 dc
2690 1926 2900 1993 propria
2927 1925 3092 1980 salute
3117 1925 3487 1980 consultabant
3516 1943 3527 1976 :

1956 2022 2009 2065 et
2052 2012 2282 2066 amicitia
2320 2014 2495 2068 omnis
2538 2025 2590 2069 et
2631 2016 2874 2084 cognatio
2906 2024 3029 2070 tunc
3066 2014 3444 2084 superabatur,
3481 2024 3528 2070 ct

1957 2097 2091 2170 quos
2116 2102 2239 2155 olim
2273 2112 2545 2168 noverant,
2581 2104 2632 2157 in
2661 2113 2897 2174 tempore
2923 2105 3237 2160 calamitatis
3265 2106 3360 2159 hos
3387 2105 3530 2175 igno-

1959 2207 2077 2246 rare
2100 2201 2154 2246 et
2177 2193 2244 2246 ab
2272 2193 2387 2248 aliis
2416 2193 2642 2264 ignorari
2669 2197 2939 2264 optabant.
2971 2197 3206 2251 Monachi
3242 2212 3397 2263 vero,
3430 2196 3528 2250 lio-

1957 2282 2128 2337 mines
2153 2298 2430 2352 pauperes,
2461 2294 2606 2340 veste
2634 2285 2722 2338 vili
2750 2286 2866 2356 plus
2892 2286 3023 2341 nihil
3052 2286 3328 2353 habentes,
3363 2287 3529 2341 viven-

1961 2380 2040 2427 tes
2070 2374 2122 2427 in
2160 2374 2484 2441 rusticitate,
2516 2375 2644 2431 nulli
2671 2390 2788 2431 esse
2815 2385 3130 2446 apparentes
3149 2419 3162 2443 ,
3189 2377 3242 2430 in
3268 2368 3532 2430 montibus

1960 2471 2014 2518 et
2038 2464 2260 2520 saltibus
2291 2473 2582 2532 versantes,
2612 2466 2755 2522 velut
2782 2467 2996 2537 quidam
3033 2467 3233 2531 leones,
3265 2482 3457 2538 magno
3483 2483 3532 2522 et

1959 2553 2069 2608 alto
2089 2569 2246 2609 sensu
2269 2556 2494 2626 praediti,
2512 2557 2757 2613 omnibus
2779 2556 3064 2627 pavefactis
3082 2565 3136 2612 et
3157 2556 3533 2626 trepidantibus

1962 2645 2014 2700 in
2042 2645 2217 2702 medio
2241 2648 2612 2716 consistentes,
2636 2649 2831 2704 malum
2856 2648 3208 2704 dissolverunt
3230 2664 3332 2705 non
3360 2650 3534 2704 multis

1961 2735 2181 2804 diebus,
2208 2737 2300 2792 sed
2339 2738 2483 2794 brevi
2517 2739 2770 2809 temporis
2798 2748 3086 2795 momento.
3119 2739 3186 2794 Et
3211 2739 3348 2794 sicut
3372 2754 3534 2810 gene-

1963 2827 2069 2882 rosi
2095 2827 2379 2884 bellatores
2403 2845 2507 2884 non
2536 2837 2736 2885 tantum
2764 2831 3094 2886 adversarios
3123 2831 3410 2901 complexi,
3443 2831 3534 2885 sed

1963 2918 2123 2972 etiam
2165 2919 2264 2974 visi
2306 2929 2508 2974 tantum
2550 2920 2604 2974 in
2646 2921 2757 2976 acie
2801 2930 2856 2976 et
2896 2921 3168 2976 vociferati
3209 2921 3537 2975 adversarios

1965 3005 2148 3078 fugant
2180 3025 2191 3061 :
2224 3010 2302 3064 sic
2329 3018 2382 3064 et
2419 3009 2470 3063 hi
2505 3010 2592 3065 die
2629 3027 2730 3065 una
2760 3021 2814 3065 et
2842 3011 3265 3076 descenderunt,
3292 3019 3346 3065 et
3368 3009 3531 3064 disse-

1965 3109 2214 3166 ruerunt,
2245 3109 2299 3156 et
2321 3101 2591 3157 solverunt
2615 3102 2964 3158 calamitatem
2986 3145 3000 3168 ,
3027 3111 3082 3158 et
3105 3103 3168 3157 ad
3201 3103 3408 3172 propria
3447 3117 3536 3156 re-

1966 3189 2106 3245 versi
2128 3199 2252 3246 sunt
2275 3191 2628 3261 tabernacula.
2653 3193 2804 3247 Tanti
2828 3203 2907 3248 est
2928 3193 3258 3263 philosophia
3281 3209 3310 3247 a
3332 3193 3540 3248 Christo

1967 3283 2021 3336 in
2056 3298 2223 3353 genus
2260 3283 2546 3340 humanum
2586 3285 2903 3341 introducta.
2932 3286 3001 3340 Et
3025 3285 3146 3355 quid
3177 3285 3296 3340 dico
3320 3285 3386 3339 de
3411 3284 3542 3338 divi-

1969 3372 2108 3427 tibus
2129 3374 2256 3428 etin
2278 3383 2536 3444 potestate
2555 3375 2875 3436 constitutis,
2900 3389 3018 3429 cum
3041 3385 3091 3428 et
3115 3374 3147 3428 ii
3170 3375 3256 3443 qui
3275 3374 3541 3443 judicandi

1971 3472 2284 3534 potestatem
2324 3466 2594 3535 assequuti
2629 3473 2778 3518 erant
2801 3505 2813 3528 ,
2843 3478 3077 3518 summos
3103 3473 3348 3532 gerentes
3376 3463 3542 3532 magi-

1971 3564 2200 3616 stratus.
2233 3555 2299 3609 ab
2339 3555 2422 3610 his
2467 3556 2594 3626 ipsis
2626 3555 2791 3625 rogati
2831 3555 3104 3609 monachis
3125 3597 3140 3620 ,
3171 3564 3226 3608 ut
3251 3570 3369 3609 cum
3392 3554 3543 3609 venia

1972 3647 2290 3702 sententiam
2320 3647 2518 3702 ferrent
2535 3687 2552 3712 ,
2580 3655 2803 3702 eventus
2830 3661 2888 3700 se
2914 3647 3156 3701 dominos
3181 3660 3300 3701 esse
3324 3659 3544 3715 negave-

1971 3738 2115 3804 rint;
2155 3737 2295 3792 haud
2342 3747 2507 3792 tutum
2539 3739 2679 3792 enim
2701 3779 2716 3804 ,
2745 3738 2839 3792 sed
2883 3737 3234 3807 periculosum
3259 3750 3410 3802 esse,
3442 3749 3546 3789 non

1975 3840 2177 3884 tantum
2225 3830 2471 3900 injuriam
2517 3829 2714 3884 inferre
2751 3829 3094 3898 Imperatori,
3125 3827 3218 3882 sed
3257 3827 3415 3882 etiam
3454 3841 3548 3881 eos

1973 3921 2062 3991 qui
2083 3922 2419 3976 contumelia:
2445 3921 2519 3976 rei
2545 3920 2770 3975 convicti
2797 3924 2920 3984 sint,
2944 3919 3230 3988 impunitos
3249 3917 3547 3972 dimittere?

1975 4012 2078 4066 Sed
2111 4013 2160 4066 hi
2188 4011 2434 4067 omnibus
2463 4011 2607 4067 fuere
2637 4011 2992 4079 potentiores,
3022 4019 3075 4064 et
3097 4008 3260 4063 animi
3287 4007 3548 4078 magnituo

1975 4102 2098 4156 dine
2136 4111 2188 4156 et
2227 4103 2502 4158 tolerantia
2541 4101 2834 4156 assidentes
2875 4099 3270 4168 supplicarunt,
3303 4108 3360 4152 ut
3391 4115 3546 4168 quam

1975 4194 2042 4248 ab
2071 4194 2391 4262 lmperatore
2430 4209 2534 4248 non
2572 4201 2886 4262 acceperant
2916 4197 3227 4260 potestatem
3248 4231 3263 4256 ,
3293 4188 3428 4243 hanc
3453 4204 3548 4244 cx-

1976 4285 2220 4340 hibcrent
2248 4303 2260 4338 :
2292 4295 2345 4340 et
2373 4285 2715 4355 deprehensis
2744 4283 2808 4338 iis
2833 4283 2920 4352 qui
2951 4282 3024 4336 rei
3053 4289 3262 4347 essent,
3287 4280 3551 4351 judicihns

1980 4377 2299 4447 persuadere
2348 4385 2670 4447 potuerunt,
2716 4390 2785 4429 ne
2832 4372 3186 4428 damnationis
3235 4371 3550 4426 sententiam

1979 4467 2247 4531 efferrent,
2276 4467 2368 4521 sed
2397 4465 2464 4520 ad
2491 4464 2822 4534 Imperatoris
2851 4472 3033 4517 nutum
3060 4477 3152 4517 eos
3175 4461 3474 4531 rejiccrent,
3499 4469 3552 4515 et

1981 4558 2337 4628 promiserunt
2364 4572 2422 4612 se
2451 4557 2524 4610 illi
2558 4569 2900 4624 persuasuros
2919 4595 2935 4620 ,
2968 4563 3020 4608 ct
3049 4553 3326 4608 effecturos
3352 4561 3406 4606 ut
3434 4566 3551 4605 om-

1982 4653 2107 4704 nino
2135 4649 2338 4703 veniam
2366 4647 2514 4701 daret
2539 4647 2602 4700 iis
2621 4688 2635 4712 ,
2663 4645 2753 4716 qui
2780 4646 2831 4699 in
2857 4659 2915 4699 se
2942 4650 3308 4714 peccaverant,
3337 4651 3392 4697 et
3433 4656 3554 4711 per-

1982 4742 2362 4812 egrinationem
2399 4741 2628 4810 aggressi
2652 4746 2794 4793 sunt.
2815 4737 2918 4795 Sed
2944 4737 3149 4807 judices
3191 4736 3425 4806 ipsorum
3464 4750 3551 4788 sa—

1983 4833 2234 4904 pientiam
2277 4831 2512 4897 reveriti,
2543 4840 2596 4886 et
2624 4845 2811 4885 sensus
2839 4826 3114 4883 altitudine
3139 4826 3388 4897 perculsi,
3420 4824 3556 4878 hanc

1980 4944 2074 4983 eos
2115 4928 2324 4996 longam
2357 4925 2506 4980 obire
2544 4925 2681 4978 viam
2715 4939 2820 4978 non
2861 4921 3186 4993 permisere,
3216 4919 3310 4976 sed
3336 4919 3379 4974 si
3405 4917 3556 4973 dunt—

1983 5029 2127 5074 taxat
2156 5019 2387 5088 ipsorum
2413 5031 2570 5071 voces
2598 5014 2851 5069 haberent
2882 5013 2933 5066 in
2964 5011 3175 5081 scriptis
3195 5050 3209 5075 ,
3238 5024 3296 5064 se
3325 5023 3442 5062 cum
3473 5008 3557 5060 12t-

1985 5112 2112 5166 teris
2137 5111 2482 5172 discessuros,
2514 5115 2568 5162 et
2594 5105 2967 5175 Imperatorem
3005 5110 3334 5164 exoraturos,
3366 5107 3421 5151 ut
3444 5112 3558 5151 om-

1983 5217 2104 5256 nem
2151 5201 2280 5254 iram
2328 5198 2656 5262 dimitteret,
2703 5193 3104 5263 Spoponderunt
3137 5209 3150 5245 :
3179 5187 3317 5259 quod
3353 5195 3407 5241 et
3446 5187 3554 5238 fore

1984 5300 2373 5360 exspectamus.
2421 5288 2628 5342 Etenim
2671 5301 2788 5341 cum
2837 5283 3095 5338 sententia
3135 5280 3434 5339 diceretur,
3473 5274 3555 5327 in-

1981 5383 2148 5452 gressi
2177 5382 2354 5444 multa:
2381 5379 2654 5449 sapientia:
2679 5376 2841 5433 verba
2888 5375 3071 5428 dixere
3094 5412 3109 5436 ,
3139 5385 3201 5424 ac
3241 5382 3334 5436 per
3377 5365 3556 5420 literas

1986 5475 2296 5547 Imperatori
2337 5472 2798 5543 supplicaverunt,
2828 5473 2882 5520 et
2912 5461 3094 5534 judicii
3132 5459 3304 5514 fecere
3330 5456 3554 5511 mentio-

1985 5587 2105 5628 nem
2127 5613 2142 5638 ,
2171 5579 2224 5626 et
2248 5585 2306 5625 se
2332 5582 2426 5622 sua
2452 5564 2785 5636 deposituros
2813 5573 2932 5615 esse
2957 5554 3127 5625 capita
3151 5550 3427 5616 dixerunt,
3460 5547 3559 5602 nisi

1989 5667 2089 5721 hoc
2117 5664 2285 5718 ﬁeret.
2332 5660 2392 5714 Et
2425 5667 2540 5728 post
2566 5657 2659 5710 has
2689 5658 2924 5720 sumptas
2953 5648 3004 5703 in
3034 5643 3199 5701 literis
3226 5657 3387 5699 voces
3417 5639 3556 5710 judi.
