3912 6230
399 282 504 338 175

395 411 487 452 ces
517 396 762 452 abierunt
785 435 798 458 ,
826 391 967 463 quod
996 390 1140 447 omni
1164 403 1359 445 corona
1388 384 1717 457 splendidius
1741 391 1975 439 nostram

395 487 663 541 civitatem
690 484 989 540 exornabit.
1022 482 1086 536 Et
1114 496 1229 550 qua:
1257 489 1380 534 sunt
1405 478 1489 533 hic
1514 492 1656 532 nunc
1678 483 1823 546 gesta
1840 516 1854 540 ,
1878 489 1977 529 an-

397 579 505 631 diet
527 576 835 645 Imperator,
859 573 1036 626 audiet
1054 580 1106 626 et
1127 584 1313 640 magna
1338 568 1540 633 civitas,
1560 567 1739 621 audiet
1760 578 1814 621 et
1837 574 1976 621 totus

394 668 558 733 orbis,
586 666 725 737 quod
755 665 884 718 tales
910 660 1365 717 Antiochenorutn
1392 659 1576 713 urbem
1603 656 1839 712 habitent
1864 671 1977 709 mo-

397 759 550 814 nachi
576 799 591 824 ,
619 766 677 811 ut
706 754 1049 827 apostolicam
1092 752 1377 807 exhibeant
1408 750 1650 804 ﬁduciam
1680 767 1694 801 :
1724 756 1778 802 et
1812 747 1977 801 literis

395 867 536 907 nunc
565 850 714 906 lectis
737 891 751 914 ,
782 850 833 905 in
870 846 1057 902 castris
1085 860 1273 900 omnes
1302 844 1535 914 ipsorum
1575 839 1977 911 magnanimita-

393 952 497 999 tem
527 939 950 1005 admirabuntur,
983 953 1172 993 omnes
1207 937 1472 991 civitatem
1502 942 1736 991 nostram
1766 931 1976 986 beatam

391 1033 692 1099 vocabunt,
738 1039 794 1086 et
835 1030 1029 1085 malam
1068 1025 1388 1098 repeliemus
1424 1025 1618 1082 famam
1652 1042 1665 1077 :
1703 1023 1977 1090 scientque

390 1138 602 1188 omnes,
630 1131 777 1193 gesta
808 1137 911 1175 non
939 1120 1205 1176 civitatem
1235 1115 1638 1172 inhabitantium
1669 1111 1853 1177 fuisse,
1881 1109 1977 1165 sed

393 1214 669 1274 hominum
693 1221 1035 1272 externorum
1063 1219 1120 1269 et
1146 1208 1475 1283 perditorum
1504 1224 1517 1260 :
1545 1215 1601 1261 et
1627 1204 1816 1259 idonea
1842 1202 1976 1257 civi-

391 1310 516 1370 tatis
544 1320 753 1364 morum
780 1303 1167 1361 demonstratio
1195 1300 1577 1357 monachorum
1601 1295 1704 1355 crit
1737 1294 1976 1349 testimo-

391 1405 559 1462 nium.
589 1401 665 1459 Ne
701 1400 861 1470 igitur
889 1398 1180 1462 tristemur,
1208 1393 1418 1458 dilecti,
1454 1391 1550 1448 sed
1592 1405 1688 1460 spe
1723 1389 1861 1445 bona
1890 1384 1977 1443 in-

392 1495 579 1552 structi
605 1494 790 1551 simus.
822 1491 879 1546 Si
903 1491 1043 1546 enim
1082 1486 1223 1557 apud
1262 1485 1505 1540 homines
1530 1483 1748 1537 libertas
1772 1486 1976 1534 tantum

393 1584 652 1642 molestia:
681 1582 964 1654 prohibere
993 1579 1182 1651 potuit,
1215 1576 1355 1647 apud
1386 1576 1553 1630 Deum
1583 1574 1756 1643 ipsum
1788 1570 1976 1626 ﬁducia

390 1679 517 1750 quid
547 1694 655 1735 non
681 1674 1028 1746 operabitur?
1060 1673 1183 1726 Ilmc
1209 1672 1366 1725 etiam
1399 1666 1684 1739 gentilibus
1713 1664 1973 1726 dicamus,

393 1788 515 1827 cum
540 1771 606 1824 de
628 1766 960 1840 philosophis
983 1763 1259 1818 nobiscum
1286 1760 1556 1829 disputare
1580 1755 1866 1811 audebunt.
1897 1752 1973 1807 Ex

395 1859 747 1932 praesentibus
794 1864 939 1927 patet
987 1855 1162 1924 priora
1210 1865 1417 1923 quoque
1460 1848 1624 1902 fuisse
1667 1844 1795 1899 ἰδιεει
1838 1841 1977 1911 apud

396 1954 516 2009 illos
544 1968 557 2004 :
586 1966 652 2005 ex
681 1949 764 2004 his
790 1945 1128 2002 manifestum
1155 1950 1265 2006 est,
1293 1949 1347 1995 et
1374 1939 1515 2009 apud
1543 1951 1641 1993 nos
1666 1952 1788 1991 vera
1815 1933 1978 1989 fuisse

394 2043 570 2112 priora
610 2040 679 2095 de
719 2039 924 2095 Joanne
948 2076 963 2103 ,
993 2035 1152 2091 Petro
1181 2042 1235 2088 et
1272 2031 1435 2087 Paulo
1473 2039 1527 2085 et
1562 2028 1808 2082 omnibus
1837 2025 1975 2079 aliis.

396 2134 655 2202 Quoniam
681 2131 823 2186 enim
846 2131 897 2184 in
920 2129 1130 2183 illorum
1163 2127 1408 2196 pietatem
1437 2128 1830 2185 successerunt,
1857 2134 1978 2189 pro-

397 2236 574 2298 pterea
600 2234 654 2281 et
682 2239 868 2279 eorum
898 2221 1143 2278 ﬁduciam
1174 2218 1528 2274 exhibuerunt
1552 2234 1565 2270 :
1594 2215 1843 2286 quoniam
1882 2214 1975 2269 iisc

395 2320 515 2375 dem
540 2315 745 2388 legibus
778 2311 985 2370 educati
1014 2322 1139 2367 sunt
1161 2352 1176 2377 ,
1205 2309 1324 2365 ideo
1352 2316 1409 2364 et
1448 2308 1683 2379 ipsorum
1725 2306 1979 2362 virtutem

395 2419 519 2468 sunt
559 2407 767 2465 imitati.
814 2406 994 2476 Itaque
1042 2418 1148 2458 non
1200 2409 1283 2458 cst
1318 2415 1453 2471 Opus
1500 2398 1654 2454 nobis
1702 2397 1869 2452 literis
1910 2395 1977 2450 ad

394 2503 737 2574 apostolicam
761 2500 1008 2555 virtutem
1034 2494 1525 2560 demonstrandam,
1547 2492 1707 2548 rebus
1732 2491 1860 2560 ipsis
1878 2490 1979 2545 ela-

396 2596 664 2655 mantibus
685 2635 701 2659 ,
729 2603 784 2648 et
809 2589 1082 2660 discipulis
1112 2587 1393 2657 magistros
1423 2581 1929 2654 reprmsentantibus
1962 2598 1975 2633 :

395 2704 500 2746 non
533 2685 688 2740 nobis
725 2681 1060 2740 sermonibus
1100 2692 1235 2750 opus
1273 2685 1350 2731 est
1390 2675 1458 2730 ad
1498 2672 1776 2745 gentilium
1814 2685 1979 2741 nugas

395 2774 847 2841 maniiestandas,
879 2782 934 2828 et
971 2770 1407 2841 philosophorum
1437 2766 1673 2836 ipsorum
1702 2764 1976 2834 pusillani-

396 2875 631 2927 mitatcm
651 2908 665 2933 ,
695 2868 855 2923 rebus
887 2865 1017 2936 ipsis
1051 2862 1427 2926 clamantibus,
1457 2868 1564 2916 tam
1594 2856 1943 2929 praesentibus
1961 2897 1976 2922 ,

394 2979 551 3035 quam
580 2960 865 3032 praeteritis
886 3001 901 3026 ,
932 2957 1073 3029 quod
1103 2955 1282 3012 omnia
1320 2954 1459 3025 apud
1493 2955 1639 3024 ipsos
1671 2951 1896 3018 fabulae,
1925 2959 1981 3005 et

398 3071 551 3113 scena
570 3097 586 3121 ,
612 3065 668 3111 et
693 3051 1009 3126 hypocrisis.
1042 3049 1149 3105 Nec
1176 3045 1422 3103 monachi
1454 3054 1690 3110 tantum,
1719 3059 1903 3099 verum
1927 3051 1981 3098 et

400 3147 700 3205 sacerdotes
745 3144 986 3202 eamdem
1035 3142 1396 3213 praestiterunt
1440 3139 1604 3194 animi
1654 3137 1977 3209 magnitudi-

398 3256 540 3308 nem,
565 3248 909 3309 nostramque
938 3237 1159 3292 salutem
1190 3234 1585 3304 dispensarunt.
1620 3232 1686 3286 Et
1714 3232 1847 3286 alius
1873 3231 1984 3300 qui-

397 3337 518 3392 dem
560 3335 614 3389 in
653 3343 828 3389 castra
868 3345 928 3388 se
968 3330 1227 3396 contulit,
1260 3327 1436 3384 omnia
1480 3324 1751 3382 dilectioni
1789 3332 1981 3378 vestra:

397 3441 752 3502 postponens,
785 3436 841 3484 et
868 3429 980 3498 ipse
1006 3434 1217 3497 paratus
1243 3465 1256 3489 ,
1292 3422 1391 3477 nisi
1423 3419 1729 3491 Imperatori
1762 3432 1980 3488 persua-

398 3523 575 3588 deret,
604 3522 769 3587 mori;
801 3519 890 3574 alii
913 3534 1039 3574 vero
1068 3517 1157 3572 hic
1181 3522 1545 3580 remanentes,
1573 3521 1626 3567 et
1647 3510 1833 3566 eadem
1862 3524 1980 3579 qua:

398 3612 644 3668 monachi
676 3610 991 3666 exhibentes
1013 3649 1028 3676 ,
1056 3606 1285 3677 propriis
1313 3604 1556 3659 manibus
1576 3602 1783 3672 judiees
1807 3600 1978 3656 conti-

398 3714 586 3761 nentes
609 3744 626 3771 ,
656 3719 761 3757 non
789 3701 1035 3756 sinebant
1071 3697 1274 3768 ingredi
1302 3698 1341 3762 ί,
1375 3695 1680 3766 priusquam
1708 3694 1777 3747 de
1800 3692 1981 3761 judicii

400 3802 504 3854 line
525 3797 894 3868 promitterent
917 3811 931 3848 :
953 3801 1005 3848 et
1028 3807 1147 3846 cum
1171 3798 1455 3846 renuentes
1475 3787 1689 3858 quidem
1710 3785 1978 3849 videbant,

398 3890 561 3944 multa
587 3887 776 3943 ﬁducia
803 3893 857 3941 et
882 3884 980 3956 ipsi
1008 3882 1240 3938 vicissim
1269 3881 1570 3936 utebantur.
1596 3877 1667 3933 Ut
1690 3885 1864 3933 autem
1890 3891 1983 3931 an-

399 3989 623 4037 nuentes
649 3978 929 4042 viderunt,
964 3974 1128 4047 pedes
1151 3981 1205 4028 et
1228 3986 1399 4043 genua
1426 3968 1687 4040 complexi
1713 3976 1767 4022 et
1795 3982 1983 4022 manus

378 4072 711 4139 exosculati,
740 4079 1019 4140 utramque
1043 4066 1292 4121 virtutem
1320 4061 1811 4133 superabundanter
1834 4060 1985 4115 exhi-

397 4168 588 4232 bucre,
615 4165 913 4220 libertatem
939 4167 995 4217 et
1021 4155 1501 4215 mansuetudinem.
1528 4153 1678 4220 Quod
1707 4152 1849 4209 enim
1878 4168 1983 4206 non

293 4253 298 4258 ’
398 4255 665 4328 superbia
700 4261 843 4309 esset
880 4252 1104 4316 ﬁducia,
1141 4246 1503 4306 exosculando
1530 4261 1701 4317 genua
1730 4253 1785 4299 et
1821 4243 1986 4315 pedes

400 4344 771 4418 amplectende
796 4343 1023 4398 maxime
1046 4341 1541 4397 demonstraverunt
1566 4354 1581 4393 ε
1608 4351 1817 4392 rursum
1843 4335 1985 4406 quod

400 4437 675 4494 humilitas
716 4436 805 4490 illa
846 4449 953 4489 non
991 4442 1132 4489 esset
1162 4431 1483 4498 assentatio,
1523 4443 1696 4499 neque
1724 4427 1989 4483 servilitas

401 4528 643 4601 quaedam
666 4569 681 4594 ,
711 4542 813 4583 nec
853 4541 920 4582 ex
961 4524 1208 4579 illiberali
1246 4521 1506 4578 sententia
1553 4520 1787 4590 protecta
1813 4559 1828 4584 ,
1867 4534 1987 4589 qua:

403 4620 680 4692 praemissa
719 4621 953 4685 ipsorum
995 4615 1203 4671 ﬁducia:
1243 4614 1484 4676 fuerunt,
1524 4612 1800 4667 testiﬁcata
1840 4619 1984 4665 sttnt.

404 4713 589 4783 Neque
629 4711 746 4766 haec
790 4711 903 4765 sola
932 4710 998 4765 de
1039 4706 1331 4762 tentatione
1370 4705 1509 4759 bona
1552 4704 1738 4758 Iucrati
1768 4716 1985 4768 sumus,

406 4819 592 4861 verum
620 4813 677 4858 et
705 4803 922 4857 multam
958 4798 1300 4863 modestiam,
1325 4812 1387 4851 ac
1412 4795 1868 4850 mansuetudinem
1892 4837 1906 4858 ,
1936 4802 1991 4849 et

404 4899 592 4953 civitas
618 4895 772 4950 nobis
809 4902 1028 4963 repente
1064 4890 1445 4947 monasterium
1476 4887 1606 4944 facta
1635 4899 1736 4943 est.
1768 4887 1882 4942 Non
1912 4887 1991 4943 sic

406 4991 550 5046 illam
572 4988 691 5059 quis
711 4997 972 5051 ornasset,
994 4986 1038 5039 si
1060 4999 1250 5039 aureas
1270 4983 1326 5037 in
1353 4981 1467 5035 l‘oro
1487 4989 1689 5035 statuas
1711 4979 1988 5042 erexisset,

408 5081 545 5137 sicut
572 5094 715 5135 nunc
747 5080 891 5136 clara
931 5087 988 5132 ct
1027 5076 1244 5132 illustris
1281 5083 1403 5140 est,
1434 5088 1553 5144 quae
1589 5073 1756 5128 bonas
1784 5072 1994 5128 virtutis

406 5184 610 5231 statuas
634 5171 875 5245 protulit,
906 5179 959 5225 et
987 5168 1228 5239 proprias
1256 5165 1497 5221 exhibuit
1523 5164 1753 5219 divitias.

482 5266 658 5321 Ρωηαε
677 5262 739 5317 ab
766 5260 1079 5333 lmperatore
1099 5256 1421 5311 Antiochenis
1445 5255 1668 5324 inﬂictw.
1698 5253 1994 5323 Metropolis

411 5359 630 5429 dignitas
656 5355 903 5409 translata
929 5352 997 5406 ad
1029 5350 1358 5404 Laodicenos.
1385 5377 1458 5388 —
1485 5348 1553 5400 At
1585 5362 1701 5417 qu:e
1732 5346 1797 5399 ab
1827 5345 1996 5415 Impe-

414 5459 591 5505 ratore
618 5447 852 5519 profecta
879 5450 1005 5500 sunt
1026 5440 1341 5498 contristant
1364 5455 1378 5492 :
1402 5437 1496 5494 sed
1523 5451 1621 5492 nec
1648 5437 1735 5491 illa
1762 5438 1995 5507 profecto

415 5542 615 5613 gravia,
635 5557 820 5598 verum
850 5548 905 5596 et
932 5539 1043 5610 ipsa
1072 5537 1296 5593 multum
1319 5533 1608 5590 attulerunt
1632 5532 1993 5587 emolumenti.

480 5695 498 5728 ⁸
536 5695 665 5768 Apim
689 5701 793 5746 Sav.
827 5702 880 5746 et
916 5695 1036 5747 alios
1066 5694 1313 5747 habetur:
1348 5689 1682 5752 Contineant,
1709 5700 1801 5768 non
1844 5690 1997 5739 sinen-

416 5762 503 5815 ιη,
529 5765 626 5805 etc.

1138 278 1195 334 s.
1234 274 1512 332 :osNNis
1548 268 2020 328 cnursosrout
2064 268 2373 328 ARCHIEP.
2415 274 2942 334 CONSTANTINOP.

3586 276 3720 332 £76

2085 384 2222 452 Quid
2246 384 2386 440 enim
2417 386 2645 453 molesti,
2669 385 2755 442 dic
2774 386 2925 454 mihi,
2954 386 3150 442 factum
3174 398 3256 446 est
3273 390 3299 445 ?
3318 392 3461 462 quod
3481 392 3721 448 orcha-

2084 489 2249 532 stram
2268 477 2611 543 obstruxerit,
2635 478 2776 549 quod
2797 480 2995 535 circum
3020 479 3440 539 inaccessibilem
3462 484 3715 550 fecerit,

2084 568 2223 638 quod
2264 569 2510 638 nequitia:
2548 572 2719 626 fontes
2747 572 3032 627 excluserit
3058 581 3113 627 et
3148 574 3428 631 obruerit?
3456 576 3717 633 Utinam

2084 675 2184 715 nec
2208 660 2588 716 concederetur
2612 678 2861 733 umquam
2887 663 2985 719 bos
3014 665 3229 734 aperiri.
3263 667 3398 723 IIinc
3422 670 3715 739 nequitia:

2083 751 2289 807 radices
2318 753 2371 807 in
2402 753 2613 810 civitate
2648 756 3107 825 germinaverunt,
3135 757 3261 813 hinc
3288 771 3411 815 sunt
3438 763 3526 831 qui
3562 778 3709 817 mo-

2083 843 2230 898 ribus
2271 844 2436 914 ipsius
2477 849 2675 902 crimen
2716 847 2972 916 aﬁ‘erunt,
3004 863 3129 906 suas
3166 866 3323 906 voces
3354 854 3711 908 saltautibus

2082 934 2393 1001 vendentes,
2416 945 2474 991 et
2499 937 2666 992 tribus
2690 937 2861 994 obolis
2888 954 3038 994 suam
3070 940 3171 994 illis
3199 942 3422 998 salutem
3448 945 3684 1014 proden
3704 983 3725 992 -

2085 1033 2184 1088 tes,
2216 1026 2600 1083 confundentes
2634 1028 2831 1082 omnia.
2864 1029 3153 1099 Propterea
3181 1033 3426 1099 tristaris,
3456 1035 3696 1089 carissi.

2083 1116 2206 1171 me?
2243 1116 2355 1172 Imo
2394 1118 2514 1174 ideo
2547 1128 2602 1175 et
2637 1120 2868 1190 gaudere
2892 1131 2944 1175 et
2970 1123 3134 1178 laetari
3162 1135 3371 1194 oportet
3391 1137 3447 1182 et
3468 1130 3708 1199 gratias

2085 1205 2392 1277 Imperatori
2421 1225 2578 1279 agere
2605 1228 2619 1265 :
2642 1212 2892 1282 quoniam
2921 1214 3088 1284 ipsius
3109 1215 3241 1270 ultio
3265 1221 3528 1274 correctio
3549 1220 3701 1286 fuit,

2083 1306 2138 1353 et
2164 1313 2321 1367 poma
2348 1301 2593 1365 eruditio,
2627 1313 2679 1358 et
2710 1304 2787 1358 ira
2816 1305 3077 1360 doctrina.
3109 1308 3187 1361 An
3214 1308 3334 1377 quia
3360 1309 3551 1366 balnea
3580 1328 3705 1366 no-

2082 1388 2164 1444 bis
2189 1391 2399 1446 ocelusa
2426 1394 2591 1447 sunt?
2617 1394 2722 1449 Sed
2751 1395 2852 1451 hoc
2877 1411 2981 1451 non
3012 1396 3345 1456 intolerabile
3363 1443 3379 1466 ,
3405 1402 3491 1456 vel
3528 1403 3701 1457 iuvi-

2084 1492 2186 1552 tos,
2213 1482 2467 1541 lubricam
2495 1494 2548 1541 et
2573 1487 2788 1543 mollem
2813 1497 2868 1544 et
2893 1488 3206 1545 dissolutam
3233 1491 3483 1563 degentes
3504 1494 3697 1550 vitam

2083 1573 2149 1630 ad
2194 1574 2581 1649 philosophiam
2622 1576 2824 1636 reduci.
2867 1580 2950 1634 An
2994 1579 3137 1651 quod
3179 1582 3406 1638 civitatis
3447 1585 3700 1641 abstulit

2082 1667 2423 1738 dignitatem,
2451 1688 2551 1728 nec
2583 1671 2810 1744 amplius
2838 1672 3006 1747 ipsam
3040 1675 3373 1744 metropolim
3411 1678 3695 1747 appellari

2083 1760 2324 1829 permisit
2348 1760 2464 1835 (a)?
2483 1762 2586 1819 Sed
2611 1765 2735 1835 quid
2757 1765 2932 1823 facere
2950 1764 3268 1838 oportebat!
3287 1765 3501 1824 laudare
3523 1781 3696 1823 com-

2082 1850 2267 1919 missa,
2284 1861 2339 1907 et
2359 1854 2554 1923 gratias
2573 1857 2770 1926 agere?
2793 1858 2859 1913 Et
2877 1858 2996 1929 quis
3021 1859 3192 1931 ipsum
3214 1878 3320 1917 non
3340 1869 3689 1929 accusasset,

2083 1941 2224 2010 quod
2260 1957 2367 1998 non
2405 1945 2491 2001 vel
2528 1947 2704 2016 specie
2726 1949 2743 1981 ⁸
2782 1949 3195 2021 indignationem
3233 1955 3694 2014 manifestasset?

2082 2030 2198 2087 Non
2233 2035 2408 2090 cernis
2447 2046 2625 2106 patres
2659 2040 2823 2095 multa
2858 2042 3158 2112 hujusmodi
3190 2045 3240 2100 in
3272 2046 3409 2102 ﬁlios
3436 2064 3568 2105 suos
3595 2049 3692 2105 fa-

2082 2125 2245 2179 cere?
2281 2136 2622 2196 aversantur,
2655 2141 2706 2186 et
2746 2147 2928 2188 mensa
2969 2135 3271 2205 prohibent.
3313 2139 3424 2196 IIoc
3454 2157 3689 2212 quoque

2084 2212 2377 2284 Imperator
2401 2217 2541 2286 fecit,
2576 2221 2707 2277 tales
2737 2224 3015 2296 imponens
3039 2226 3290 2294 ultiones,
3321 2232 3523 2287 nullum
3554 2236 3691 2305 qui-

2082 2305 2204 2361 dem
2243 2307 2499 2366 habentes
2532 2311 2814 2382 damnum,
2858 2317 3076 2373 multam
3116 2334 3241 2375 vero
3281 2325 3687 2380 correctionem

2082 2399 2384 2457 aﬁ'erentes.
2415 2403 2600 2475 Cogita
2637 2421 2758 2477 qua:
2798 2412 3255 2478 exspectavimus,
3287 2422 3341 2468 et
3376 2430 3494 2485 qua:
3529 2413 3687 2473 facta

2083 2501 2227 2558 sunt,
2258 2502 2313 2547 et
2337 2501 2462 2548 tunc
2485 2496 2714 2551 maxime
2738 2498 2971 2555 sciemus
2998 2499 3089 2555 Dei
3112 2507 3360 2572 gratiam.

2155 2583 2435 2640 Antiochia:
2461 2602 2577 2640 vera
2597 2587 2835 2659 dignitas.
2859 2620 2934 2630 —
2958 2591 3114 2646 Doles
3147 2592 3288 2663 quod
3325 2594 3553 2650 civitatis
3584 2596 3685 2651 di-

2083 2677 2256 2747 gnitas
2284 2677 2459 2734 ablata
2495 2679 2605 2734 sit?
2633 2680 2779 2736 disce
2816 2682 2944 2752 quid
2987 2683 3197 2740 tandem
3234 2685 3303 2740 sit
3329 2686 3561 2742 civitatis
3586 2689 3685 2744 di-

2085 2772 2278 2840 gnitas,
2309 2779 2363 2827 et
2396 2780 2523 2828 tunc
2550 2772 2830 2830 manifeste
2870 2775 3028 2844 scies,
3071 2777 3214 2848 quod
3251 2779 3296 2834 si
3342 2778 3686 2838 habitatores

2087 2863 2254 2933 ipsam
2282 2879 2386 2918 non
2416 2865 2762 2934 prodiderint,
2787 2867 2996 2924 auferre
3030 2872 3224 2939 poterit
3244 2872 3378 2928 alius
3406 2890 3565 2929 nemo
3592 2879 3684 2930 ci-

2085 2956 2262 3010 vitatis
2305 2955 2637 3027 dignitatem.
2681 2958 2797 3015 Non
2833 2961 2975 3031 quod
3013 2966 3323 3034 metrottolis
3364 2967 3454 3032 sit,
3494 2983 3685 3039 neque

2085 3049 2227 3121 quod
2259 3050 2478 3120 praedita
2505 3052 2575 3106 sit
2611 3053 2971 3123 magnitudine
2998 3064 3051 3110 et
3081 3067 3273 3111 ornatu
3297 3058 3677 3128 aediﬁciorum,

2085 3157 2259 3210 neque
2297 3143 2438 3212 quod
2469 3143 2660 3199 multas
2702 3144 2894 3201 habeat
2934 3147 3232 3218 columnas,
3264 3159 3316 3207 et
3344 3151 3476 3207 latas
3504 3157 3685 3223 portio

2085 3247 2202 3300 cus,
2228 3243 2282 3287 et
2309 3232 2783 3302 deambulationes,
2812 3253 2983 3309 neque
3013 3240 3154 3309 quod
3181 3251 3304 3296 ante
3331 3243 3461 3298 alias
3480 3246 3681 3301 civita-

2088 3335 2168 3380 tes
2198 3324 2552 3394 praedicetur;
2597 3327 2691 3381 sed
2737 3327 3145 3386 inhabitantium
3188 3333 3355 3388 virtus
3382 3342 3439 3390 et
3474 3336 3676 3405 pietas,

2088 3416 2203 3471 haec
2226 3427 2309 3471 est
2335 3417 2584 3488 dignitas,
2630 3429 2683 3474 et
2727 3430 2967 3490 ornatus,
3010 3434 3063 3478 et
3103 3425 3262 3478 tutela
3306 3427 3553 3497 civitatis,
3601 3429 3677 3485 ita

2087 3515 2147 3562 ut
2169 3508 2213 3564 si
2241 3509 2344 3564 hoc
2369 3509 2526 3576 desit,
2556 3512 2791 3565 omnium
2833 3513 2904 3566 sit
2935 3514 3213 3580 vilissima,
3243 3516 3367 3571 licet
3405 3518 3678 3575 inﬁnitum

2087 3605 2154 3661 ab
2178 3603 2588 3674 Imperatoribus
2614 3616 2968 3677 consequatur
3007 3607 3284 3664 honorem.
3314 3610 3406 3665 Vis
3443 3611 3679 3669 civitatis

2090 3709 2194 3755 tua:
2219 3699 2525 3770 dignitatem
2555 3699 2799 3754 discere?
2821 3699 2900 3754 vis
2929 3701 3143 3770 gentilia
3174 3701 3338 3771 ipsius
3358 3714 3675 3760 ornamenta

2088 3792 2286 3846 nosse?
2315 3790 2486 3846 dicam
2517 3789 2722 3857 sedulo,
2768 3806 2871 3844 non
2915 3799 2975 3845 ut
3013 3790 3187 3846 discas
3218 3800 3442 3858 tantum,
3482 3810 3675 3851 verum

2090 3892 2147 3938 ut
2172 3892 2225 3939 ct
2270 3882 2512 3938 imiteris.
2563 3882 2692 3950 Qua:
2722 3882 2935 3936 tandem
2981 3891 3065 3936 est
3091 3883 3316 3937 civitatis
3363 3894 3556 3939 nostrae
3585 3886 3673 3939 di-

2088 3976 2263 4047 gnitas
2280 3976 2304 4030 ἲ
2324 3975 2543 4045 Contigit
2568 3975 2788 4046 primum
2818 3973 3097 4028 Antiochia:
3123 3974 3397 4046 discipulos
3420 3977 3678 4047 appellari

2089 4066 2401 4123 Christianos
2422 4065 2559 4135 (Act.
2589 4066 2675 4120 II.
2703 4062 2810 4137 26)
2848 4083 2861 4121 :
2892 4065 2993 4120 hoc
3027 4076 3202 4120 autem
3252 4066 3522 4121 civitatum
3552 4085 3678 4138 qua:

2090 4171 2215 4216 sunt
2244 4161 2296 4215 in
2325 4159 2522 4213 mundo
2542 4166 2851 4213 cunctarum
2895 4157 3055 4212 habet
3093 4158 3253 4221 nulla,
3299 4173 3398 4213 nec
3423 4160 3534 4229 ipsa
3563 4160 3677 4214 Ro-

2090 4251 2217 4305 muli
2243 4250 2427 4305 civitas
2455 4267 2471 4305 :
2498 4256 2782 4319 propterea
2821 4258 3007 4304 contra
3032 4263 3244 4302 omnem
3286 4257 3546 4304 terrarum
3584 4267 3677 4309 or-

2091 4344 2214 4398 bem
2240 4342 2424 4397 oculos
2462 4341 2669 4411 erigere
2728 4347 2901 4410 potest
2930 4358 2943 4394 :
2975 4338 3225 4409 quoniam
3253 4355 3379 4411 erga
3407 4339 3680 4399 Christum

2092 4434 2292 4492 at..oris
2313 4435 2486 4506 ignem
2524 4434 2699 4498 habet,
2731 4442 2947 4504 propter
2976 4432 3242 4496 ﬁduciam,
3268 4443 3486 4503 prOpter
3509 4435 3679 4489 virtu-

2095 4536 2200 4581 tem
2223 4526 2389 4581 Illam.
2420 4525 2511 4579 Vis
2542 4535 2595 4579 et
2619 4524 2775 4578 aliam
2811 4523 3040 4578 civitatis
3075 4522 3263 4577 audire
3286 4522 3594 4593 dignitatem
3625 4535 3684 4579 et

2095 4617 2305 4673 laudem
2324 4617 2347 4671 ?
2369 4616 2562 4671 Fames
2598 4614 2728 4669 olim
2753 4612 3060 4668 difﬁcillima
3103 4612 3277 4667 futura
3302 4622 3437 4680 erat,
3469 4624 3522 4669 et
3564 4615 3682 4669 An-

2096 4708 2344 4764 tiochiam
2377 4707 2674 4762 habitantes
2716 4711 3034 4770 statuerunt,
3065 4714 3222 4774 prout
3246 4706 3471 4774 quisque
3508 4706 3682 4760 abun-

2095 4803 2288 4868 dabat,
2336 4800 2402 4854 ad
2453 4808 2665 4854 sanctos
2704 4798 3090 4869 Jerosolymam
3141 4798 3438 4853 habitantes
3483 4798 3681 4869 aliquid

2098 4896 2307 4950 mittere
2331 4891 2493 4962 (Ibid.
2523 4908 2572 4945 υ.
2594 4890 2683 4948 28.
2709 4890 2823 4960 9.9).
2852 4890 2992 4945 Ecce
3026 4899 3080 4945 et
3119 4890 3407 4945 secundam
3449 4890 3679 4960 dignita-

2101 4999 2229 5054 tem,
2258 4987 2310 5041 in
2342 4987 2481 5041 tame
2506 4985 2805 5040 caritatem.
2838 4983 2953 5038 Non
2983 4984 3248 5039 contraxit
3270 4983 3415 5054 ipsos
3440 4992 3675 5053 tempus,

2099 5098 2199 5137 nec
2244 5081 2516 5151 segniores
2567 5078 2799 5134 reddidit
2843 5077 3158 5133 calamitatis
3201 5077 3559 5148 exspectatio;
3590 5082 3685 5132 sed

2100 5174 2312 5246 quando
2336 5172 2427 5230 alii
2456 5171 2625 5227 aliena
2654 5171 2928 5240 colligunt,
2957 5178 3082 5225 tunc
3122 5169 3198 5225 illi
3223 5182 3319 5224 sua
3347 5168 3681 5237 emittebant,

2167 5375 2184 5406 ι
2219 5371 2412 5431 Quidam
2431 5369 2527 5430 alii,
2559 5367 2716 5431 verbo.
2741 5381 2845 5431 pro.
2871 5367 3047 5431 specie.

2169 5428 2248 5497 (a)‘
2275 5428 2531 5497 Translata:
2542 5428 2769 5479 nimirum
2800 5430 2999 5497 fuerunt
3017 5430 3128 5497 jura
3144 5437 3205 5497 _et
3224 5428 3480 5497 privilegia
3503 5435 3683 5497 metr‘o-

2104 5487 2362 5557 poleesad
2398 5493 2790 5557 Laodica'eamtut
2807 5490 2963 5557 refert
2986 5487 3347 5557 fflieodoretus,
3378 5487 3425 5557 l.‘
3443 5491 3492 5546 5,
3517 5502 3559 5538 c.
3589 5487 3682 5557 I9_:

2112 5549 2135 5607 ὶ
2160 5556 2414 5624 Privilegia
2448 5555 2630 5624 civitati
2666 5549 2865 5624 ademit,
2888 5555 3104 5624 urbique
3128 5554 3307 5624 vicinas
3322 5553 3577 5624 primatum
3607 5549 3693 5621 tri-

2109 5623 2231 5696 buit,
2253 5612 2430 5728 putans
2441 5616 2537 5689 hoc
2549 5615 2629 5689 illi
2645 5612 2859 5689 maxime
2872 5612 3033 5689 dolori
3041 5616 3272 5689 futurum.
3294 5612 3541 5663 invidebat
3558 5612 3687 5661 enim

2109 5696 2199 5728 tam
2223 5695 2252 5728 ο
2273 5694 2334 5728 im
2352 5678 2606 5728 Antiochiae
2628 5677 2879 5728 Laodicea.
2907 5693 2929 5724 ι
2961 5676 3077 5727 Vide
3095 5684 3127 5727 t.
3146 5678 3188 5726 I.
3212 5682 3359 5724 \ttam
3380 5674 3687 5728 Chryaostmi

2101 5686 2199 5747 jam
2223 5674 2334 5731 olim
2352 5674 2606 5747 Antiochia:
2628 5677 2879 5747 gagdicaea.
2907 5693 2929 5724 ι
2961 5676 3077 5727 Vide
3095 5684 3127 5727 t.
3146 5678 3188 5726 I.
3212 5678 3359 5724 vitam
3380 5674 3688 5741 Chrysostnni

2110 5738 2335 5804 hostiam,
2350 5740 2407 5790 ad
2433 5752 2608 5789 artuum
2629 5738 2737 5791 387.
