3912 6230
105 283 224 341 175

101 402 290 455 λεσαν
321 397 420 453 τὸν
454 393 818 468 βασιλέα,’καί
839 397 942 469 τῆς
969 395 1206 469 κρίσεως
1234 400 1565 472 ἀνέμνησαν,
1587 400 1682 454 καὶ
1703 399 1804 463 τὰς

102 487 342 542 ἑαυτῶν
374 485 584 555 ἔφασαν
603 485 900 555 ὐποθήσειν
923 485 1187 555 κεφαλὰς,
1215 489 1264 542 εί
1294 487 1368 559 μὴ
1390 488 1549 541 τοῦτο
1567 487 1799 557 γένοιτο.

103 575 231 629 Καὶ
268 573 484 637 ταύτας
522 574 573 626 οἰ
597 572 910 637 δικάζοντες
934 573 1021 627 διὰ
1050 575 1395 647 γραμμάτων
1423 574 1679 639 λαϐόντες
1705 575 1803 639 τάς

104 663 338 731 φωνὰς,
372 662 636 733 ἀπῆλθον,
686 661 715 714 ὃ
759 662 960 725 παντὸς
990 663 1255 733 στεφάνου
1289 663 1668 735 λαμπρότερον
1705 664 1803 735 τὴν

107 750 411 820 ἡμετέραν
438 750 705 820 κοσμήσει
737 749 910 802 πόλιν.
945 751 1053 802 Καὶ
1092 750 1186 804 νῦν
1212 750 1280 803 τά
1308 750 1541 804 ἐνταῦθα
1573 767 1803 822 γεγενη-

112 838 272 907 μένα
319 832 616 891 ἀκούσεται
657 837 754 908 μὲν
806 836 1077 906 βασιλεὺς,
1109 837 1397 891 ἀκούσεται
1426 838 1482 891 δέ
1515 838 1609 891 καὶ
1637 839 1670 909 ἡ
1706 855 1804 907 με-

106 926 268 995 γάλη
302 924 484 989 πόλις,
514 923 805 978 ἀκούσεται
838 924 894 977 δέ
928 927 1075 978 πᾶσα
1104 928 1136 992 ή
1168 925 1480 995 οἰκουμένη,
1521 925 1603 978 ὅτι
1630 924 1808 978 τοιοῦ-

108 1030 201 1065 τοι
234 1011 343 1082 τὴν
378 1012 701 1082 ’Λντιοχέων
736 1012 890 1065 πόλιν
929 1012 1138 1066 οἰκοῦσι
1171 1014 1415 1083 μοναχοὶ,
1451 1014 1528 1075 ὡς
1569 1014 1802 1066 ἀποστο-

110 1100 288 1171 λικὴν
311 1099 686 1166 ἐπιδείξασθαι
705 1100 1019 1171 παρρησίαν
1041 1116 1056 1131 ’
1085 1100 1180 1153 καὶ
1202 1099 1310 1152 τῶν
1339 1099 1684 1171 γραμμάτων
1709 1099 1804 1153 νῦν

109 1187 694 1259 ἀναγιγνωσκομένων
734 1189 791 1241 ἐν
837 1187 917 1258 τῷ
966 1187 1334 1258 στρατοπέδῳ,
1385 1187 1585 1249 πάντες
1625 1185 1804 1239 αὐτῶν

111 1277 223 1330 θαυ
235 1277 509 1348 μάσονται
529 1275 628 1347 τὴν
666 1275 1092 1347 μεγαλοψυχίαν,
1123 1275 1323 1338 πάντες
1346 1273 1444 1346 τὴν
1475 1274 1627 1328 πόλιν
1650 1273 1804 1345 ἡμῶν

116 1364 490 1437 μακαριοῦσι,
514 1364 610 1418 καὶ
630 1363 728 1435 τὴν
752 1363 995 1435 πονηρὰν
1018 1361 1473 1434 ἀποκρουσάμεθα
1499 1361 1656 1425 δόξαν
1672 1378 1686 1392 ·
1711 1363 1805 1416 καὶ

111 1453 372 1505 εἴσονται
400 1451 624 1515 πάντες,
647 1452 722 1515 ώς
752 1451 821 1505 τὰ
853 1450 1198 1520 γεγενημένα
1224 1450 1286 1503 οὐ
1315 1448 1422 1502 τῶν
1452 1449 1805 1503 ἐνοικούντων

109 1540 221 1610 τὴν
256 1539 418 1591 πόλιν
447 1535 536 1610 ἦν,
572 1538 687 1592 ἀλλ’
704 1538 1007 1610 ἀνθρώπων
1045 1537 1212 1602 ξένων
1244 1538 1338 1590 καὶ
1366 1536 1803 1608 διεφθαρμένων,

113 1628 219 1680 καὶ
248 1627 339 1679 ὅτι
378 1627 535 1697 ἰκανὴ
574 1625 670 1680 τοῦ
701 1626 801 1696 τῆς
862 1624 1072 1688 πόλεως
1112 1624 1278 1696 ἤθους
1319 1624 1590 1689 ἀπόδειξις
1625 1627 1658 1696 ἡ
1696 1623 1804 1679 τῶν

116 1714 389 1786 μοναχῶν
413 1714 565 1767 ἔσται
601 1712 900 1785 μαρτυρία.
942 1712 1034 1784 Μὴ
1067 1713 1248 1766 τοίνυν
1282 1711 1554 1782 ἀλύωμεν,
1587 1713 1807 1782 ἀγαπη-

110 1805 228 1869 τοὶ,
261 1802 405 1857 ἀλλὰ
433 1803 676 1874 χρηστάς
705 1800 1094 1871 προσδοκῶμεν
1122 1799 1362 1862 ἐλπίδας.
1387 1800 1450 1852 Εἰ
1470 1799 1577 1870 γὰρ
1601 1802 1634 1870 ἡ
1667 1799 1804 1870 πρὸς

112 1890 455 1963 ἀνθρώπους
484 1891 767 1963 παρρησία
794 1888 1048 1942 τοσοῦτον
1071 1889 1257 1958 ἴσχυσε
1288 1886 1530 1940 κωλῦσαι
1555 1886 1743 1951 δεινὸν,
1769 1888 1801 1957 ὴ

114 1980 264 2052 πρὸς
310 1979 438 2031 τὸν·
474 1979 607 2032 Θεὸν
656 1976 836 2031 αὐτῶν
888 1977 1169 2049 παρρησία
1213 1975 1268 2029 τί
1313 1976 1412 2027 οὐκ
1473 1973 1798 2045 ἐργάσεται;

112 2068 316 2121 Ταῦτα
349 2067 441 2120 καὶ
466 2066 604 2136 πρὸς
632 2065 900 2135 ’Έλληνας
918 2064 1189 2133 λέγωμεν,
1220 2063 1348 2118 ὅταν
1368 2061 1638 2133 τολμῶσιν
1664 2062 1802 2132 ὑπὲρ

114 2155 436 2225 φιλοσόφων
472 2157 607 2226 ἡμῖν
635 2152 1000 2221 διαλέγεσθαι.
1019 2151 1154 2205 Ἀπὸ
1182 2151 1291 2204 τῶν
1324 2149 1421 2203 νῦν
1455 2148 1695 2221 εὔδηλον,
1720 2150 1800 2202 δτι

113 2244 219 2296 καὶ
256 2244 327 2296 τὰ
353 2241 595 2313 πρότερα
619 2236 688 2312 ἦν
714 2240 885 2311 ψευδῆ
914 2239 984 2293 τά
1010 2239 1140 2311 παρ’
1168 2239 1424 2301 ἐκείνοις·
1454 2238 1561 2291 ἀπὸ
1589 2237 1797 2290 τούτων

111 2330 307 2401 δῆλον,
334 2331 416 2383 ὅτι
463 2330 557 2383 καὶ
588 2328 658 2381 τὰ
698 2327 938 2399 πρότερα
981 2322 1049 2396 ἦν
1090 2325 1268 2397 ἀληθῆ
1294 2324 1362 2378 τὰ
1389 2324 1521 2395 παρ’
1550 2326 1702 2396 ἡμῖν,
1731 2324 1800 2378 τά

114 2418 254 2489 περὶ
292 2417 538 2471 Ἰωάννου
573 2416 669 2470 καὶ
698 2415 914 2469 Παύλου
947 2415 1041 2468 καὶ
1082 2414 1292 2484 Πέτρου
1329 2413 1426 2467 καὶ
1470 2412 1578 2465 τῶν
1623 2412 1799 2466 ἄλλων

110 2509 401 2560 ἀπάντων.
422 2504 638 2576 Ἐπειδὴ
658 2504 769 2575 γάρ
795 2502 895 2574 τὴν
919 2501 1145 2556 ἐκείνων
1167 2500 1450 2554 εὐσέϐειαν
1474 2499 1795 2567 διεδέξαντο,

112 2594 208 2648 διὰ
230 2593 394 2647 τοῦτο
421 2593 516 2646 καὶ¹
542 2592 639 2663 τὴν
667 2591 847 2646 αὐτῶν
870 2588 1183 2661 παρρησίαν
1212 2586 1582 2652 ἐπεδείξαντο·
1608 2586 1796 2657 ἐπειδὴ

114 2686 237 2746 τοῖς
265 2684 453 2745 αὐτοῖς
480 2682 670 2751 νόμοις
701 2679 1039 2753 ἐτράφησαν,
1067 2677 1155 2730 διά
1182 2675 1342 2729 τοῦτο
1364 2675 1456 2728 καὶ
1494 2675 1591 2746 τὴν
1616 2674 1795 2729 αὐτῶν

112 2769 326 2840 ἀρετὴν
353 2768 826 2840 ἐζήλωσαν.Ὤστε
851 2766 913 2819 οὐ
939 2764 1099 2837 χρεία
1121 2762 1467 2835 γραμμάτων
1498 2763 1630 2833 ἡμῖν
1655 2762 1796 2833 ὑπὲρ

111 2857 215 2911 τοῦ
245 2858 418 2926 δεῖξαι
435 2858 536 2930 τὴν
563 2856 924 2925 ἀποστολικὴν
949 2853 1170 2926 ἀρετὴν,
1200 2852 1309 2904 τῶν
1332 2851 1671 2921 πραγμάτων
1691 2851 1793 2903 αὐ-

113 2945 228 2999 τῶν
273 2945 543 3015 βοώντων,
574 2945 669 2999 καὶ
711 2942 820 2997 τῶν
857 2940 1117 3012 μαθητῶν
1161 2939 1285 3002 τοὺς
1315 2937 1666 3001 διδασκάλους
1710 2938 1796 2989 ἐν·

112 3034 449 3087 δεικνύντων
468 3050 482 3063 ·
516 3032 578 3086 οὐ
610 3031 771 3103 χρεία
792 3029 967 3097 λόγων
996 3029 1149 3100 ἡμῖν,
1184 3025 1326 3079 ὥστε
1346 3024 1439 3077 τὸν
1464 3024 1572 3077 τῶν
1607 3023 1795 3095 Ἐλλή-

114 3138 227 3175 νων
273 3120 445 3185 δείξαι
491 3119 655 3191 λῆρον
684 3117 781 3171 καὶ
808 3117 906 3186 τὴν
953 3115 1062 3169 τῶν
1110 3113 1241 3184 παρ’
1274 3112 1459 3175 αὐτοῖς
1490 3111 1795 3180 φιλοσόφων

118 3207 517 3280 μικροψυχίαν,
534 3205 644 3261 τῶν
660 3203 1007 3276 πραγμάτων
1035 3199 1216 3255 αὐτῶν
1243 3197 1489 3269 βοώντων
1511 3197 1618 3252 τῶν
1639 3195 1791 3271 [175]

116 3297 216 3351 νῦν
248 3297 345 3349 καὶ
374 3294 482 3348 τῶν
514 3293 820 3365 προτέρων,
856 3289 932 3354 ὡς
965 3288 1180 3344 ἅπαντα
1210 3286 1279 3341 τά
1309 3288 1440 3357 παρ’
1466 3287 1650 3349 αὐτοῖς
1692 3285 1795 3356 μῦ-

117 3386 215 3449 θος
261 3384 357 3438 καὶ
401 3383 573 3453 σκηνὴ
604 3381 701 3434 καὶ
727 3378 1039 3448 ὑπόκρισις.
1071 3376 1184 3445 οὐχ
1208 3377 1255 3428 οί
1289 3373 1513 3445 μοναχοί
1541 3371 1599 3427 δὲ
1633 3373 1791 3443 μόνον

116 3473 257 3528 ἀλλὰ
287 3471 381 3525 καὶ
407 3473 455 3523 οί
488 3471 653 3541 ἱερεῖς
675 3467 775 3539 τὴν
795 3466 963 3535 αὐτὴν
991 3462 1336 3528 ἐπεδείξαντο
1360 3460 1785 3532 μεγαλοψυχίαν,

116 3561 217 3615 καὶ
249 3560 351 3630 τὴν
380 3556 658 3629 ἡμετέραν
690 3553 1030 3623 διενείμαντο
1065 3550 1359 3621 σωτηρίαν.
1393 3548 1501 3602 Καὶ
1524 3550 1553 3602 ὁ
1583 3546 1681 3619 μέν
1709 3548 1791 3611 εἰς

116 3649 180 3701 τὸ
210 3645 568 3719 στρατόπεδον
593 3643 795 3712 ἀπῆρε,
827 3640 1005 3695 πάντα
1030 3638 1257 3713 δεύτερα
1284 3637 1509 3708 θέμενος
1533 3636 1634 3706 τῆς
1656 3637 1789 3706 ὐμε-

115 3737 286 3808 τέρας
310 3735 549 3803 ἀγάπης,
582 3733 677 3786 καὶ
700 3731 863 3793 αὐτὸς
892 3729 1111 3799 ἕτοιμος
1144 3726 1241 3794 ὢν,
1279 3729 1328 3780 εί
1362 3727 1434 3797 μὴ
1464 3725 1670 3778 πείσειε
1696 3725 1787 3780 τὸν

119 3822 369 3896 βασιλέα,
405 3820 726 3875 ἀποθανεῖν·
759 3812 903 3872 οὗτοι
926 3817 983 3870 δὲ
1004 3814 1240 3869 ἐνταῦθα
1270 3814 1571 3885 μείναντες,
1600 3814 1695 3867 καὶ
1720 3813 1787 3867 τά

115 3912 258 3965 αὐτὰ
296 3912 410 3972 τοῖς
454 3908 707 3978 μοναχοῖς
735 3903 1153 3974 ἐπιδειξάμενοι,
1182 3905 1301 3965 ταῖς
1347 3902 1578 3965 οἰκείαις
1630 3903 1787 3973 χερσὶ

116 4002 244 4063 τοὶ-ς
275 3997 594 4061 δικάζοντας
628 3993 948 4061 κατέχοντες
981 3991 1081 4043 οὐκ
1112 3990 1411 4059 ἐπέτρεπον
1430 4000 1456 4029 α
1502 3989 1783 4053 εἰσελθεῖν,

116 4088 248 4158 πρὶν
267 4086 302 4156 ἦ
329 4082 572 4155 περὶτοῦ
598 4080 783 4144 τέλους
816 4077 1148 4148 ὑποσχέσθαι
1168 4077 1269 4147 τῆς
1292 4077 1448 4147 δίκης
1463 4094 1476 4107 ·
1505 4078 1600 4129 καὶ
1621 4078 1785 4147 ἡνίκα

121 4176 219 4246 μὲν
249 4170 435 4244 ἐώρων
466 4169 847 4231 ἀνανεύοντας,
871 4166 1038 4237 πολλῇ
1064 4169 1131 4237 τῇ
1161 4165 1444 4237 παρρησίᾳ.
1471 4165 1565 4217 καὶ
1585 4166 1738 4217 αὐτοὶ
1756 4166 1783 4206 b

120 4261 280 4316 πάλιν
310 4259 610 4329 ἐκέχρηντο
632 4273 645 4287 ο
679 4255 868 4325 ἐπειδὴ
895 4253 951 4306 δὲ
981 4249 1119 4307 εἶδον
1145 4252 1557 4316 ἐπινεύσαντας,
1606 4253 1785 4307 ποδῶν

119 4350 385 4420 ἁψάμενοι
432 4347 528 4399 καὶ
575 4344 838 4414 γονάτων,
895 4342 989 4396 καὶ
1043 4344 1232 4414 χεῖρας
1276 4341 1745 4413 καταφιλήσαντες
1768 4384 1782 4407 ,

118 4436 382 4507 ἑκατέραν
408 4432 507 4504 τὴν
543 4430 744 4503 ἀρετὴν
774 4429 892 4501 μεθ’
928 4429 1235 4501 ὑπερϐολῆς
1283 4428 1645 4495 ἐπεδείξαντο,
1685 4431 1782 4501 τήν

116 4544 176 4580 τε
205 4522 542 4593 ἐλευθερίαν,
577 4523 675 4592 τήν
700 4537 761 4573 τε
791 4519 1248 4573 ἐπιείκειαν.”υτι
1280 4519 1378 4589 μὲν
1411 4518 1520 4588 γὰρ
1566 4520 1666 4573 οὐκ
1714 4516 1782 4590 ἦν

116 4613 448 4687 θρασύτητος
481 4613 517 4682 ὴ
550 4609 851 4684 παρρησία,
898 4609 976 4681 τῷ
1027 4608 1395 4679 καταφιλῆσαι
1441 4609 1644 4677 γόνατα
1685 4609 1780 4661 καὶ

115 4703 288 4758 ποδῶν
320 4700 559 4770 ἅψασθαι
594 4699 828 4771 μάλιστα
856 4698 1063 4765 ἔδειξαν
1083 4714 1098 4729 ·
1131 4697 1291 4752 πάλιν
1316 4696 1398 4750 ὅτι
1418 4695 1591 4749 ταῦτα
1619 4696 1778 4750 κολα-

114 4811 129 4843 :
159 4792 234 4846 ’ία
261 4792 361 4844 οὐκ
390 4785 482 4860 ἦν,
511 4789 634 4841 οὐδὲ
666 4787 1061 4858 δουλοπρέπειά
1092 4804 1196 4850 τις,
1236 4785 1358 4838 οὐδέ
1396 4785 1454 4852 ἐξ
1496 4784 1779 4839 ἀνελευθέ-

115 4898 206 4951 ρυ
239 4878 466 4949 γνώμης
498 4876 727 4945 ἐγίνετο,
758 4873 829 4928 τὰ
872 4874 1156 4945 φθάσαντα
1184 4872 1568 4944 ἐμαρτύρησεν
1598 4873 1779 4931 αὐτῶν

113 4968 205 5039 τὴν
235 4965 568 5037 παρρησίαν.
601 4966 674 5018 Οὐ
701 4963 876 5017 ταῦτα
907 4963 963 5015 δὲ
997 4963 1156 5033 μόνον
1182 4962 1291 5014 ἀπὸ
1328 4960 1423 5014 τοῦ
1465 4962 1774 5033 πειρασμοῦ

112 5057 177 5111 τὰ
204 5053 345 5108 καλά
372 5051 837 5122 ἐκαρπωσάμεθα,
879 5050 1013 5104 ἀλλά
1044 5050 1139 5103 καὶ
1163 5049 1365 5120 πολλὴν
1395 5048 1772 5122 σωφροσύνην,

114 5144 308 5212 πολλὴν
338 5140 639 5193 ἐπιείκειαν
665 5157 679 5173 ο
725 5140 822 5193 καὶ
867 5141 1231 5210 μοναστήριον
1261 5138 1396 5207 ἡμῖν
1438 5138 1471 5207 ἡ
1503 5137 1657 5202 πόλις
1687 5139 1773 5204 ἐξ·

1117 282 1210 336 AD
1246 282 1575 341 POPULUM
1612 279 2111 341 ANTIOCHENUM
2182 283 2417 343 HOMIL.
2456 284 2622 344 XVII.

3469 292 3573 350 ΠΟ

1915 400 2011 470 μὲν
2037 395 2129 455 οῦν
2160 402 2416 474 φορτικὰ,
2446 402 2582 457 ἀλλὰ
2599 403 2692 457 καὶ⁵
2716 402 2853 456 αὐτά
2882 403 3017 457 πολύ
3047 400 3108 457 τδ
3130 402 3323 476 κέρδος
3354 405 3571 477 ῆνεγκε.

1911 486 1978 539 Τί
2014 486 2122 560 γὰρ
2149 489 2403 560 ἐπαχθὲς,
2433 489 2555 543 εἰπέ
2593 500 2704 559 μοι,
2740 487 2848 543 τῶν
2879 489 3217 561 γενομένων;
3247 491 3329 545 δτι
3359 491 3458 564 τὴν
3482 492 3578 566 ὁρ-

1910 575 2151 646 χήστραν
2176 577 2500 648 άνέφραξεν,
2536 578 2618 630 ὅτι
2649 577 2741 631 τὸν
2782 577 3112 649 ἱππόδρομον
3146 577 3344 632 ἄϐατον
3384 579 3575 654 ἐποίηο

1911 677 2020 724 σεν,
2062 663 2143 715 ὅτι
2186 663 2284 727 τὰς
2320 664 2420 734 τῆς
2469 663 2732 735 πονηρίας
2777 662 2960 735 πηγὰς
2986 663 3275 719 ἀπέκλεισε
3309 665 3404 720 καὶ
3441 684 3577 722 κατ·-

1910 746 2114 818 έχωσε;
2161 750 2312 819 Μηδὲ
2357 751 2669 821 ἀνοιχθῆναι
2715 753 2811 822 μέν
2839 748 2931 806 οῦν
2959 752 3045 823 εἴη
3075 752 3250 807 ταῦτά
3294 756 3578 809 ποτε.Ἐν-

1909 836 2097 891 τεῦθεν
2121 839 2177 892 αἱ
2212 837 2358 908 ῥίζαι
2389 839 2490 909 τῆς
2515 838 2781 911 πονηρίας
2827 839 3166 913 ἐϐλάστησαν
3197 844 3263 913 τῇ
3287 842 3459 907 πόλει,
3492 843 3579 898 ἐν-

1917 921 2098 977 τεῦθεν
2127 924 2175 976 οἰ
2203 920 2413 996 τὸῆοος
2436 925 2605 995 αὐτῆς
2631 926 3005 992 διαϐάλλοντές
3034 930 3189 995 εἰσιν,
3207 930 3256 982 οἰ
3277 929 3376 994 τὰς
3398 928 3576 984 αὐτῶν

1911 1011 2094 1080 φωνάς
2123 1016 2235 1077 τοῖς
2267 1013 2618 1085 ὀρχουμένοις
2666 1016 2990 1083 πωλοῦντες,
3026 1018 3121 1071 καὶ
3158 1017 3327 1090 τριῶν
3373 1016 3577 1072 ὀϐολῶν

1909 1101 2006 1172 τὴν
2040 1102 2247 1156 ἐαυτῶν
2282 1103 2673 1174 προπίνοντεςδ
2718 1106 2947 1170 ἐκείνοις
2979 1108 3273 1179 σωτηρίαν,
3314 1109 3365 1161 οἰ
3398 1108 3576 1164 πάντα

1910 1185 2022 1240 ἄνω
2049 1189 2143 1241 καί⁵
2180 1189 2330 1243 κάτω
2358 1190 2655 1255 κινοῦντες.
2686 1192 2785 1245 Διά
2812 1193 2985 1247 ταῦτα
3011 1193 3321 1264 ἀσχάλλεις,
3356 1196 3575 1269 ἀγαπη-

1908 1272 2004 1338 τέ;
2036 1274 2134 1327 Διά
2180 1275 2352 1329 ταῦτα
2383 1276 2483 1348 μὲν
2514 1273 2607 1332 οῦν
2637 1280 2731 1333 καί
2768 1280 2979 1351 χαίρειν
3006 1281 3132 1352 χρὴ,
3168 1282 3260 1335 καὶ
3289 1282 3576 1354 εὐφραίνε-

1913 1358 2056 1425 σθαι,
2092 1362 2186 1414 καὶ
2229 1363 2460 1433 χάριτας
2504 1364 2788 1435 ὁμολογεῖν
2811 1366 2887 1438 τῷ
2925 1367 3151 1438 βασιλεῖ,
3182 1368 3263 1421 ὅτι
3292 1369 3325 1439 ἡ
3356 1368 3579 1430 κόλασις

1909 1447 2076 1501 αὐτοῦ
2109 1448 2393 1522 διόρθωσις
2442 1452 2653 1521 γέγονε,
2699 1454 2795 1508 καὶ
2840 1458 2873 1527 ὴ
2921 1456 3161 1528 τιμωρία
3207 1456 3574 1527 παιδαγωγία,

1910 1534 2005 1587 καὶ
2041 1537 2073 1606 ἡ
2109 1536 2247 1609 ὀργὴ
2281 1537 2776 1594 διδασκαλία.Ἀλλ“
2798 1542 2972 1596 ὅτιτά
3002 1542 3254 1614 βαλανεῖα
3285 1545 3418 1615 ἡμῖν
3444 1546 3581 1598 ἀπο-

1910 1621 2256 1692 κέκλεισται;
2317 1626 2459 1679 Ἀλλ’
2484 1628 2606 1681 οὐδέ
2655 1627 2813 1681 τοῦτο
2855 1630 3146 1701 ἀφόρητον,
3199 1633 3293 1685 καὶ
3346 1632 3578 1695 ἄκοντας

1908 1709 2034 1771 τοὺς
2063 1709 2151 1762 τὸν
2187 1710 2353 1782 ἀϐρὸν
2374 1715 2470 1765 καὶ
2497 1714 2691 1783 χαῦνον
2714 1725 2737 1753 θ
2768 1714 2863 1768 καὶ
2892 1715 3271 1788 διαλελυμένον
3303 1716 3417 1788 βίον
3441 1716 3579 1782 ζῶν-

1908 1810 2007 1857 τας
2030 1794 2163 1866 πρὸς
2191 1795 2292 1868 τὴν
2313 1798 2625 1869 φιλοσοφίαν
2653 1802 3015 1871 ἐπαναγαγεῖν
3042 1801 3083 1855 τ.
3126 1801 3263 1855 Ἀλλ’
3285 1803 3367 1856 δτι
3391 1802 3452 1855 τὸ
3477 1802 3577 1873 τῆς

1908 1882 2116 1946 πόλεως
2145 1885 2332 1952 ἀφεῖλε
2362 1886 2600 1958 ἀξίωμα,
2632 1889 2727 1941 καὶ
2748 1890 2927 1944 οὐκέτι
2955 1889 3235 1963 καλεῖσθαι
3265 1888 3435 1960 αὐτὴν
3469 1905 3577 1961 μη-

1907 1969 2161 2040 τρόπολιν
2191 1971 2403 2037 εἴασεν;
2451 1974 2611 2029 Ἀλλά
2641 1976 2694 2028 τί
2723 1977 2945 2047 ποιῆσαι
2966 1977 3166 2048 ἐχρῆν;
3208 1976 3489 2030 ἐπαινέσαι
3507 1976 3576 2030 τά

1907 2058 2273 2127 γεγενημένα,
2312 2060 2407 2113 καὶ
2433 2062 2595 2133 χάριν
2627 2064 2961 2134 ὁμολογῆσαι
2982 2083 2995 2131 ;
3032 2064 3140 2116 Καὶ
3160 2062 3243 2126 τίς
3268 2063 3367 2116 οὐκ
3386 2062 3452 2117 ἂν
3474 2065 3575 2116 αὐ-

1906 2143 1996 2196 τὸν
2030 2145 2334 2215 ἐμέμψατο,
2356 2148 2436 2201 ὃτι
2457 2150 2576 2203 οὐδὲ
2603 2152 2763 2223 μέχρι
2793 2154 3069 2223 σχήματος
3100 2150 3411 2218 ἐπεδείξατο
3430 2150 3529 2222 τὴν
3549 2155 3574 2192 3

1905 2231 2316 2304 ἀγανάκτησιν;
2358 2235 2471 2307 Οὐχ
2517 2239 2650 2308 ὁρᾷς
2683 2241 2810 2303 τοὺς
2841 2239 3105 2310 πατέρας,
3144 2239 3225 2293 ὅτι
3260 2237 3428 2291 πολλά
3465 2248 3593 2291 τοι-⁷

1905 2317 2045 2372 αῦτα
2074 2320 2318 2375 ποιοῦσιν
2340 2325 2421 2385 είς
2445 2326 2572 2389 τούς
2599 2326 2748 2390 υἰούς
2773 2326 2899 2390 τούς
2926 2326 3170 2394 ἐαυτῶνς
3205 2326 3574 2399 ἀποστρέφον-

1902 2424 2024 2471 ται,
2075 2409 2171 2461 καί
2226 2410 2508 2484 τραπέζης
2559 2412 2825 2483 εἴργουσι.
2874 2413 3044 2467 Τοῦτο
3103 2415 3196 2468 καί
3242 2416 3270 2468 ὁ
3320 2413 3573 2486 βασιλεὺς

1904 2496 2126 2568 ἐποίησε
2169 2498 2424 2564 τοιαύτας
2469 2500 2678 2565 ἐπιθεὶς
2706 2501 2993 2573 τιμωρίας,
3030 2501 3236 2574 βλάϐην
3281 2503 3381 2574 μὲν
3421 2502 3572 2556 οὐδεμ-

1907 2584 2035 2655 μίαν
2061 2586 2312 2656 ἐχούσας,
2347 2587 2550 2659 πολλὴν
2574 2588 2632 2641 δὲ
2659 2588 2933 2661 φερούσας
2961 2591 3059 2661 τὴν
3090 2589 3238 2664 [176]
3265 2590 3565 2663 διόρθωσιν.

1915 2671 2197 2743 Ἐννόησον
2239 2675 2363 2729 τίνα
2406 2676 2911 2748 προσεδοκήσαμεν,
2945 2678 3040 2732 καὶ
3075 2677 3197 2733 τίνα
3228 2679 3442 2748 γέγονε,
3476 2680 3571 2733 καὶ

1901 2758 2021 2813 τότε
2058 2760 2294 2830 μάλιστα
2328 2762 2587 2833 εἰσόμεθα
2618 2762 2714 2816 τοῦ
2745 2763 2880 2818 Θεοῦ
2911 2764 3009 2837 τὴν
3033 2764 3214 2836 χάριν.

1984 2848 2194 2916 Ἀλγεῖς
2233 2850 2315 2903 ὅτι
2360 2850 2420 2904 τὸ
2464 2851 2565 2923 τῆς
2592 2852 2798 2917 πόλεως
2830 2851 3050 2922 ἀξίωμα
3082 2851 3396 2929 ἀφῄρηταις
3432 2852 3591 2924 μάθῃς,

1901 2934 1954 2988 τί
1983 2937 2113 2989 ποτέ
2147 2939 2263 2990 ἐστι
2291 2940 2388 3009 τῆς
2429 2939 2638 3003 πόλεως
2667 2940 2904 3011 ἀξίωμα,
2942 2941 3035 2993 καὶ
3060 2943 3180 2994 τότε
3209 2941 3331 3010 είσῃ
3358 2939 3565 3009 σαφῶς,

1899 3026 1980 3079 δτι
2027 3026 2122 3080 ἐὰν
2172 3028 2223 3080 οἰ
2265 3026 2539 3093 οἰκοῦντες
2576 3029 2705 3082 αὐτὸ
2739 3028 2814 3101 μὴ
2849 3028 3137 3100 προδῶσιν,
3170 3018 3342 3093 οὐδεὶς
3382 3022 3568 3102 ἐτι-ἦρος

1898 3113 2194 3181 ἀφελέσθαι
2227 3115 2513 3187 δυνήσεται
2547 3116 2765 3187 ἀξίωμα
2797 3116 3023 3181 πόλεως.
3058 3118 3131 3170 Οὐ
3160 3117 3264 3170 τὸιι
3294 3117 3571 3189 μητρόπο-

1898 3201 1981 3256 λιν
2012 3198 2173 3270 εἵναι,
2199 3203 2321 3256 οὐδέ
2348 3202 2408 3257 τὸ
2441 3203 2671 3275 μέγεθος
2696 3203 2840 3276 ἔχειν
2863 3205 2956 3259 καὶ
2981 3205 3179 3269 κάλλος
3204 3205 3568 3277 οἰκοδομημά-

1897 3307 2023 3353 των,
2052 3290 2174 3344 οὐδὲ
2200 3292 2260 3345 τὸ
2290 3290 2517 3355 πολλοὺς
2542 3291 2746 3357 κίονας,
2778 3293 2872 3346 καὶ
2899 3292 3059 3357 στοάς
3087 3292 3301 3364 εὐρείας
3340 3291 3433 3346 καὶ
3471 3308 3570 3346 πε-

1900 3378 2183 3449 ριπάτους,
2234 3379 2355 3433 οὐδὲ
2399 3379 2461 3432 τὺ
2493 3378 2599 3451 πρὸ
2642 3379 2751 3434 τῶν
2791 3379 2965 3435 ἄλλων
2996 3368 3427 3453 ἀναγορεύεσθαι
3467 3380 3567 3450 πό-

1897 3466 2053 3529 λεων,
2081 3467 2249 3539 ἀλλ’ή
2278 3467 2387 3522 τῶν
2417 3469 2770 3524 ἐνοικούντων
2798 3469 2969 3541 ἀρετὴ
2992 3471 3086 3523 καὶ
3107 3457 3567 3541 εὐσέϐεια,ντοῦτο

1896 3555 1990 3608 καὶ
2018 3553 2233 3626 ἀξίωμα
2264 3556 2358 3609 καὶ
2386 3556 2590 3628 κόσμος
2626 3557 2724 3611 καὶ
2746 3557 3016 3628 ἀσφάλεια
3046 3556 3270 3622 πόλεως,
3294 3557 3370 3621 ὡς
3395 3555 3462 3611 ἂν
3488 3555 3565 3629 μὴ

1893 3641 2053 3695 τοῦτο
2091 3638 2148 3713 ᾗ,
2178 3641 2400 3696 πάντων
2447 3644 2595 3697 ἐστὶν
2629 3643 3006 3716 εὐτελεστέρᾳ,
3047 3641 3147 3698 κᾶν
3181 3643 3379 3715 μυρίας
3413 3641 3567 3714 παρά

1896 3728 2199 3799 βασιλέωνὶ
2237 3730 2485 3805 ἀπολαύῃ
2512 3732 2700 3803 τιμῆς.
2726 3731 2914 3785 Βούλει
2951 3731 3142 3803 μαθεῖν
3191 3748 3284 3785 σου
3328 3732 3429 3801 τῆς
3468 3731 3566 3784 πό-

1893 3817 2029 3882 λεως
2056 3818 2118 3871 τὸ
2142 3817 2357 3890 ἀξίωμα
2380 3837 2395 3886 ;
2430 3819 2607 3891 βούλει
2636 3820 2705 3873 τά
2734 3818 2938 3891 πάτρια
2964 3819 3134 3890 αὐτῆς
3157 3818 3388 3885 εἰδέναι;
3419 3819 3562 3887 Ἐγὼ

1890 3903 2064 3958 ταῦτα
2102 3905 2239 3975 μετὰ
2264 3906 2551 3977 ἀκριϐείας
2580 3906 2712 3977 ἐρῶ,
2754 3906 2853 3977 οὐχ
2875 3905 2963 3958 ἵνα
3014 3904 3192 3975 μάθῃς
3229 3905 3407 3974 μόνον,
3441 3904 3561 3958 ἀλλ’

1894 3993 1980 4046 ἵνα
2002 3993 2096 4046 καὶ
2127 3993 2396 4064 ζηλώσῃς.
2420 3994 2485 4046 Τί
2508 3995 2627 4046 ποτ’
2653 3989 2745 4047 οῦν
2776 3995 2891 4047 ἐστι
2921 3992 3021 4062 τῆς
3046 3991 3175 4063 παρ’
3196 3994 3330 4062 ἡμῖν
3351 3991 3561 4054 πόλεως

1891 4079 1951 4132 τὸ
1984 4080 2241 4149 ἀξίωμα;
2283 4079 2549 4150 Ἐγένετο
2581 4080 2818 4149 πρῶτον
2847 4080 2917 4134 ἐν
2953 4079 3272 4147 Ἀντιοχείᾳ
3295 4078 3436 4146 τοὺς
3452 4097 3562 4150 μα-

1892 4167 2073 4236 θητὰς
2099 4169 2462 4237 χρηματίσαι
2497 4169 2909 4237 Χριστιανούς.
2936 4164 3108 4219 Τοῦτο
3130 4166 3185 4219 δὲ
3206 4164 3429 4237 οὐδεμία
3450 4168 3558 4221 τῶν

1890 4256 2031 4310 κατά
2076 4256 2176 4327 τὴν
2221 4242 2545 4327 οἰκουμένην
2577 4255 2688 4327 ἔχει
2717 4255 2944 4317 πόλεων,
2963 4253 3071 4307 οὐδ’
3103 4255 3240 4326 αὐτὴ
3268 4255 3302 4326 ἡ
3342 4255 3557 4327 Ῥωμύ-

1888 4344 1982 4397 λου
2014 4344 2197 4407 πόλις·
2244 4344 2332 4397 διά
2362 4343 2520 4397 τοῦτο
2555 4343 2692 4415 πρὸς
2730 4343 2947 4396 ἃπασαν
2973 4341 3072 4413 τὴν
3101 4342 3424 4415 οἰκουμένην
3462 4343 3556 4396 ἀν-

1887 4432 2140 4502 τιϐλέψαι
2166 4431 2408 4497 δύναται,
2439 4431 2527 4485 διὰ
2556 4430 2617 4484 τὸ
2643 4428 2863 4501 φίλτρον
2896 4428 2958 4481 τὸ
2986 4428 3114 4499 περί¹
3159 4425 3254 4480 τὸν
3295 4428 3551 4498 Χριστὸν,

1885 4520 1976 4574 διά
2011 4522 2110 4592 τὴν
2147 4522 2481 4593 παρρησίαν,
2526 4519 2615 4574 διὰ
2654 4519 2752 4591 τὴν
2797 4518 3048 4589 ἀνδρείαν
3087 4516 3321 4589 ἐκείνην.
3365 4517 3553 4575 Βούλει

1886 4611 1981 4663 καὶ
2003 4610 2189 4682 ἕτερον
2221 4607 2452 4664 ἀκοῦσαι
2479 4609 2581 4680 τῆς
2606 4607 2814 4671 πόλεως
2841 4606 3058 4679 ἀξίωμα
3101 4604 3195 4659 καὶ
3240 4604 3548 4677 ἐγκώμιονς

1884 4697 2057 4768 Λιμός
2081 4713 2210 4750 ποτε
2235 4694 2616 4767 χαλεπώτατος
2644 4693 2867 4767 ἔμελλεν
2890 4692 3128 4757 ἔσεσθαι,
3164 4692 3258 4744 καὶ⁵
3288 4692 3337 4744 οἰ
3373 4708 3553 4747 κατοιι

1884 4783 2105 4847 κοῦντες
2162 4784 2222 4837 ἐν
2255 4783 2554 4855 Ἀντιοχείᾳ
2601 4781 2831 4853 ὥρισαν,
2882 4779 3065 4844 καθὼς
3108 4779 3402 4850 ηὐπορεῖτό
3445 4796 3549 4847 τις,

1883 4869 2096 4940 ⁸’πέμψαι
2124 4869 2260 4941 πρὸς
2290 4871 2416 4935 τοὺς
2442 4871 2629 4939 ἁγίους
2651 4869 2780 4932 τοὺς
2808 4866 3195 4929 κατοικοῦντας
3230 4867 3287 4919 ἐν
3323 4866 3551 4938 Ἰεροσο-

1887 4953 2091 5027 λύμοις.
2111 4956 2240 5011 ’1δού
2271 4956 2365 5010 καί
2395 4957 2646 5028 δεύτερον
2675 4954 2911 5026 ἀξίωμα,
2940 4956 2973 5026 ἡ
3012 4955 3070 5007 ἐν
3105 4951 3250 5024 λιμῷ
3290 4952 3551 5024 φιλοφρο-

1883 5043 2037 5115 σύνη.
2068 5044 2143 5096 Οὐ
2191 5043 2527 5098 συνέστειλεν
2555 5043 2753 5108 αὐτοὺς
2796 5044 2825 5096 ὁ
2853 5041 3063 5114 καιρὸς,
3094 5041 3216 5094 οὐδὲ
3256 5038 3549 5110 ὀκνηροτέ-

1883 5147 2008 5202 ρους
2032 5130 2284 5201 ἐποίησεν
2306 5133 2340 5203 ἡ
2364 5130 2464 5202 τῆς
2490 5132 2773 5203 συμφορᾶς
2797 5129 3091 5202 προσδοκία
3113 5147 3125 5158 ·
3161 5126 3276 5182 ἀλλ’
3298 5128 3385 5182 ὅτε
3408 5125 3542 5181 πάν-

114 5234 304 5303 αίφνης
331 5228 570 5298 ἐγένετο.
602 5228 716 5282 Οὐκ
749 5228 814 5282 ἄν
841 5244 926 5290 τις
961 5226 1129 5296 αὐτὴν
1157 5225 1328 5286 οὕτως
1360 5224 1686 5294 ἐκόσμησεν,
1723 5229 1769 5279 εἰ
1877 5236 1967 5281 τες
2015 5218 2082 5271 τά
2130 5218 2333 5289 ἐτέρων
2391 5218 2748 5289 συλλέγουσι,
2800 5217 2922 5272 τότε
2972 5214 3160 5271 αὐτοίἰ
3218 5214 3287 5270 τά
3333 5212 3543 5268 ἑαυτῶν

118 5319 335 5393 χρυσοῦς
366 5317 691 5388 ἀνδριάντας
721 5316 1015 5385 ἀνέστησεν
1036 5325 1059 5353 ο
1090 5314 1184 5366 ἐπὶ
1209 5313 1308 5381 τῆς
1330 5313 1557 5382 ἀγορᾶς,
1577 5312 1652 5375 ὡς
1674 5313 1769 5366 νῦν

120 5413 219 5462 ἐστι
254 5403 483 5477 λαμπρά
511 5405 606 5458 καὶ
644 5403 946 5474 περιφανὴς
1001 5402 1129 5464 τοὺς
1184 5399 1384 5462 καλοὺς
1426 5398 1527 5468 τῆς
1568 5399 1768 5469 ἀρετῆς

119 5493 421 5564 ἀνδριάντας
472 5490 888 5562 παρασχομένη,
930 5490 1026 5544 καὶ
1073 5488 1164 5542 τὸν
1205 5488 1405 5540 οἰκεῖον
1456 5484 1767 5552 ἐπιδείξασα

124 5598 343 5722 “iis:
367 5667 435 5721 τὰ
464 5667 616 5737 παρὰ
640 5664 735 5721 τοῦ
766 5664 1030 5737 βασιλέως
1065 5663 1262 5725 λυπεῖ·
1299 5662 1413 5723 ἀλλ’
1435 5661 1553 5723 οὐδὲ
1582 5662 1764 5724 ἐκεῖνα

177 5758 193 5777 ⁸
210 5754 303 5805 Ani
326 5764 377 5805 el
395 5756 543 5805 Savil.
569 5755 806 5817 κατεῖχον,
828 5754 916 5802 οὐκ
927 5754 1202 5817 ⁸ἐπιτριξποντ
1211 5770 1273 5809 ες.

163 5816 185 5853 b
210 5819 358 5867 Sam].
384 5825 438 5865 et.
469 5818 664 5877 quidam
685 5815 767 5867 alii
789 5818 872 5865 καὶ
895 5815 1043 5863 οὗτοι.

160 5894 175 5910 δ’
212 5880 306 5930 Alii
324 5881 541 5939 ιστησιν.

1936 5377 1961 5416 (1
1986 5377 2082 5441 Αιίὶ
2108 5376 2416 5441 προδιδόντες.

1930 5441 1959 5505 Ἀ
1974 5439 2067 5505 (Elii
2087 5435 2168 5505 τὸν
2196 5441 2336 5505 ὑγρὸν
2361 5441 2440 5488 καὶ
2462 5435 2654 5502 χαῦνον.

1940 5499 1959 5567 ς
1987 5502 2137 5567 sam.
2158 5499 2364 5567 ἀγαγεῖν.

1933 5566 1958 5628 β
1984 5566 2187 5628 Quidam
2201 5558 2289 5616 ἐιίι
2313 5560 2765 5628 μέχριερἡατος-ἐπ.
2791 5558 2913 5628 τιχά.

1932 5624 1959 5663 ιι
1979 5614 2076 5676 Rm
2097 5614 2600 5686 δυνῆὲτετοὶιίῖλὲίώὶια
2619 5614 2771 5686 τοίνυν
2790 5622 2988 5686 πόλεως,
3008 5616 3067 5665 οὐ
3097 5614 3173 5666 τό.

1937 5686 1954 5726 ί
1980 5673 2078 5737 Mi}
2103 5673 2373 5739 ἔιᾜὸτει.
2407 5673 2545 5751 πάρὸί
2573 5683 2823 5749 βασιλέως.
2868 5673 3021 5731 Paulo
3040 5685 3152 5742 post
3171 5673 3255 5725 alii
3277 5674 3435 5739 βούλει
3478 5684 3536 5729 τὰ

1868 5751 2085 5819 πατρῷες

1940 5799 2084 5861 ΥᾸΙίἱ
2107 5812 2214 5862 τότε
2238 5810 2420 5862 ἐκεῖνοι.
2447 5808 2574 5861 Infra
2593 5807 2677 5859 alii
2707 5801 2967 5860 Ἰονδαῖκάς
2987 5799 3313 5866 ἐπεισάγοντες
3332 5817 3547 5867 παρατηιρ

1877 5868 2046 5935 θήσεις.
