3920 6224
386 255 478 307 ΓΠ

382 375 650 447 προΐεντο,
685 372 805 444 οὐχὶ
832 374 946 437 τοῖς
962 399 967 403 ~
986 371 1217 444 παροῦσι
1247 369 1424 440 μόνον,
1449 366 1586 423 ἀλλά
1606 367 1698 421 καὶ
1725 367 1839 429 τοῖς
1862 365 2048 447 πόρρω

384 445 730 529 καθημένοις.
760 452 912 519 Εἶδες
940 452 1122 508 πίστιν
1150 453 1276 524 περὶ
1301 451 1390 503 τὸν
1417 450 1570 514 Θεὸν,
1593 449 1686 501 καὶ
1710 448 1931 516 ἀγάπην
1953 445 2049 517 τὴν

384 548 513 618 περὶ
530 544 619 599 τὸν
641 544 899 615 πλησίον;
932 542 1119 595 Βούλει
1149 540 1243 594 καὶ
1273 539 1459 609 ἕτερον
1496 537 1689 609 μαθεῖν
1719 535 1820 606 τῆς
1843 534 2050 598 πόλεως

383 635 588 707 ταύτης
619 632 868 704 ἀξίωμα;
914 628 1197 700 Κατῆλθόν
1224 644 1369 690 τινες
1407 626 1515 679 ἀπὸ
1543 625 1645 695 τῆς
1679 623 1938 686 Ἰουδαίας
1971 623 2050 686 εἰς

392 722 726 791 ⁴⁹Αντιόχειειν
773 716 1146 779 ἐπιθολοῦντες
1189 715 1249 769 τὸ
1294 716 1576 786 κήρυγμα,
1625 712 1721 766 καὶ¹
1758 708 2050 773 Ἰουδαῖκάς

387 808 811 881 παρεισάγοντες
855 805 1296 878 παρατηρήσεις·
1343 804 1442 856 οὐκ
1487 801 1725 874 ἤνεγκαν
1778 802 1902 871 σιγῇ
1950 797 2050 870 τὴν

388 892 736 962 καινοτομίαν
779 893 995 955 ἐκεῖνοι,
1030 891 1150 946 οὐδὲ
1175 890 1489 965 ἡσύχασαν·
1530 887 1665 943 ἀλλά
1706 885 2052 950 συνελθόντες

388 981 484 1032 καὶ
527 978 819 1048 ἐκκλησίαν
865 980 1189 1050 ποιήσαντες
1219 1021 1232 1041 ,
1278 981 1358 1044 είς
1408 976 1752 1051 Ἱεροσόλυμα
1798 975 2050 1047 ἔπεμψαν

388 1066 602 1122 Παῦλον
635 1067 729 1121 καὶ
755 1066 1060 1138 Βαρνάϐαν,
1091 1070 1184 1123 καὶ
1218 1065 1635 1139 παρεσκεύασαν
1661 1065 1787 1127 τοὺς
1817 1062 2051 1117 ἀποστό-

386 1155 512 1220 λους
552 1153 769 1226 καθαρὰ
811 1153 1077 1224 δόγματα,
1114 1155 1291 1226 πάσης
1325 1152 1622 1223 Ἰουδαϊκῆς
1654 1150 2048 1223 ἀπηλλαγμένα

384 1243 667 1305 ἀσθενείας
703 1283 717 1307 ,
771 1241 1045 1313 πανταχοῦ
1091 1239 1497 1312 διαπέμψασθαι
1551 1240 1650 1311 τῆς
1702 1240 2046 1309 οἰκουμένης.

385 1329 555 1383 Τοῦτο
584 1328 791 1393 πόλεως
819 1328 1058 1400 ἀξίωμα,
1088 1328 1247 1382 τοῦτο
1275 1328 1557 1400 προεδρία,
1586 1324 1745 1380 τοῦτο
1774 1324 2050 1397 μητρόπο-

383 1415 467 1471 λιν
507 1416 674 1486 αὐτὴν
709 1418 868 1482 ποιεῖ,
901 1417 1003 1470 οὐκ
1033 1416 1089 1470 ἐν
1126 1418 1192 1487 τῇ
1228 1418 1320 1488 γῇ,
1354 1414 1468 1470 ἀλλ’
1504 1415 1560 1467 ἐν
1593 1413 1670 1484 τῷ
1697 1413 1911 1484 οὐρανῷ
1931 1431 1943 1444 ·
1974 1413 2050 1477 ὡς

384 1504 443 1556 αἴ
482 1520 546 1572 γε
589 1503 744 1561 ἄλλαι
776 1504 946 1558 πᾶσαι
973 1505 1131 1574 τιμαὶ
1160 1503 1397 1574 φθαρταὶ
1429 1503 1522 1557 καὶ
1548 1502 1822 1573 ἐπίκηροι,
1853 1502 1947 1556 καὶ
1972 1501 2050 1573 τῷ

385 1592 610 1663 παρόντι
655 1590 1118 1660 συγκαταλύονται
1152 1591 1272 1657 ϐίω,
1298 1592 1559 1655 πολλάκις
1588 1592 1652 1669 1δέ
1690 1592 1784 1644 καὶ
1815 1591 1921 1663 πρὸ
1954 1591 2048 1645 τοῦ

384 1676 651 1747 παρόντος
680 1676 793 1747 βίου
820 1677 972 1742 τέλος
1000 1675 1352 1746 λαμϐάνουσι,
1389 1677 1641 1753 καθάπερ
1680 1673 1774 1731 οὖν
1818 1679 1912 1731 καὶ
1954 1676 2049 1732 νῦν

385 1763 594 1821 ἔλαϐον.
614 1765 767 1835 Ἑμοὶ
792 1765 946 1829 πόλις
977 1765 1051 1837 μὴ
1087 1767 1286 1836 ἔχουσα
1325 1764 1545 1828 πολίτας
1574 1764 1842 1835 θεοφιλεῖς
1870 1765 2050 1837 πάσης

386 1850 580 1922 κώμης
617 1853 765 1905 ἐστὶν
805 1851 1181 1927 εὐτελεστέρα,
1211 1854 1306 1907 καὶ
1336 1852 1603 1924 σπηλαίου
1638 1855 1837 1919 παντὸς
1861 1856 2052 1925 ἀτιμο-

385 1940 537 2013 τέρα.
573 1942 682 1994 Καὶ
708 1941 762 1994 τί
788 1940 929 2010 λέγω
954 1943 1082 2014 περὶ
1115 1942 1356 2007 πόλεως;
1383 1943 1498 1996 Ἵνα
1525 1943 1633 2014 γὰρ
1672 1943 1850 2016 μάθῃς
1890 1945 2049 2016 ἀκρι-

387 2027 518 2093 ϐῶς,
551 2028 633 2081 ὅτι
661 2029 828 2103 ἀρετὴ
861 2029 995 2100 μόνη
1031 2031 1224 2100 κοσμεῖ
1246 2031 1372 2094 τοὺς
1399 2031 1765 2095 ἐνοικοῦντας,
1792 2031 1944 2084 οὐδέν
1969 2049 2074 2102 σοι⁴

386 2113 529 2182 λέγω
558 2116 686 2187 περὶ
714 2115 938 2182 πόλεως,
958 2116 1073 2169 ἀλλ’
1089 2117 1117 2169 ὃ
1143 2116 1324 2187 πάσης
1346 2116 1554 2182 πόλεώς
1575 2120 1691 2171 ἐστι
1708 2119 2049 2190 σεμνότερον,

385 2201 478 2255 τὸν
521 2202 614 2255 τοῦ
645 2202 779 2256 Θεοῦ
809 2203 933 2257 ναὸν
967 2203 1057 2258 τὸν
1099 2206 1155 2258 ἐν
1189 2202 1577 2276 Ἱεροσολύμοις
1607 2207 1686 2270 εἰς
1710 2206 1875 2277 μέσον
1903 2209 2054 2276 ἐνεγ-

389 2288 503 2346 κὼν
546 2290 704 2344 τοῦτο
746 2291 1025 2358 ἀποδεῖξαι
1071 2294 1428 2366 πειράσομαι.
1476 2288 1642 2359 Οῦτος
1691 2295 1800 2366 γὰρ
1828 2297 1857 2349 ὀ
1905 2295 2049 2361 ναὸς,

388 2382 447 2433 ἐν
488 2369 532 2446 ᾧ
565 2378 744 2432 θυσίαι
769 2379 864 2433 καὶ
893 2380 1049 2451 εὐχαὶ
1081 2382 1176 2435 καὶ
1216 2381 1483 2453 λατρεῖαι,
1514 2381 1643 2437 ἔνθα
1668 2382 1738 2435 τά
1761 2382 1927 2451 ’Ἅγια
1945 2383 2053 2437 τῶν

388 2466 581 2535 ἁγίων,
608 2466 703 2520 καὶ
745 2466 814 2520 τά
845 2468 1144 2540 χερουϐὶμ,
1178 2471 1272 2523 καὶ
1320 2469 1468 2542 [177]
1512 2470 1830 2543 ήδιαθήκη,
1877 2472 1970 2525 καὶ
2016 2474 2051 2542 ἡ

390 2555 625 2626 στάμνος
671 2557 705 2627 ἡ
759 2558 957 2628 χρυσῆ,
986 2557 1056 2611 τὰ
1095 2558 1303 2629 μεγάλα
1350 2559 1593 2630 σύμϐολα
1630 2560 1732 2631 τῆς
1773 2563 1867 2615 τοῦ
1916 2562 2050 2617 Θεοῦ

389 2642 644 2714 προνοίας
674 2642 772 2713 τῆς
799 2643 928 2714 περὶ
950 2645 1010 2697 τὸ
1031 2645 1187 2713 γένος
1208 2647 1403 2712 ἐκεῖνο,
1427 2646 1556 2702 ἔνθα
1580 2650 1818 2720 χρησμοὶ
1847 2651 2052 2707 ἄνωθεν

390 2733 634 2802 συνεχεῖς
663 2730 939 2802 ἐφέροντο,
974 2731 1102 2786 ἔνθα
1134 2734 1408 2806 προφῆται
1436 2734 1605 2790 ἔνθεοι
1636 2738 1901 2806 ἐγένοντο,
1926 2739 2054 2794 ἔνθα

387 2818 489 2872 οὑκ
535 2818 881 2890 ἀνθρωπίνης
919 2819 1136 2893 τέχνης,
1167 2820 1303 2876 ἀλλὰ
1334 2823 1435 2892 τῆς
1462 2822 1555 2877 τοῦ
1597 2823 1732 2878 Θεοῦ
1784 2827 1977 2893 σοφίας
2015 2831 2048 2900 ἡ

386 2905 716 2970 διατύπωσις
743 2904 901 2979 ἔργον
928 2908 1156 2976 ἐγίνετο,
1184 2908 1313 2964 ἔνθα
1345 2909 1525 2981 πολλῷ
1549 2911 1813 2965 πάντοθεν
1854 2915 1902 2966 οἱ
1940 2917 2053 2968 τοί-

282 3018 283 3021 η
388 3009 473 3063 χοι
504 2991 915 3064 κατελάμποντο
941 2994 1172 3066 χρυσίῳ,
1204 2997 1297 3050 καὶ
1348 2997 1483 3070 πρὸς
1523 2999 1703 3052 πᾶσαν
1749 2999 2052 3073 ὑπερϐολὴν

388 3080 483 3133 καὶ
530 3078 662 3151 ὕλης
711 3080 1026 3137 πολυτέλεια
1059 3083 1153 3136 καὶ
1189 3083 1384 3155 τέχνης
1421 3085 1677 3157 ἀκρίϐεια
1704 3088 2053 3145 συνελθοῦσαι

391 3166 550 3237 μόνον
575 3165 811 3221 τοιοῦτον
840 3167 934 3221 ἐπὶ
955 3168 1055 3239 τῆς
1073 3169 1176 3241 γῆς
1202 3169 1410 3235 ἔδειξαν
1431 3172 1558 3226 ναὸν
1585 3174 1707 3227 τότε
1725 3190 1738 3204 '
1776 3176 1974 3246 μᾶλλον
1995 3178 2052 3232 δὲ

386 3255 448 3308 οὑ
476 3253 670 3325 τέχνης
702 3254 958 3326 ἀκρίϐεια
988 3256 1170 3330 μόνον,
1204 3257 1342 3312 ἀλλὰ
1370 3259 1466 3313 καὶ
1488 3260 1625 3315 Θεοῦ
1656 3262 1815 3331 σοφία
1840 3264 1940 3334 τῆς
1972 3267 2051 3319 οί-

388 3341 622 3412 κοόομῆς
647 3341 989 3413 συνεφήψατο
1015 3344 1251 3416 ἐκείνης.
1287 3346 1361 3400 Οὑ
1389 3346 1498 3418 γάρ
1518 3346 1749 3412 οἴκοθεν,
1775 3351 1898 3405 οὐδὲ
1923 3355 2050 3422 παρ’

388 3427 604 3494 ἑαυτοῦ,
631 3428 767 3486 ἀλλά
799 3433 949 3504 παρὰ
980 3431 1075 3485 τοῦ
1106 3432 1240 3487 Θεοῦ
1268 3435 1446 3489 πάντα
1470 3434 1659 3506 μαθὼν
1685 3438 1713 3489 6
1736 3438 1984 3511 Σολομὼν
2001 3454 2050 3506 ι,

389 3518 482 3576 καὶ
509 3516 607 3588 τὴν
643 3517 960 3589 ὑπογραφὴν
990 3520 1053 3573 ἐκ
1088 3520 1197 3574 τῶν
1222 3522 1468 3593 οὐρανῶν
1493 3525 1857 3594 κατενεγκὼν,
1880 3527 2052 3593 οὑτως

387 3604 549 3662 αὐτὸν
573 3603 859 3675 διεχάραξε
881 3606 974 3659 καὶ
1000 3606 1315 3679 ἀνέστησεν.
1337 3609 1475 3662 Ἀλλ’
1498 3611 1647 3680 ὅμως
1663 3613 1693 3665 ὀ
1711 3613 1873 3679 καλὸς
1897 3609 2053 3681 οὗτος

389 3692 483 3745 καὶ
532 3691 843 3763 θαυμαστὸς
890 3693 1016 3756 ναὸς
1059 3694 1152 3748 καὶ
1203 3694 1375 3762 ἅγιος,
1406 3696 1515 3749 τῶν
1560 3701 1856 3770 χρωμένων
1901 3704 2052 3776 αὐτῷ

387 3777 814 3849 διαφθαρέντων,
858 3778 1029 3844 οὕτως
1074 3779 1323 3853 ἠτιμώθη
1374 3783 1469 3836 καὶ
1512 3790 1909 3861 κατεφρονήθη,
1958 3795 2051 3847 καὶ

388 3866 579 3936 γέγονε
612 3866 859 3939 βέϐηλος,
882 3866 959 3931 ὠς
986 3867 1091 3938 πρό
1113 3885 1176 3938 γε
1203 3870 1302 3941 τῆς
1326 3869 1580 3938 ἁλώσεως
1606 3876 1866 3947 σπήλαιον
1887 3880 2050 3938 αὑτὸν

388 3955 669 4015 καλεῖσθαι
693 3953 925 4028 λῃστῶν.
958 3957 1055 4010 καὶ
1088 3956 1350 4029 σπήλαιον
1376 3960 1566 4032 ὑαίνης
1586 3980 1599 3992 ·
1626 3964 1766 4034 μετά
1791 3966 1848 4020 δὲ
1876 3969 2049 4025 ταῦτα

388 4043 749 4117 βαρϐαρικαῖς
784 4044 878 4098 καὶ
911 4044 1240 4117 ἀκαθάρτοις
1269 4047 1363 4100 κοιλ⁵
1392 4046 1640 4120 βεϐήλοις
1677 4055 2049 4128 παραδοθῆναι

387 4134 561 4209 χερσί.
596 4133 783 4187 Βούλει
815 4134 908 4188 καὶ
943 4135 1070 4205 περὶ
1100 4134 1351 4189 πόλεωνι)
1380 4137 1440 4189 τὸ
1474 4139 1605 4192 αὐτὸ
1632 4142 1791 4195 τοῦτο
1824 4146 2046 4216 μαθεῖν;

388 4220 453 4273 Τί
494 4220 603 4274 τῶν
636 4223 693 4274 ἐν
727 4221 978 4292 Σοδόμοις
1004 4221 1210 4276 πόλεων
1244 4222 1621 4298 λαμπρότερον
1661 4224 1760 4299 ἥνς
1801 4232 1894 4285 καὶ
1940 4235 2048 4307 γάρ

387 4308 553 4389 οἰκίαι
584 4308 677 4361 καὶ
703 4308 1108 4379 οἰκοδομήματα
1140 4308 1388 4381 λαμπρά,
1417 4313 1509 4365 καὶ
1528 4313 1680 4386 τείχη
1712 4320 1845 4389 παρ’
1866 4321 2047 4389 αὐτοῖς

386 4386 476 4461 ἦν,
504 4392 597 4446 καὶ
645 4391 799 4464 χώρα
837 4392 1042 4465 λιπαρά
1092 4397 1186 4449 καὶ
1229 4394 1589 4465 εὐγειος,“κα⁴ι
1624 4401 1702 4472 τῷ
1735 4386 2076 4482 παραδείσω·

386 4478 480 4532 τοῦ
514 4479 648 4533 Θεοῦ
693 4484 1041 4552 προσεοικυῖα
1067 4498 1080 4510 ⁸
1114 4483 1223 4554 ἡδὲ
1256 4483 1463 4557 καλύϐη
1491 4486 1585 4540 τοῦ
1619 4488 1866 4563 Ἀϐραάμ
1892 4478 2048 4550 εὐτεί-

386 4566 486 4638 λὴς
528 4569 621 4622 καὶ
661 4569 853 4639 μικρὰ,
882 4569 974 4623 καὶ
1006 4569 1261 4641 οὐδεμίαν
1306 4570 1503 4642 ἔχουσα
1546 4575 1875 4645 ἀσφάλειανο
1911 4583 2049 4641 ἀλλὰ

387 4657 624 4728 πολέμου
650 4658 777 4712 ποτέ
800 4659 1089 4730 γενομένου
1118 4660 1473 4733 βαρϐαρικοῦ,
1496 4666 1595 4729 τὰς
1619 4667 1718 4737 μὲν
1745 4671 1929 4737 πόλεις
1948 4675 2047 4742 τὰς

386 4746 659 4815 τειχήρεις
693 4744 1039 4815 κατέσκαψάν
1068 4764 1125 4800 τε
1154 4749 1247 4802 καὶ
1269 4744 1411 4803 εἷλον
1436 4752 1486 4804 οἱ
1509 4752 1903 4826 βάρϐαροι,καὶ
1922 4763 2047 4828 τοὺς

388 4830 725 4895 ἐνοικοῦντας
752 4832 1006 4898 λαϐόντες
1036 4835 1411 4906 αἰχμαλώτους
1442 4839 1703 4910 ἀπῆλθον,
1744 4845 1833 4898 τὸν
1859 4846 1915 4900 δὲ
1947 4850 2045 4920 τῆς

388 4917 593 4988 ἐρήμου
632 4918 854 4989 πολίτην
887 4919 1134 4991 Ἁϐραάμ
1164 4922 1264 4976 οὐκ
1294 4924 1532 4995 ἤνεγκαν
1575 4929 1902 4985 ἐπελθόντα·
1952 4917 2046 4990 καὶ

391 5004 534 5074 μάλα
563 5005 788 5070 εἰκότως
805 5021 819 5041 ο
852 5007 948 5078 τῆς
972 5007 1080 5082 γὰρ
1108 5009 1214 5063 ἀπὸ
1233 5012 1324 5065 τοῦ
1345 5012 1581 5084 πλήθους
1611 5017 1703 5070 καὶ
1724 5018 1831 5074 τῶν
1849 5023 2045 5094 τειχῶν

388 5092 686 5162 ἀσφαλείας
712 5093 890 5167 πολλῷ
923 5096 1145 5166 μείζονα
1180 5094 1291 5168 εἶχε
1329 5099 1575 5172 δύναμιν,
1606 5106 1706 5176 τὴν
1739 5092 2040 5168 εὐσέϐειαν.

388 5185 449 5244 Εἰ
489 5183 812 5256 Χριστιανὸς
861 5180 931 5249 εἷ,
969 5186 1120 5240 πόλιν
1155 5188 1255 5241 οὐκ
1301 5188 1444 5259 ἔχεις
1478 5191 1569 5244 ἐπὶ
1614 5195 1712 5264 τῆς
1763 5197 1899 5266 γῆςο
1946 5201 2045 5271 τῆς

388 5271 592 5335 πόλεως
617 5272 772 5343 ἡμῶν
792 5274 1037 5344 τεχνίτης
1065 5275 1157 5328 καὶ
1184 5275 1512 5346 δημιουργός
1534 5281 1680 5332 ἐστιν
1703 5285 1729 5334 ὀ
1754 5285 1884 5349 Θεὸς
1904 5305 1917 5318 ·
1942 5288 2044 5343 κᾶν

389 5356 602 5413 ἃπασαν
646 5359 899 5430 λάϐωμεν
944 5361 1039 5431 τὴν
1073 5362 1416 5433 οἰκουμένην,
1452 5363 1588 5427 ξένοι
1622 5372 1714 5425 καὶ
1738 5378 2040 5449 παρεπίδη-

444 5536 467 5613 ξ
489 5538 580 5613 λιιι
652 5547 879 5613 Μωὺσῆς,
909 5545 1055 5613 ma_le.
1398 5606 1437 5613 __
1535 5609 1547 5613 Α
1795 5610 1804 5613 _
1860 5604 1869 5613 ,

446 5599 581 5674 ξεὶιι
601 5605 755 5662 διιγίι,
779 5599 833 5654 ει
867 5599 1070 5661 maxima
1108 5620 1221 5660 pars
1255 5620 1368 5661 mss.
1398 5606 1568 5659 Morel.
1595 5614 1647 5660 et
1669 5610 1811 5676 pane;
1830 5604 1911 5665 ιιὶιὶ
1937 5618 2042 5681 περὶ

400 5676 488 5715 πω.
495 5680 598 5721 ειυς.

1155 255 1212 311 S.
1248 252 1532 310 JO-ANNIS
1570 249 2056 305 CBRYSOSTOMI
2098 247 2420 305 ARCIIIEP.
2462 249 3013 308 CONSTANTINOP.

3754 251 3832 305 78

2155 380 2245 434 μοι
2276 364 2456 435 πάσης
2489 365 2676 438 ἐσμέν.
2712 367 2808 430 Εἰς
2848 365 2939 419 τὸν
2983 364 3209 436 οὐρανὸν
3252 366 3663 438 ἐνεγράφημεν,
3712 367 3831 419 ἐκεῖ

2151 452 2575 524 πολιτευόμεθαο
2625 455 2701 527 μὴ
2731 454 2873 508 κατὰ
2897 453 2966 508 τὰ
2995 455 3181 508 παιδία
3212 454 3283 509 τά
3309 455 3482 526 μικρά
3506 455 3619 509 τῶν
3653 453 3839 526 p.516.—

2149 537 2258 593 λων
2286 542 2679 616 ὑπερορῶντες,
2713 543 2782 597 τά
2815 542 2987 613 μικρά
3017 543 3411 614 θαυμάζωμεν.

2222 627 2296 681 Οὑ
2353 630 2582 699 μέγεθος
2630 630 2859 695 πόλεως,
2887 629 3022 683 ἀλλά
3050 630 3227 701 ψυχῆς
3258 631 3425 702 ἀρετὴ
3466 632 3680 702 κόσμος
3711 629 3837 687 ἐστὶ

2152 714 2247 767 κιιιλ⁸
2291 716 2579 785 ἀσφάλεια.
2609 717 2672 771 El
2698 717 2754 771 δὲ
2786 718 3003 789 ἀξίωμα
3039 714 3178 772 εἶναι
3206 719 3448 790 νομίζεις
3474 720 3711 787 πόλεως,
3744 722 3839 773 ἐνσ

2151 802 2343 874 νόησον
2377 804 2532 857 πόσοι
2559 805 2908 875 πορνοκόποι,
2934 807 3091 860 πόσοι
3117 807 3352 877 μαλακοὶ
3370 807 3463 861 καὶ
3492 808 3840 880 διεφθαρμέ-

2151 907 2230 944 νοι
2250 891 2346 944 καὶ
2371 892 2579 962 μυρίων
2600 891 2862 963 γέμοντες
2879 893 3064 948 κακῶν
3093 895 3409 948 κοινωνοῦσι
3435 913 3515 950 σοι
3540 897 3640 968 τῆς
3667 898 3837 964 ἀξίας

2148 978 2375 1050 ταύτης,
2398 980 2494 1032 καὶ
2519 979 2932 1051 καταφρόνησόν
2961 999 3093 1035 ποτε
3119 982 3220 1052 τῆς
3242 983 3410 1057 τιμῆς
3434 984 3668 1055 ταύτης.
3687 986 3835 1039 Ἀλλ’

2151 1068 2252 1121 οὐκ
2279 1068 2460 1138 ἐκείνη
2492 1068 2716 1139 τοιαύτη
2738 1087 2752 1101 σ
2802 1071 2896 1124 καὶ
2930 1070 3038 1143 γάρ
3062 1070 3323 1126 ἀδύνατόν
3349 1073 3496 1127 ἐστιν
3516 1073 3692 1144 αὐτῆς
3729 1092 3835 1145 με·

2151 1158 2371 1226 τασχεῖν
2400 1155 2491 1210 τὸν
2520 1156 2596 1229 μὴ
2634 1160 2811 1213 πᾶσαν
2840 1158 3244 1230 ἐπιδειξάμενον
3271 1163 3492 1234 ἀρετήν.
3518 1164 3610 1234 Μὴ
3641 1163 3836 1217 τοίνυν

2152 1244 2369 1314 ἀνόητοι
2391 1244 2672 1317 γινώμεθα
2690 1257 2737 1312 ο,
2765 1247 2901 1301 ἀλλά
2924 1248 3049 1302 τότε
3072 1249 3346 1320 ἀλγῶμεν,
3372 1252 3500 1305 ὅταν
3517 1251 3581 1304 τὸ
3602 1251 3837 1321 ἀξίωμα

2151 1332 2308 1403 ἡμῶν
2345 1334 2444 1404 τῆς
2474 1334 2652 1405 ψυχῆς
2681 1335 2944 1406 ἀφέληταί
2981 1354 3085 1405 τις,
3115 1338 3245 1391 ὅταν
3271 1340 3543 1410 ἁμαρτίαν
3574 1340 3837 1412 ἐργασώ-

2154 1419 2315 1490 μεθα,
2342 1421 2470 1475 ὅταν
2497 1421 2574 1493 τῷ
2599 1422 2764 1494 κοινῷ
2793 1424 3009 1479 πάντων
3044 1426 3289 1497 Δεσπότῃ
3318 1428 3792 1499 προσκρούσωμεν
3814 1447 3830 1458 ο

2151 1506 2228 1570 ὼς
2269 1507 2340 1560 τά
2368 1524 2433 1576 γε
2472 1506 2567 1561 νῦν
2598 1511 2943 1582 γεγενημένα
2973 1513 3034 1565 οὑ
3076 1513 3237 1584 μόνον
3275 1514 3425 1568 οὐδὲν
3472 1516 3831 1589 παραϐλάψει

2150 1592 2248 1665 τὴν
2279 1594 2453 1661 πόλιν,
2484 1595 2599 1650 ἀλλ’
2629 1596 2723 1651 ἐὰν
2748 1599 3031 1670 νήφωμεν,
3062 1601 3156 1654 καὶ
3180 1602 3453 1674 ὠφελήσει
3473 1603 3542 1657 τὰ
3565 1604 3826 1675 μέγιστα.

2152 1681 2263 1735 Καὶ
2284 1682 2392 1753 γάρ
2429 1684 2650 1753 γυναικὶ
2674 1684 2771 1740 νῦν
2800 1685 2974 1740 ἔοικεν
2997 1691 3130 1759 ἡμῖν
3158 1690 3192 1761 ἡ
3217 1689 3369 1755 πόλις
3403 1692 3703 1763 εὐσχήμονι
3733 1696 3830 1747 καὶ

2152 1769 2412 1842 ἐλευθέρᾳ
2435 1772 2528 1826 καὶ
2553 1771 2794 1844 σώφρονι
2812 1791 2827 1806 ·
2852 1775 2882 1827 ὁ
2908 1774 3071 1845 φόϐος
3091 1778 3503 1851 ἐπιεικεστέραν
3537 1781 3716 1851 αὐτὴν
3740 1786 3837 1836 καὶ

2154 1860 2485 1931 σεμνοτέραν
2529 1862 2773 1933 ἐποίησε,
2810 1865 2904 1918 καὶ
2951 1865 3061 1918 τῶν
3109 1866 3318 1938 μιαρῶν
3355 1869 3581 1922 ἐκείνων
3618 1870 3732 1922 τῶν
3761 1873 3833 1926 τά

2153 1947 2495 2018 γεγενημένα
2535 1948 2921 2021 τολμησάντων
2960 1952 3259 2025 ἀπήλλαξε.
3308 1955 3398 2027 Μὴ
3442 1956 3621 2012 τοίνυν
3669 1955 3831 2031 [I78]

2152 2034 2509 2105 γυναικώδεις
2537 2035 2823 2109 θρηνῶμεν
2850 2038 3081 2112 θρήνους
3098 2058 3111 2072 ·
3138 2042 3232 2095 καὶ
3254 2043 3360 2117 γὰρ
3379 2046 3586 2116 ἡνκουσα
3612 2046 3834 2106 πολλῶν

2154 2122 2296 2177 κατά
2318 2122 2416 2195 τὴν
2445 2124 2967 2197 ἀγορὰνλεγόντωψ
3001 2129 3138 2186 Οὐαί
3170 2147 3277 2195 σοι,
3305 2131 3624 2203 ’Δντιόχειαί
3653 2132 3713 2185 τί
3748 2150 3833 2185 σοι

2153 2213 2384 2280 γέγονες
2432 2212 2550 2276 πῶς
2592 2215 2907 2287 ὴτιμώθης;
2943 2218 3037 2272 καὶ
3066 2218 3308 2283 ἀκούσας
3351 2221 3700 2291 κατεγέλασα
3728 2222 3835 2290 τῆς

2153 2298 2412 2370 παιδικῆς
2455 2299 2562 2353 τῶν
2609 2302 2781 2356 ταῦτα
2824 2303 3091 2373 λεγόντων
3142 2308 3401 2372 διανοίας.
3453 2310 3529 2364 Οὐ
3578 2310 3692 2380 γὰρ
3735 2310 3836 2364 νῦν

2152 2384 2327 2440 ταῦτα
2354 2386 2533 2455 λέγειν
2570 2389 2675 2459 χρή
2696 2407 2710 2420 ο
2747 2389 2863 2444 ἀλλ’
2896 2393 3022 2447 ὅταν
3047 2394 3163 2466 ίδῃς
3193 2396 3574 2468 ὀρχουμένους,
3600 2397 3837 2469 μεθύον-

2152 2490 2274 2539 τας,
2291 2473 2534 2546 ᾅδοντας,
2558 2475 3033 2549 βλασφημοῦντας,
3064 2483 3383 2554 ὀμνύοντας,
3407 2486 3833 2558 ἐπιορκοῦντας,

2153 2560 2539 2634 ψευδομένους,
2574 2565 2693 2619 τότε
2729 2566 2934 2639 ταύτην
2972 2570 3188 2641 ἐπέλεγε
3211 2573 3310 2643 τὴν
3342 2575 3498 2646 ῥῆσιν
3523 2592 3537 2606 ⁸
3569 2575 3711 2629 Οὐαί
3751 2593 3835 2627 σοι

2156 2649 2345 2714 πόλιςί
2378 2650 2431 2703 τί
2461 2669 2545 2705 σοι
2582 2654 2837 2723 γέγονεν;
2871 2656 2965 2710 ἐὰν
2989 2657 3047 2711 δὲ
3087 2659 3202 2732 ἴδῃς
3237 2663 3335 2732 τὴν
3374 2662 3577 2735 ἀγορὰν
3608 2663 3835 2733 ὀλίγους

2154 2737 2383 2809 ἔχουσαν
2429 2741 2628 2813 ἄνδρας
2658 2745 2923 2811 ἐπιεικεῖς
2955 2748 3050 2800 καὶ
3089 2748 3373 2820 σώφρονας
3417 2752 3511 2805 καὶ⁵
3542 2754 3832 2824 μετρίους,

2158 2827 2426 2899 μακάριζε
2452 2830 2550 2900 τὴν
2578 2831 2733 2887 πόλιν
2772 2834 3007 2907 ἐκείνην.
3052 2836 3217 2893 Οὐδὲν
3248 2839 3355 2910 γὰρ
3391 2841 3425 2911 ἡ
3450 2841 3705 2912 ὀλιγότης
3742 2845 3835 2896 αύ-

2152 2915 2252 3004 τὴν
2280 2918 2633 3004 παραϐλάψαι
2650 2923 2781 2975 ποτὲ
2806 2923 3113 2996 δυνήσεται,
3135 2926 3233 2997 τῆς
3261 2929 3461 3001 ἀρετῆς
3487 2930 3831 3004 προσούσης,

2154 3001 2344 3075 ὥσπερ
2373 3000 2466 3060 οῦν
2508 3006 2570 3060 τὸ
2616 3009 2819 3081 πλῆθος
2844 3011 2994 3067 οὐδὲν
3021 3000 3472 3087 ὠφελήσεις-τοτὲ,
3501 3018 3706 3083 κακίας
3735 3000 3833 3073 οῦς

2155 3110 2275 3164 σης.
2295 3093 2437 3149 Ἐὰν
2469 3090 2512 3166 ᾖ
2553 3100 2586 3151 ό
2618 3098 2865 3168 ἀριθμὸς
2901 3099 3020 3155 τῶν
3048 3101 3195 3157 υἱῶν
3228 3105 3496 3174 Ἰσραὴλ,
3525 3108 3715 3179 φησὶν,
3751 3110 3837 3179 ὡς

3893 140 3895 195 ί

2153 3182 2193 3248 ἠ
2220 3179 2415 3251 ἅμμος
2446 3182 2557 3252 τῆς
2585 3188 2925 3256 θαλάσσης,
2948 3190 3015 3243 τὸ
3048 3191 3419 3263 κατάλειμμα
3455 3196 3833 3264 σωθήσεται.
3894 3238 3895 3243 η

2155 3269 2323 3323 Οὐδέν
2354 3288 2421 3341 με
2451 3271 2512 3324 τὸ
2546 3271 2750 3343 πλῆθος
2777 3275 3094 3348 δυσωπῆσαι
3120 3279 3425 3352 δυνήσεται,
3450 3274 3613 3354 φησιν
3634 3301 3650 3317 ο
3678 3286 3836 3341 οὕτω
3894 3326 3895 3351 γ

2154 3357 2249 3410 καὶ
2272 3360 2299 3411 6
2321 3359 2555 3429 Χριστὸς
2588 3361 2842 3432 ἐποίησεν
2862 3382 2875 3395 ·
2908 3366 3187 3421 ἐταλάνισε
3222 3369 3406 3434 πόλεις
3448 3371 3509 3424 οὑ
3548 3371 3616 3425 δι’
3641 3373 3833 3444 ὀλιγόο
3894 3364 3895 3391 ¹

2152 3462 2310 3534 τητα,
2352 3447 2413 3499 οὐ
2439 3446 2529 3500 διὰ
2554 3447 2615 3501 τὸ
2652 3450 2726 3521 μὴ
2761 3446 2901 3505 εἶναι
2940 3456 3331 3526 μητροπόλεις
3360 3459 3453 3513 καὶ
3495 3460 3592 3529 τὴν
3621 3462 3834 3534 Ἰερου-

2155 3533 2336 3606 σαλὴμ
2387 3534 2548 3588 πάλιν
2590 3536 2658 3589 δι’
2687 3538 2818 3592 αὐτὸ
2862 3540 3022 3595 τοῦτο
3070 3543 3383 3601 ἐταλάνισεν
3423 3546 3565 3600 οὑτω
3610 3533 3830 3619 λέγων·

2164 3620 2580 3693 Ἰερουσαλὴμ,
2619 3626 3044 3698 Ἰερουσαλὴμ,
3096 3634 3134 3700 ἡ
3184 3632 3625 3690 ἀποκτείνουσα
3680 3641 3833 3706 τοὺς
3894 3688 3895 3701 χ

2153 3706 2484 3777 προφήτας,
2532 3710 2633 3763 καὶ
2678 3715 3088 3771 λιθοϐολοῦσα
3140 3720 3282 3786 τοὺς
3325 3722 3832 3794 ἀπεσταλμένους

2153 3795 2304 3864 πρὸς
2330 3797 2545 3867 αὐτήν.
2577 3798 2642 3853 Τί
2673 3801 2783 3873 γάρ
2825 3820 2916 3873 μοι
2948 3805 3011 3858 τὸ
3041 3807 3241 3879 πλῆθος
3278 3809 3468 3879 ὄφελος
3493 3813 3673 3882 φέρει,
3699 3817 3831 3870 είπέ

2156 3901 2266 3974 μρι,
2299 3884 2364 3939 ἂν
2401 3887 2540 3957 μετά
2583 3887 2838 3965 κακίαςῇ
2876 3894 3319 3965 πολιτευόμενον;
3361 3901 3685 3955 Τούναντίον
3722 3905 3831 3974 μὲν

2151 3967 2244 4061 οῦν
2271 3973 2366 4026 καὶ
2398 3973 2597 4044 βλάϐος
2624 3977 2732 4030 ἀπὸ
2758 3979 2951 4034 τούτου
2979 3983 3208 4051 γίνεται.
3240 3986 3355 4040 Νῦν
3386 3983 3479 4041 οὖν
3503 3988 3570 4042 τά
3592 3967 3827 4061 γεγεῆ-

2154 4060 2292 4152 μένα
2328 4062 2473 4152 κακά
2515 4063 2567 4115 τί
2606 4064 2733 4119 ἄλλο
2772 4068 3104 4139 είργάσατο;
3138 4074 3236 4144 οὑχ
3279 4076 3312 4145 ἡ
3353 4075 3614 4148 ῥᾳθυμία,
3660 4060 3821 4152 καὶὴ

2150 4147 2428 4237 ὀλιγωρία,
2458 4152 2554 4204 καὶ
2592 4153 2624 4222 ἡ
2667 4154 2937 4227 μοχθηρία
2978 4159 3087 4212 τῶν
3117 4147 3505 4230 ἐνοικούντωνζ
3534 4167 3609 4237 μή
3659 4185 3715 4222 τι
3762 4147 3825 4224 τό

2153 4233 2364 4325 ἀξίωμα
2388 4237 2486 4307 τὴν
2518 4239 2671 4293 πόλιν
2697 4241 2966 4314 ὠφέλησε,
3003 4248 3077 4315 μή
3110 4265 3159 4302 τι
3192 4249 3255 4303 τὸ
3286 4252 3512 4320 μέγεθος
3536 4233 3649 4325 ’τῆς
3672 4258 3824 4312 οίκο-

2150 4321 2359 4416 δομῆς,
2389 4327 2461 4416 μή
2495 4328 2645 4416 τιτὸ
2673 4333 3005 4402 μητρόπολιν
3035 4336 3205 4408 αὐτὴν
3249 4335 3419 4407 εἶναι;
3453 4343 3514 4395 El
3555 4321 3614 4396 δέ
3666 4346 3823 4416 παρά

2153 4409 2361 4478 βασιλεί
2384 4412 2462 4483 τῷ
2489 4414 2582 4467 ἐπὶ
2611 4415 2712 4487 τῆς
2747 4418 2853 4489 γῆς
2879 4420 3032 4476 οὐδὲν
3066 4425 3238 4495 αὐτῆς
3273 4427 3433 4482 τοῦτο
3460 4430 3822 4505 ἁμαρτούσης

2151 4497 2412 4592 προέστηῇ,
2445 4501 2582 4592 ἀλλά
2619 4505 2794 4560 πάντα
2828 4510 3011 4565 ἐκεῖνα
3054 4514 3350 4586 ἀφῄρηται,
3386 4497 3592 4591 πολλῷ-
3614 4497 3821 4592 μᾶλλον

2151 4584 2302 4656 παρά
2449 4591 2692 4684 Δεσπότη
2721 4594 2829 4649 τῶν
2868 4598 3117 4667 ἀγγέλων
3140 4584 3289 4658 οὐδὲν
3313 4607 3482 4678 αὐτῆς
3595 4584 3819 4684 ἀξίωμα

2149 4676 2513 4772 προστήσεται
2543 4678 2733 4772 τοῦτο’
2777 4684 2930 4772 οὐδὲν
2958 4688 3067 4758 γὰρ
3097 4692 3245 4760 ἡμᾶς
3274 4676 3551 4765 ὠφελῆσαι
3587 4676 3819 4772 δυνήσεο

2147 4777 2237 4815 ται
2263 4762 2405 4816 κατά
2434 4764 2533 4836 τὴν
2557 4768 2770 4840 ἡμέραν
2795 4771 3027 4843 ἐκείνην,
3047 4776 3108 4829 τὸ
3144 4762 3475 4850 μητρόπολιν
3505 4762 3817 4851 οίκεῖνίκαὶ

2149 4847 2310 4939 στοὰς
2339 4849 2565 4939 ἐχουσαν
2592 4855 2812 4925 εὐρείας
2843 4860 2935 4913 καὶ
2962 4861 3029 4915 τὰ
3053 4863 3187 4917 ἄλλα
3209 4847 3507 4939 ἀξιώματα
3531 4874 3599 4925 τὰ
3620 4847 3815 4929 τοιαῦ-

2146 4952 2231 4989 τα.
2261 4937 2371 5032 Ιξαὶ
2399 4938 2618 5032 τίλέγω
2645 4943 2787 5032 κατά
2811 4944 2909 5017 τὴν
2936 4949 3150 5020 ἡμέραν
3188 4937 3437 5028 ἐκείνην;
3461 4961 3542 5022 είς
3567 4961 3680 5032 γάρ
3721 4963 3816 5017 τὸν

2148 5024 2391 5119 παρόντα
2423 5025 2536 5096 βίον
2566 5028 2618 5081 τί
2651 5047 2710 5083 σε
2748 5031 3027 5105 ὠφελῆσαι
3066 5024 3444 5112 δυνήσεται-τὸ
3478 5024 3818 5119 μητρόπολιν

2147 5106 2285 5164 εἷναί
2316 5128 2409 5165 σου
2432 5112 2529 5185 τὴν
2564 5116 2756 5183 πόλιν;
2787 5115 2895 5190 ἆρα
2919 5123 3097 5179 οίκίαν
3132 5144 3215 5192 τις
3249 5132 3433 5196 κακῶς
3458 5106 3814 5211 διακειμένην

2146 5197 2255 5294 ἀπὸ
2275 5199 2466 5296 τούτου
2491 5201 2897 5296 διώρθωσεν,ἢ
2941 5212 3201 5282 πρόσοδόν
3233 5235 3354 5272 τινα
3388 5222 3566 5292 ἔσχεν,
3704 5197 3813 5283 ἀπὸ

2144 5282 2244 5353 τῆς
2269 5284 2424 5349 ἀξίας
2447 5289 2651 5360 ταύτης
2680 5293 2918 5365 ἀθυμίαν
2950 5300 3349 5373 ἀπεκρούσατο,
3378 5308 3409 5378 ἢ
3433 5309 3686 5381 σώματος
3712 5318 3812 5390 ἀρ-

2160 5372 2173 5390 ,
2242 5389 2257 5390 γ
2302 5373 2314 5388 .
2412 5375 2454 5390 υ.
2619 5378 2632 5390 .
2690 5381 2712 5390 -
2871 5385 2881 5390 -
2991 5388 2999 5390 -

2147 5372 2381 5470 ρωστί-αν
2410 5375 2658 5443 ἔλυσενιι,
2685 5381 2717 5451 ἢ
2750 5385 2949 5439 κακίαν
2972 5372 3150 5461 ψυχῆς
3184 5372 3449 5461 ἀπέθετος
3473 5372 3565 5470 hii]
3597 5372 3808 5469 παίζώο

2148 5476 2267 5526 μεν,
2298 5462 2589 5533 ἀγαπητοὶ,
2620 5468 2753 5537 μηδέ
2782 5471 2919 5541 πρὸς
2959 5475 3058 5540 τὰς
3101 5477 3211 5533 τῶν
3257 5482 3466 5538 πολλῶν
3506 5462 3805 5560 ὑποληφεις

2209 5619 2232 5696 Σ
2252 5608 2400 5696 ξΞΥῘΙ.
2423 5614 2475 5659 et
2494 5614 2632 5696 {null}
2654 5630 2769 5675 mss.
2788 5629 3163 5696 _6vo~r,_raivaev.
3251 5683 3253 5686 ι

2207 5676 2235 5717 d
2259 5678 2457 5731 Ἔλυσεν
2480 5682 2621 5732 deest
2645 5699 2693 5736 ιο
2716 5676 3379 5767 ηυὶὺυεόοῖιῖῶᾞίύεςΐίριίδ.
