3920 6224
213 307 320 364 ιτι

214 435 317 476 nec
345 418 693 490 praesentibus
731 424 958 482 tantum,
986 428 1168 470 verum
1204 424 1258 469 et
1284 413 1440 483 longe
1465 409 1793 467 sedentibus.

219 510 410 566 Vidisti
442 508 598 564 fidem
625 509 677 563 in
709 508 897 573 Deum,
945 515 1001 562 et
1043 506 1315 562 caritatem
1369 505 1422 559 in
1465 501 1799 574 proximum?

222 601 315 655 Vis
341 608 395 654 et
422 599 578 652 aliam
604 598 834 653 civitatis
867 596 1025 666 hujus
1062 594 1270 650 discere
1294 591 1644 664 dignitatem?
1698 591 1801 645 De-

216 690 538 747 scenderunt
563 688 776 759 quidam
798 703 864 743 ex
886 686 1067 743 Judma
1094 683 1451 749 Antiochiam,
1480 679 1797 753 perturban-

219 792 302 838 tes
327 781 779 853 pnedicationem,
820 787 875 834 et
919 777 1165 835 Judaicas
1206 775 1517 830 inducentes
1543 773 1797 828 observa-

220 876 396 930 tiones
425 875 558 946 (Act.
592 873 680 928 15.
708 868 784 943 l).
813 870 927 926 Non
956 869 1114 925 tacite
1141 869 1375 924 tulerunt
1405 865 1478 920 illi
1503 862 1800 920 innovatio-

220 981 365 1030 nem,
403 979 503 1020 nec
539 965 937 1035 acquieverunt,
975 960 1070 1016 sed
1116 960 1493 1016 convenientes
1530 964 1585 1012 et
1625 955 1801 1011 eccleo

217 1057 356 1112 siam
407 1055 659 1112 facientes
685 1096 701 1121 ,
748 1052 1137 1123 Jerosolymam
1183 1050 1403 1106 Paulum
1446 1047 1707 1102 miserunt
1745 1051 1803 1103 et

220 1147 536 1211 Barnabam,
569 1154 623 1201 et
666 1140 958 1200 effecerunt
1002 1152 1059 1197 ut
1096 1140 1322 1210 apostoli
1351 1139 1596 1209 dogmata
1630 1152 1661 1191 a
1707 1135 1803 1192 Ju-

216 1238 370 1292 daica
423 1236 730 1291 inﬁrmitate
783 1248 915 1302 pura
964 1231 1153 1303 quovis
1199 1238 1475 1284 terrarum-
1507 1227 1800 1283 mitterent.

218 1327 347 1383 llaec
368 1327 594 1383 civitatis
618 1326 867 1395 dignitas,
898 1323 1013 1378 hmo
1041 1320 1367 1392 praestantia,
1398 1319 1500 1374 hoc
1529 1320 1695 1388 ipsam
1727 1318 1802 1373 fa-

217 1419 292 1473 cit
319 1417 680 1487 metropolim,
725 1430 831 1469 non
871 1414 922 1468 in
969 1422 1130 1476 terra,
1180 1411 1276 1467 sed
1322 1411 1374 1465 in
1421 1411 1572 1466 caelo.
1622 1409 1802 1478 Itaque

218 1522 410 1562 omnes
458 1507 548 1562 alii
589 1506 819 1561 honores
867 1503 1236 1572 corruptibiles
1278 1509 1402 1556 sunt
1439 1508 1494 1555 et
1533 1498 1717 1555 caduci
1747 1507 1804 1554 et

217 1615 344 1655 cum
394 1599 640 1669 prtesenti
688 1598 792 1650 vita
842 1596 1151 1658 solvuntur;
1198 1592 1506 1663 frequenter
1543 1597 1720 1647 autem
1746 1598 1802 1646 et

218 1700 347 1747 ante
372 1699 689 1761 prazsentem
730 1688 891 1742 vitam
935 1688 1093 1741 linem
1140 1684 1380 1740 habent:
1411 1684 1547 1738 sicut
1583 1691 1637 1737 et
1664 1695 1802 1735 nunc

222 1785 408 1855 utique
430 1783 747 1838 habuerunt.
777 1781 901 1835 Mihi
931 1780 1118 1835 civitas
1153 1793 1257 1833 non
1294 1776 1497 1832 habens
1522 1775 1638 1845 pios
1658 1773 1802 1827 cives

220 1877 368 1931 omni
393 1875 517 1931 villa
548 1875 705 1930 vilior
748 1882 852 1940 est,
901 1880 955 1928 et
994 1884 1331 1942 quacumque
1366 1868 1618 1937 Spelunca
1648 1866 1801 1936 igno-

222 1967 401 2024 bilior.
428 1967 497 2023 Et
520 1967 648 2038 quid
674 1966 796 2021 dico
831 1964 900 2021 de
945 1961 1193 2019 civitate?
1231 1961 1303 2019 Ut
1339 1960 1483 2016 enim
1522 1959 1804 2029 diligenter

221 2059 398 2116 discas
424 2059 673 2115 virtutem
708 2057 877 2113 solam
905 2056 1049 2111 cives
1089 2067 1298 2118 ornare,
1346 2050 1479 2106 nihil
1509 2048 1602 2104 tibi
1630 2049 1697 2104 de
1723 2048 1803 2103 ci-

224 2151 386 2206 vitate
409 2149 550 2215 dico,
592 2147 686 2204 sed
715 2146 857 2219 quod
901 2155 984 2202 est
1009 2144 1155 2200 omni
1183 2143 1396 2199 civitate
1423 2139 1798 2204 venerabilius,

223 2241 723 2312 lerosolymitanum
764 2239 857 2293 Dei
884 2238 1138 2308 templum
1181 2235 1236 2290 in
1272 2234 1506 2290 medium
1547 2231 1800 2296 ati‘erens,

226 2333 331 2388 hoc
368 2332 738 2388 demonstrare
786 2329 1042 2385 conabor.
1090 2327 1201 2382 Hoc
1242 2325 1384 2382 enim
1428 2324 1704 2393 templum,
1751 2321 1804 2375 in

224 2437 333 2493 quo
360 2420 618 2477 sacrificia
643 2429 698 2475 et
721 2419 988 2475 orationes
1013 2425 1068 2474 et
1096 2418 1291 2483 cultus,
1319 2414 1408 2471 ubi
1438 2420 1621 2469 sancta
1677 2427 1803 2468 san-

223 2521 456 2575 ctorum,
470 2521 525 2568 et
546 2510 920 2576 Cherubim,et
943 2508 1365 2572 Testamentum,
1391 2514 1446 2560 et
1470 2519 1601 2558 urna
1621 2516 1802 2567 aurea,

224 2619 415 2674 magna
445 2602 638 2658 indicia
667 2602 859 2657 divinat
890 2601 1031 2656 circa
1057 2613 1224 2669 genus
1251 2597 1381 2652 illud
1419 2594 1765 2667 providentiae
1789 2610 1803 2647 :

225 2695 317 2751 ubi
357 2696 572 2750 oracula
614 2708 847 2762 superne
883 2692 1134 2747 continua
1179 2688 1504 2752 ferebantur,
1544 2685 1632 2740 ubi
1682 2699 1806 2753 pro-

225 2786 403 2857 pheta
430 2785 610 2841 divino
642 2783 958 2839 amabantur
996 2780 1249 2836 numine:
1279 2778 1366 2835 ubi
1410 2793 1517 2832 non
1560 2776 1806 2830 humana:

224 2877 377 2944 artis,
403 2875 498 2932 sed
523 2875 714 2930 divina:
738 2874 1011 2944 sapientia:
1040 2881 1195 2944 typus
1222 2879 1337 2925 erat
1366 2887 1379 2923 :
1408 2869 1496 2924 ubi
1523 2868 1689 2922 multo
1710 2881 1805 2934 pa-

225 2968 389 3023 rietes
409 2965 639 3034 undique
665 2964 935 3034 fulgebant
966 2977 1116 3027 auro,
1157 2969 1212 3017 et
1246 2974 1405 3029 supra
1441 2972 1656 3013 omnem
1687 2970 1805 3010 mo-

224 3057 352 3113 dum
398 3065 510 3110 tum
556 3054 794 3109 materiae
842 3052 1224 3124 pretiosissima
1265 3050 1491 3120 species,
1539 3060 1648 3103 tum
1680 3046 1809 3101 artis

226 3147 500 3217 diligentia
538 3144 833 3213 conjunctae
880 3143 1052 3198 solum
1101 3156 1261 3212 super
1316 3151 1510 3195 terram
1555 3137 1806 3206 temMum

227 3237 532 3310 hujusmodi
561 3248 684 3292 tunc
724 3237 891 3293 fuisse
929 3235 1436 3291 demonstraverunt
1476 3248 1490 3285 :
1534 3229 1641 3284 imo
1681 3243 1809 3282 vero

226 3346 334 3386 non
360 3331 492 3385 artis
520 3338 721 3383 tantum
747 3327 1039 3398 diligentia,
1079 3339 1266 3380 verum
1311 3332 1367 3378 et
1417 3322 1509 3377 Dei
1551 3319 1809 3390 sapientia

229 3422 387 3477 simul
433 3420 564 3476 illud
605 3420 810 3474 ornavit
838 3417 1140 3473 aedilicium.
1181 3415 1299 3471 Non
1328 3414 1470 3469 enim
1495 3427 1564 3468 ex
1596 3410 1809 3481 proprio

228 3523 379 3580 nutu,
420 3527 518 3567 nec
548 3527 578 3565 a
622 3511 930 3579 semetipso,
957 3508 1050 3564 sed
1075 3524 1105 3561 a
1134 3507 1242 3562 Deo
1287 3512 1475 3561 cuncta
1514 3503 1763 3559 Salomon
1792 3501 1808 3532 ³

230 3604 444 3658 discens
493 3611 547 3657 et
590 3602 1000 3669 descriptionem
1022 3599 1228 3652 caelitus
1249 3597 1505 3660 referens,
1530 3594 1606 3648 sic
1636 3594 1809 3662 ipsum

231 3693 545 3764 designavit,
589 3700 645 3747 et
681 3692 850 3746 erexit
882 3692 956 3763 (5.
1000 3689 1130 3760 Reg.
1155 3687 1232 3758 6).
1269 3687 1645 3743 Verumtamen
1678 3694 1812 3739 tem-

232 3786 375 3854 plum
403 3793 509 3839 tam
538 3783 840 3853 pulchrum,
869 3789 924 3837 et
941 3780 1202 3846 mirabile,
1230 3790 1285 3834 et
1315 3787 1579 3845 sanctum,
1609 3776 1810 3832 utenti-

234 3878 333 3932 bus
361 3875 478 3946 ipso
503 3873 741 3944 perditis,
768 3882 926 3927 tanta:
961 3872 1264 3943 ignominiae
1306 3870 1539 3925 habitum
1567 3877 1668 3934 est,
1710 3867 1813 3922 sic-

232 3980 336 4035 que
376 3972 738 4033 contemptum
766 3971 822 4019 et
848 3961 1124 4033 profanum
1170 3960 1454 4027 redditum,
1486 3969 1544 4014 ut
1566 3968 1691 4013 ante
1719 3973 1812 4013 ca-

236 4058 527 4128 ptivitatem
541 4056 753 4126 quidem
765 4053 1017 4125 spelunca
1032 4061 1314 4108 vocaretur
1328 4048 1808 4121 latronutnwauh.

234 4149 324 4203 2|.
353 4149 464 4219 15),
501 4156 556 4203 et
592 4147 844 4218 spelaeum
887 4147 1120 4216 hyaenze;
1157 4153 1277 4214 post
1320 4143 1436 4197 haec
1462 4157 1589 4196 vero
1616 4142 1833 4197 barba-.

236 4241 361 4295 ricis
384 4247 439 4294 et
482 4237 766 4293 immundis
804 4245 858 4292 et
901 4234 1134 4305 profanis
1172 4234 1414 4288 manibus
1443 4232 1692 4287 traditum
1720 4231 1809 4286 sit.

240 4328 331 4384 Vis
360 4326 499 4383 etde
522 4328 735 4382 civitate
764 4327 864 4381 hoc
908 4324 1048 4380 idem
1078 4323 1320 4379 discere?
1340 4321 1474 4389 Quid
1493 4321 1742 4378 Sodomis
1762 4330 1813 4378 et

238 4417 534 4489 conjunctis
562 4416 863 4473 civitatibus
904 4414 1001 4470 fuit
1029 4412 1367 4485 prmclarius?
1392 4413 1601 4467 Etenim
1627 4412 1817 4468 domus

238 4521 293 4570 et
344 4512 565 4568 mdiﬁcia
613 4509 910 4581 splendida,
942 4517 996 4564 et
1039 4508 1265 4577 parietes
1309 4505 1652 4576 pulcherrimi
1678 4504 1818 4575 apud

241 4619 385 4674 Ipsos
411 4611 581 4668 erant,
612 4611 668 4658 et
712 4602 860 4671 regio
901 4598 1112 4670 pinguis
1136 4607 1191 4654 et
1235 4596 1445 4663 fertilis,
1492 4607 1544 4652 et
1572 4596 1818 4667 paradiso

240 4697 335 4752 Dei
371 4695 695 4759 assimilata;
737 4693 870 4747 cella
908 4706 1035 4746 vero
1074 4689 1361 4746 Abrahami
1386 4689 1506 4744 vilis
1543 4699 1597 4744 et
1635 4703 1815 4758 parva,

238 4800 294 4847 et
338 4788 542 4844 nullum
579 4787 782 4843 habens
820 4786 1090 4841 munimen
1123 4801 1137 4838 :
1165 4782 1260 4840 sed
1285 4793 1472 4838 exorto
1503 4781 1820 4852 quandoque

241 4883 384 4940 bello
403 4881 699 4947 barbarico,
718 4882 877 4935 urbes
894 4879 1106 4950 quidem
1121 4876 1385 4932 mmnibus
1402 4877 1631 4929 munitas
1659 4872 1821 4929 salio-

164 5010 179 5016 —
240 4976 435 5031 derunt
458 4981 512 5028 et
534 4981 791 5042 ceperunt
829 4970 1061 5033 barbari,
1093 4977 1147 5023 et
1167 4967 1369 5023 incolas
1392 4966 1629 5036 captivos
1663 4963 1803 5019 abdu

240 5075 424 5123 centes
459 5064 701 5119 abierunt
739 5080 753 5117 :
789 5060 1090 5116 solitudinis
1126 5067 1300 5114 autem
1336 5057 1505 5115 civem
1548 5056 1819 5112 Abraham

240 5161 576 5230 ingruentem
600 5171 704 5211 non
731 5155 984 5210 tulerunt.
1013 5152 1123 5208 Nec
1147 5150 1441 5214 immerito;
1470 5147 1821 5205 multitudinis

239 5266 384 5308 enim
412 5259 466 5305 et
486 5263 759 5303 murorum
786 5245 1075 5300 munimine
1113 5242 1278 5296 multo
1307 5240 1559 5310 majorem
1590 5240 1692 5293 vim
1722 5240 1819 5292 ha-

242 5345 419 5410 bebat,
444 5343 690 5414 pietatem
718 5340 937 5396 scilicet.
981 5339 1035 5394 Si
1067 5335 1397 5392 Christianus
1440 5350 1519 5399 es,
1555 5333 1819 5388 civitatem

241 5451 349 5491 non
393 5434 557 5488 habes
608 5447 768 5502 super
799 5439 1012 5486 terram.
1049 5428 1288 5484 Civitatis
1336 5435 1530 5479 nostra:
1568 5424 1743 5494 epifex
1770 5431 1824 5478 et

240 5526 570 5583 architectus
591 5534 672 5579 est
699 5525 835 5578 Deus
860 5539 874 5577 :
905 5522 1028 5578 licet
1065 5534 1278 5574 onmem
1313 5516 1584 5587 capiamus
1610 5513 1818 5579 orbem,

241 5620 482 5690 hospites
507 5628 559 5672 et
581 5616 843 5689 peregrini
865 5613 1028 5671 totius
1051 5626 1252 5669 sumus.
1280 5608 1336 5665 In
1358 5607 1544 5665 caelum
1570 5605 1823 5677 adscripti

308 5744 323 5773 ⁸
360 5739 467 5798 Alii.
497 5748 703 5800 Moyses:
726 5733 855 5787 male

1092 302 1184 357 AD
1222 298 1542 357 POPllLUM
1579 293 2067 354 ANTIOCHENUM
2127 297 2354 354 llOMlL.
2396 299 2559 356 XVII.

3376 300 3478 358 178

1901 419 2106 473 sumus,
2138 407 2244 463 illic
2268 423 2649 466 conversamur
2675 428 2689 466 :
2728 427 2832 468 non
2863 426 3144 482 puerorum
3184 429 3334 471 more
3361 431 3481 486 par-

1901 512 2089 554 vorum
2116 514 2305 571 magna
2329 510 2750 569 contemnentes,
2782 517 2943 573 parva
2971 504 3314 560 admiremur.

1975 588 2097 645 Non
2120 592 2432 663 magnitudo,
2456 593 2545 648 sed
2563 594 2723 665 pietas
2754 594 2978 649 civitates
3003 605 3235 650 acorum.
3263 625 3335 636 —
3358 595 3473 651 Non

1902 680 2132 736 civitatis
2159 682 2487 752 magnitudo,
2516 683 2610 740 sed
2630 684 2792 738 animi
2812 683 2979 739 virtus
2997 695 3368 740 ornamentum
3397 695 3481 741 est

1903 781 1957 827 et
1984 774 2394 828 munimentum.
2426 776 2482 828 Si
2518 790 2644 830 vero
2672 776 2909 839 civitatis,
2926 792 3136 847 quoque
3167 777 3476 848 dignitatem

1904 877 2024 919 esse
2051 865 2323 933 putaveris
2370 867 2804 936 magnitudinem,
2844 869 3018 939 cogita
3058 879 3188 939 quot
3236 870 3475 937 lenones,

1904 962 2032 1024 quot
2058 955 2248 1010 molles
2277 964 2332 1010 et
2364 956 2576 1026 perditi,
2615 966 2670 1013 et
2707 960 2997 1015 innumeris
3033 960 3174 1030 pleni
3216 961 3371 1016 malis
3394 963 3478 1016 di-

1902 1046 2088 1115 gnitati
2111 1045 2235 1101 huic
2261 1049 2678 1115 communicant,
2709 1059 2763 1105 et
2788 1053 2998 1105 tandem
3027 1052 3167 1107 hunc
3195 1063 3479 1109 contemne

1905 1138 2185 1195 honorem.
2215 1141 2322 1196 Sed
2352 1155 2457 1195 non
2493 1141 2583 1197 ille
2626 1143 2745 1197 talis
2787 1153 2866 1199 est
2915 1160 2929 1197 :
2978 1159 3083 1198 non
3124 1148 3267 1199 enim
3316 1146 3481 1215 ipsius

1904 1240 2108 1301 partem
2138 1248 2331 1303 capere
2355 1235 2478 1289 licet
2499 1234 2596 1301 illi,
2617 1234 2709 1305 qui
2733 1249 2836 1289 non
2866 1250 3080 1292 omnem
3101 1236 3348 1291 exhibeat
3374 1237 3483 1291 vir-

1906 1330 2092 1378 tutem.
2127 1324 2206 1381 Ne
2241 1326 2400 1396 igitur
2426 1328 2572 1383 stulti
2620 1328 2829 1393 ﬁamus,
2879 1328 2972 1384 sed
3024 1338 3149 1384 tunc
3183 1329 3479 1393 doleamus,

1903 1433 2025 1473 cum
2050 1419 2169 1489 quis
2209 1421 2402 1475 anima:
2444 1430 2641 1476 nostra:
2681 1422 2987 1492 dignitatem
3022 1422 3320 1489 abstulerit,
3360 1435 3481 1477 cmn

1907 1520 2178 1579 peccatum
2211 1510 2466 1566 fuerimus
2491 1512 2714 1582 operati,
2737 1527 2856 1566 cum
2883 1526 3218 1567 communem
3243 1512 3481 1566 omnium

1905 1601 2190 1656 Dominum
2215 1602 2593 1657 offenderimus
2625 1620 2639 1656 :
2663 1603 2921 1673 siquidem
2947 1619 3070 1672 quze
3108 1617 3249 1657 nunc
3277 1611 3480 1672 patrata

1905 1702 2050 1757 sunt,
2083 1708 2188 1747 non
2218 1701 2420 1748 tantum
2473 1694 2603 1748 nihil
2651 1695 2843 1749 laedent
2880 1695 3167 1759 civitatem,
3201 1696 3294 1750 sed
3321 1696 3365 1749 si
3396 1710 3467 1750 so-

1904 1783 2005 1838 brii
2024 1785 2270 1847 simus,et
2297 1784 2524 1839 maxime
2545 1785 2889 1853 adjuvabunt.
2927 1786 3140 1839 Etenim
3175 1800 3316 1840 nunc
3342 1787 3476 1841 civi-

1907 1884 1988 1930 tas
2016 1883 2194 1930 nostra
2222 1876 2429 1931 mulieri
2459 1875 2722 1941 formosm,
2752 1885 2804 1932 et
2831 1877 3030 1943 liberze,
3053 1887 3105 1932 et
3133 1877 3387 1933 modesta;
3413 1879 3488 1934 si-

1906 1964 2048 2018 milis
2075 1980 2196 2022 esse
2224 1967 2452 2022 videtur.
2493 1967 2675 2022 Timor
2700 1968 2868 2038 ipsam
2912 1967 3032 2022 fecit
3072 1967 3483 2023 mansnetiorem

1907 2064 1960 2109 et
1985 2053 2368 2121 honestiorem,
2392 2065 2446 2112 et
2467 2074 2496 2111 a
2526 2059 2801 2113 sceleratis
2832 2057 2955 2123 illis,
2985 2058 3076 2126 qui
3117 2058 3231 2113 hmc
3261 2056 3484 2113 nefanda

1907 2155 2031 2201 sunt
2054 2147 2169 2202 ausi
2213 2148 2465 2215 facinora,
2495 2149 2758 2204 liberavit.
2802 2148 2880 2204 Ne
2914 2149 3072 2218 igitur
3101 2148 3342 2204 muliebri
3374 2147 3494 2217 plo-

1908 2249 2089 2290 renms
2118 2236 2261 2291 luctu
2291 2255 2303 2291 :
2332 2238 2530 2293 etenim
2562 2238 2757 2293 multos
2788 2253 2884 2308 per
2923 2238 3092 2292 lorum
3123 2238 3362 2293 dicentes
3391 2252 3482 2292 au-

1907 2329 2016 2385 divi
2051 2347 2065 2384 :
2098 2328 2190 2385 Va:
2216 2331 2331 2395 tibi,
2361 2330 2662 2394 Antiochia,
2694 2330 2821 2401 quid
2863 2329 2957 2385 tibi
2994 2328 3191 2403 factum
3211 2329 3330 2384 est?
3353 2343 3491 2398 qno-
3569 2342 3580 2354 '

1909 2420 2068 2475 modo
2103 2436 2162 2477 es
2199 2421 2403 2478 honore
2432 2421 2665 2490 privata?
2691 2432 2745 2476 et
2768 2436 2889 2476 eum
2917 2421 3201 2484 audissem,
3227 2420 3483 2490 puerilem

1911 2510 2033 2565 talia
2059 2511 2350 2567 dicentium
2387 2520 2619 2567 mentem
2648 2510 2829 2566 derisi.
2859 2510 2977 2565 Non
3008 2511 3151 2564 enim
3189 2510 3304 2563 haec
3344 2524 3484 2563 nunc

1908 2603 2341 2672 oportet'dicere,
2370 2603 2464 2659 sed
2492 2618 2614 2659 cum
2652 2603 2907 2657 saltantes
2945 2601 3172 2666 videris,
3222 2609 3485 2672 potantes,

1909 2693 2344 2764 blasphemantes
2370 2736 2386 2762 ,
2430 2695 2711 2765 jurantes,
2760 2694 3090 2765 pejerantes,
3132 2693 3484 2759 mentientes,

1912 2797 2038 2843 tunc
2057 2789 2139 2843 his
2161 2797 2308 2844 utere
2334 2788 2512 2844 verbis
2540 2804 2556 2841 :
2584 2786 2678 2843 Va:
2726 2787 2838 2850 tibi,
2866 2786 3072 2853 civitas,
3111 2784 3236 2855 quid
3281 2784 3376 2839 tibi
3405 2783 3489 2839 fa--

1910 2889 2054 2935 ctum
2076 2881 2195 2936 est?
2222 2880 2268 2935 si
2301 2895 2430 2935 vero
2454 2879 2628 2936 forum
2653 2878 2848 2933 videris
2886 2892 3083 2948 pauens
3115 2878 3316 2932 habens
3340 2873 3488 2931 viros

1912 2983 2218 3027 mansuetos
2245 2980 2298 3027 et
2318 2971 2587 3026 modestos
2608 2982 2659 3024 et
2700 2970 3021 3034 moderatos,
3045 2968 3309 3023 civitatem
3341 2967 3485 3021 illam

1912 3076 2046 3116 voca
2074 3062 2299 3116 beatam.
2332 3060 2473 3115 Nihil
2513 3061 2652 3113 enim
2682 3060 2848 3129 ipsam
2886 3059 3122 3128 paucitas
3169 3058 3363 3112 laedere
3391 3072 3488 3127 po.

1916 3152 2059 3216 terit,
2089 3166 2209 3206 cum
2252 3166 2357 3206 non
2388 3150 2524 3205 desit
2551 3150 2720 3204 virtus
2756 3166 2770 3203 :
2806 3149 2944 3205 sicut
2972 3161 3176 3213 contra,
3208 3148 3336 3203 nihil
3370 3162 3488 3201 um—

1912 3255 2069 3310 quam
2096 3239 2331 3310 proderit
2360 3239 2662 3304 multitudo,
2693 3253 2813 3294 cum
2840 3238 2981 3293 adsit
3002 3238 3220 3293 malitia.
3248 3238 3310 3293 Si
3335 3238 3488 3307 fuerit

1914 3349 2148 3386 numerus
2175 3331 2398 3400 ﬁliorum
2423 3329 2606 3397 Israel,
2651 3331 2837 3400 inquit,
2869 3331 3001 3384 velut
3025 3347 3177 3383 arena
3203 3331 3376 3391 maris,
3403 3345 3488 3382 re-

1913 3425 2084 3494 liquiae
2120 3423 2446 3478 salrabuntur
2486 3423 2636 3493 (lsai.
2671 3422 2758 3478 10.
2795 3421 2898 3493 22;
2931 3423 3082 3477 Rom.
3113 3422 3167 3477 9.
3199 3421 3309 3493 ~2.7).
3347 3420 3489 3475 Nihil

1915 3533 2000 3571 me
2026 3517 2306 3571 multitudo
2345 3514 2537 3586 poterit
2576 3530 2815 3580 exorare,
2844 3515 3028 3583 inquit.
3060 3513 3149 3567 Sic
3175 3522 3227 3566 et
3246 3513 3491 3567 Christus

1914 3607 2058 3674 fecit,
2092 3608 2299 3661 vocavit
2327 3606 2567 3660 civitates
2607 3606 2851 3672 miseras,
2881 3621 2985 3659 non
3016 3614 3228 3674 propter
3259 3606 3491 3673 paucita-

1917 3708 2042 3767 tem,
2064 3715 2236 3770 neque
2263 3700 2512 3770 quoniam
2537 3713 2639 3753 non
2656 3706 2837 3753 essent
2852 3701 3174 3768 metropoles
3191 3715 3202 3749 :
3218 3706 3266 3750 et
3286 3696 3492 3751 Jerusa-

1914 3792 2019 3849 lem
2050 3807 2256 3847 rursum
2282 3802 2498 3863 propter
2532 3792 2633 3847 hoc
2659 3790 2828 3860 ipsum
2859 3790 3106 3845 miseram
3135 3788 3286 3854 dixit,
3312 3788 3388 3842 sic
3414 3790 3494 3841 in-

1915 3884 2104 3955 quiens
2133 3902 2146 3938 :
2176 3882 2481 3947 Jerusalem,
2506 3881 2825 3945 Jerusalem,
2856 3895 2970 3950 qua:
2994 3879 3178 3932 occidis
3202 3878 3491 3947 prophetas,

1917 3987 1963 4030 et
2007 3974 2205 4047 lepidas
2247 3991 2351 4041 eos,
2379 3974 2466 4040 qui
2494 3973 2561 4025 ad
2589 3981 2636 4026 te
2679 3971 2819 4025 missi
2862 3978 2977 4023 sunt
3021 3967 3231 4041 (.llaltlt.
3256 3967 3346 4020 25.
3377 3965 3490 4036 57).

1918 4069 2083 4136 Quam
2126 4067 2266 4123 enim
2311 4065 2443 4120 mihi
2489 4064 2695 4120 confert
2736 4062 3016 4117 utilitatem
3059 4056 3361 4119 multitudo,
3408 4056 3494 4110 die

1918 4158 2068 4223 mihi,
2107 4158 2152 4211 si
2203 4156 2387 4211 vitiose
2415 4154 2589 4209 vivat?
2624 4152 2760 4219 Quin
2788 4166 2818 4205 e
2843 4149 3110 4206 contrario
3152 4155 3206 4200 et
3240 4145 3491 4200 damnum

1918 4265 1985 4305 ex
2014 4248 2116 4304 hoc
2160 4249 2411 4303 nascitur.
2441 4245 2578 4315 Quid
2620 4244 2762 4300 enim
2805 4242 2949 4298 aliud
2996 4256 3137 4295 nunc
3172 4240 3313 4293 illata
3354 4239 3493 4293 mala

1921 4340 2081 4395 fecit?
2109 4352 2286 4394 nonne
2309 4349 2490 4407 torpor
2517 4346 2571 4391 et
2599 4341 2964 4403 contemptus,
2993 4339 3048 4386 et
3088 4329 3493 4384 inhabitantium

1922 4430 2271 4500 improbitas?
2301 4427 2555 4498 numquid
2594 4425 2818 4495 dignitas
2839 4422 3036 4478 civitati
3084 4420 3315 4491 profuit?
3346 4434 3498 4472 num-

1920 4520 2047 4592 quid
2071 4519 2279 4576 :editicii
2322 4515 2670 4588 magnitudo?
2714 4512 2968 4583 numquid
2993 4513 3116 4583 quia
3145 4509 3454 4578 metropolis
3474 4510 3500 4563 ?

1922 4611 1979 4667 Si
2004 4625 2130 4666 vero
2152 4609 2294 4679 apud
2323 4623 2500 4678 regem
2533 4615 2687 4661 terrae
2715 4603 2844 4658 nihil
2883 4602 2981 4673 ipsi
3013 4599 3366 4671 praevaricatre
3394 4597 3498 4654 hoc

1923 4703 2137 4775 proluit,
2179 4701 2273 4755 sed
2315 4700 2403 4755 illa
2447 4708 2633 4753 cuncta
2670 4696 2876 4752 sublata
2921 4703 3045 4748 sunt
3077 4711 3091 4747 :
3123 4691 3290 4745 multo
3332 4690 3498 4758 magis

1922 4794 2059 4865 apud
2090 4793 2397 4863 angelorum
2423 4790 2701 4845 Dominum
2732 4786 2865 4841 nihil
2894 4785 2989 4853 ipsi
3019 4782 3253 4853 proderit
3272 4780 3500 4851 dignitas

1924 4887 2023 4943 ista
2050 4903 2064 4938 :
2091 4884 2221 4939 nihil
2250 4883 2391 4939 enim
2435 4896 2534 4937 nos
2571 4880 2662 4935 illo
2704 4879 2789 4934 die
2829 4877 3021 4948 poterit
3059 4874 3331 4945 adjuvare,
3359 4870 3499 4943 quod

1924 4976 2260 5046 metropolim
2314 4974 2640 5035 habitemus,
2684 4970 2918 5043 porticus
2956 4968 3090 5022 latas
3137 4965 3419 5021 habentem
3446 4972 3501 5017 et

1924 5069 2053 5123 alias
2077 5065 2379 5137 hujusmodi
2407 5064 2707 5135 dignitates.
2753 5062 2822 5117 Et
2846 5060 2967 5130 quid
3003 5059 3121 5113 dico
3150 5058 3298 5112 illum
3319 5055 3500 5110 diem?

1924 5160 2052 5231 quid
2077 5160 2160 5215 vel
2185 5158 2253 5213 ad
2290 5165 2605 5228 praesentem
2648 5154 2805 5209 vitam
2834 5152 3084 5222 prodesse
3127 5147 3337 5219 poterit,
3370 5144 3501 5200 civi-

1929 5262 2088 5308 tatem
2115 5265 2234 5306 esse
2264 5250 2355 5305 tibi
2382 5246 2756 5317 metrOpolim?
2787 5240 3036 5311 numquid
3066 5256 3129 5294 ex
3157 5239 3257 5292 hoc
3280 5236 3496 5291 domum

1926 5346 2204 5416 quisquam
2234 5342 2372 5397 male
2414 5339 2720 5409 diSpositam
2763 5334 3010 5395 correxit,
3059 5330 3141 5384 vel
3180 5343 3244 5382 ex
3293 5324 3393 5379 hac
3424 5324 3502 5376 ul-

1930 5439 2037 5492 lum
2069 5435 2319 5506 dignitate
2349 5439 2660 5502 proventum
2702 5428 2900 5490 habuit,
2930 5424 3012 5479 vel
3044 5419 3308 5476 tristitiam
3335 5431 3497 5485 repu-

1930 5529 2013 5595 lit,
2046 5528 2127 5582 vel
2154 5525 2395 5594 corporis
2414 5520 2801 5592 mgritndinem,
2831 5516 2909 5570 vel
2937 5511 3098 5568 animi
3129 5509 3309 5562 vitium
3337 5506 3499 5576 depo.

1930 5620 2066 5676 suit?
2093 5617 2168 5673 Ne
2202 5616 2466 5679 ludamus,
2495 5611 2695 5677 dilecti,
2729 5622 2824 5662 nec
2850 5605 2914 5659 ad
2942 5602 3078 5672 vulgi
3106 5599 3382 5669 opiniones
3408 5614 3494 5654 reo
3562 5634 3569 5641 ο

1933 5711 2238 5783 spiciamus,
2279 5707 2373 5766 sed
2398 5708 2659 5763 discamus
2697 5715 2813 5769 qua:
2839 5695 3050 5752 tandem
3090 5694 3153 5747 sit
3178 5692 3401 5749 civit-itis
3424 5692 3499 5749 die
