3912 6230
423 252 524 311 I79

424 367 618 435 guitas,
652 363 778 434 quid
818 363 959 435 quod
987 363 1252 419 civitatem
1293 361 1481 417 reddat
1509 362 1865 431 metropolim.
1892 361 2001 417 Nec

432 458 545 513 lure
595 456 754 522 dico,
801 455 944 527 quod
979 456 1254 525 desperem
1297 453 1562 508 civitatem
1605 454 1743 509 hanc
1781 454 2006 509 formam

430 549 662 618 priorem
689 556 1099 617 resumpturum,
1143 556 1198 600 et
1231 546 1283 598 in
1309 543 1523 613 propria
1569 543 1795 599 futuram
1823 545 2011 615 praesi-

428 642 636 707 dentia;
666 640 929 701 humanus
946 639 1086 694 enim
1113 649 1167 693 et
1190 638 1306 708 pius
1325 646 1408 693 est
1435 636 1760 707 Imperator:
1790 651 1887 690 vos
1910 652 2007 690 au-

433 742 542 788 tem
570 733 709 797 volo,
738 731 898 787 etiam
937 730 980 784 si
1018 728 1223 785 reddita
1264 729 1438 795 fuerit,
1481 744 1586 783 non
1614 728 1779 782 altum
1813 727 1881 782 ob
1909 727 2011 782 hoc

431 837 642 892 sapere,
675 837 846 892 neque
882 821 1133 889 gloriari,
1170 834 1271 875 nec
1318 834 1384 873 ex
1428 818 1512 873 his
1548 818 1815 873 civitatem
1857 818 2011 871 nobis

434 911 711 982 magnifice
759 910 969 965 eﬂ'erre.
1008 909 1140 965 Cum
1183 910 1266 964 vis
1309 908 1535 964 civitatis
1558 907 1766 962 Iaudem
1799 906 2008 974 ell‘errc,

438 1018 509 1059 ne
533 1002 665 1057 mihi
694 1000 948 1071 Daphnen
974 1001 1330 1056 suburbanam
1356 999 1522 1063 dicas,
1554 1013 1652 1053 nec
1676 998 2011 1053 altitudinem

435 1108 812 1164 cupressorum
843 1101 899 1148 et
937 1091 1329 1147 multitudinem
1349 1131 1365 1155 ,
1394 1104 1494 1145 nec
1519 1104 1775 1159 aquarum
1818 1088 2012 1153 fontes,

433 1200 536 1241 nec
559 1185 754 1240 multos
781 1183 1024 1239 homines
1051 1182 1317 1238 civitatem
1346 1180 1606 1245 habitare,
1635 1194 1736 1235 nec
1762 1194 1930 1247 usque
1950 1178 2017 1234 ad

435 1275 904 1346 profundissimam
926 1287 1200 1343 vesperam
1221 1287 1339 1327 cum
1364 1271 1528 1325 multa
1554 1271 1797 1325 libertate
1820 1269 1874 1323 in
1901 1267 2018 1323 foro

436 1366 660 1432 versari,
689 1380 788 1420 nec
807 1365 1068 1420 venalium
1108 1378 1285 1418 rerum
1308 1362 1514 1432 c0piam
1544 1360 1760 1427 habere,
1804 1360 2021 1414 sensibi-

439 1457 510 1512 lia
535 1457 649 1512 hazc
676 1457 851 1511 omnia
878 1470 998 1510 cum
1026 1455 1131 1510 sint
1158 1463 1213 1509 ct
1247 1469 1409 1524 usque
1446 1452 1512 1507 ad
1556 1460 1872 1522 prmsentem
1896 1466 2018 1520 per-

441 1556 691 1602 maneant
719 1547 915 1611 vitam;
947 1545 1041 1600 sed
1083 1545 1130 1599 si
1156 1545 1334 1599 dicere
1369 1543 1540 1613 pOSSiS
1567 1542 1838 1606 virtutem,
1867 1556 2016 1594 man-

441 1636 805 1699 suetudinem,
856 1637 1269 1706 eleemosyuam,
1315 1644 1601 1688 nocturnas
1650 1632 1873 1702 vigilias,
1906 1646 2024 1685 ora-

443 1727 636 1794 tiones,
678 1727 1014 1790 mndestiam,
1059 1725 1221 1779 animi
1260 1724 1609 1794 sapientiam,
1653 1738 1720 1777 ex
1752 1723 1868 1777 istis
1893 1722 2023 1776 civi-

445 1827 607 1873 tatem
647 1818 974 1873 commenda.
1024 1817 1147 1870 Haec
1194 1817 1239 1870 si
1282 1826 1331 1870 et
1383 1830 1621 1870 eremum
1668 1814 2025 1869 habitantibus

448 1908 648 1975 adsint,
677 1909 821 1962 omni
868 1907 1080 1962 civitate
1105 1905 1514 1977 splendidiorem
1537 1905 1704 1974 ipsam
1733 1904 1951 1964 faciunt.
1974 1914 2028 1958 et

448 2008 632 2055 contra
661 2000 926 2054 civitatem
972 1998 1208 2052 omnium
1256 1996 1587 2059 vilissimam,
1639 1995 1684 2048 si
1727 1994 1842 2048 haec
1884 1993 2026 2048 illius

448 2106 555 2146 non
583 2090 759 2144 adsint
796 2089 1018 2143 civibus.
1052 2089 1163 2143 Hoc
1193 2103 1297 2141 non
1349 2087 1404 2141 in
1448 2086 1659 2140 civitate
1707 2094 1907 2139 tantum
1933 2099 2027 2139 ve-

449 2196 565 2235 rum
592 2191 645 2234 et
685 2180 737 2233 in
766 2177 1068 2234 hominibus
1104 2177 1377 2231 faciamus.
1418 2174 1473 2231 Si
1523 2175 1790 2230 hominem
1837 2173 2030 2228 videris

451 2270 845 2340 corpulentum,
899 2269 951 2322 in
1001 2267 1363 2323 habitudinem
1402 2265 1622 2319 multam
1668 2277 2028 2334 progressum,

450 2361 570 2415 alta.-
595 2369 809 2415 statura'.
834 2369 888 2415 et
908 2360 1041 2414 alios
1066 2358 1304 2427 corporis
1322 2355 1643 2427 proceritate
1667 2363 2031 2420 snperantem,

455 2467 524 2507 ne
572 2450 871 2515 admireris,
923 2450 1096 2504 donec
1134 2448 1369 2502 animum
1399 2446 1515 2515 ejus
1541 2444 1809 2499 didiceris.
1859 2442 1937 2498 Ne
1966 2442 2034 2497 ab

454 2540 704 2595 exteriori
751 2538 1162 2609 pulchritudine,
1206 2536 1298 2592 sed
1344 2552 1376 2591 a
1420 2536 1612 2589 mentis
1637 2542 1826 2588 ornatu
1849 2548 2037 2588 omnes

460 2632 645 2687 beatos
678 2644 1013 2685 censeamus.
1045 2629 1247 2682 Parvus
1272 2635 1387 2682 erat
1437 2626 1618 2690 David,
1651 2635 1703 2679 et
1733 2625 1907 2679 brevis
1931 2634 2038 2677 sta-

463 2740 578 2782 tura
609 2725 659 2800 (I
683 2726 810 2796 Reg.
837 2726 947 2794 I7),
975 2733 1336 2779 verumtamen
1371 2720 1544 2774 brevis
1570 2719 1655 2772 ille
1678 2727 1733 2772 et
1753 2732 1964 2786 parvus,
1987 2723 2041 2770 et

458 2818 622 2874 armis
647 2818 818 2873 nudus
845 2816 1093 2872 omnibus
1117 2855 1133 2881 ,
1164 2813 1452 2868 exercitum
1484 2819 1686 2865 tantum
1714 2819 1768 2864 et
1790 2821 2038 2862 carneam

462 2909 648 2965 turrim
673 2908 821 2964 illam
861 2923 968 2962 uno
1001 2905 1288 2977 prostravit
1328 2906 1455 2968 ictu,
1483 2918 1588 2957 non
1619 2901 1823 2955 hastam
1844 2898 2045 2969 jacula-

464 3011 568 3066 tus,
594 3015 767 3070 neque
789 2999 1034 3070 sagittam
1066 2998 1300 3062 mittens,
1321 3010 1418 3049 nec
1443 3007 1625 3048 ensem
1645 2992 1931 3060 stringens,
1949 2988 2042 3043 sed

465 3101 632 3147 totum
662 3090 871 3145 modico
909 3088 1098 3159 lapidis
1122 3088 1261 3158 jactu
1301 3085 1583 3156 perticiens
1617 3101 1631 3138 :
1675 3083 1796 3138 ideo
1833 3080 2045 3152 quidam

463 3183 715 3238 admonet
745 3181 975 3236 dicens:
1021 3179 1105 3233 Ne
1149 3176 1432 3233 laudaveris
1482 3175 1731 3230 hominem
1782 3173 1836 3225 in
1880 3171 2047 3242 specie

468 3277 599 3347 ejus,
627 3291 717 3329 nec
736 3273 1037 3328 abomineris
1065 3273 1228 3326 virum
1250 3270 1303 3323 in
1328 3277 1535 3339 aspectu
1557 3268 1667 3338 ejus
1691 3280 1709 3318 :
1731 3278 1884 3334 parua
1922 3262 2050 3313 inter

466 3365 695 3422 volatilia
717 3367 849 3437 apis,
883 3374 930 3419 et
953 3364 1153 3418 initium
1194 3360 1416 3416 dulcaris
1456 3358 1615 3429 ipsius
1640 3356 1836 3425 fructus
1859 3350 2042 3423 (Eccli.

468 3459 556 3513 II.
574 3456 630 3512 2.
654 3456 730 3528 5).
751 3456 864 3511 Hoc
891 3464 946 3510 et
968 3454 1034 3510 de
1058 3452 1354 3508 civitatibus
1377 3460 1431 3506 et
1457 3446 1761 3504 hominibus
1790 3442 2047 3505 dicamus,

470 3562 516 3601 rt
548 3550 689 3605 inter
720 3563 817 3602 nos
846 3545 1299 3615 philnsaphemur,
1325 3557 1389 3596 ac
1415 3542 1521 3594 Deo
1540 3538 1736 3609 gratias
1764 3532 2052 3587 habeamus

1198 250 1255 306 8.
1295 250 1568 308 JOANNIS
1603 249 2076 306 CIIRYSOSTOMI
2115 251 2429 306 ARCIIIEP.
2469 250 2993 308 CONSTANTINOP.

3620 252 3725 307 180

2109 364 2320 418 assidue
2346 374 2400 419 et
2444 364 2511 419 de
2551 366 2898 434 praesentibus
2922 375 2976 420 et
3018 364 3086 421 de
3113 368 3422 435 praeteritis,
3461 375 3521 420 et
3551 366 3721 421 simul

2112 455 2280 522 ipsum
2318 469 2565 523 rogemus
2598 469 2717 509 eum
2743 456 2886 509 omni
2929 456 3289 522 contentione,
3330 466 3391 511 ut
3436 466 3495 512 et
3525 472 3724 511 carce-

2111 561 2223 598 rem
2254 545 2568 610 habitantes,
2600 555 2654 601 et
2680 547 2730 599 in
2759 547 3000 601 exsilium
3031 548 3453 616 transportandi,
3484 547 3568 601 illi
3597 549 3722 616 qui-

2112 634 2232 689 dem
2263 634 2613 699 dimittantur,
2652 635 2706 689 hi
2745 651 2872 690 vero
2911 647 3269 691 revertantur.
3320 638 3568 693 Membra
3621 654 3725 692 no-

2114 734 2222 779 stra
2250 736 2372 781 sunt
2410 737 2461 781 et
2513 726 2587 781 illi
2634 728 2907 783 nobiseum
2948 728 3181 783 ﬂuctuati
3230 743 3376 795 sunt,
3418 731 3722 785 nobiscum

2115 815 2401 885 procellam
2426 815 2791 870 sustinuerunt
2820 835 2833 869 :
2864 833 3111 885 rogemus
3133 819 3289 886 igitur
3314 820 3723 889 benignitatem

2116 907 2370 973 divinam,
2428 916 2485 962 ut
2520 908 2792 963 uobiscum
2839 910 3272 979 tranquillitatem
3323 924 3722 981 assequentur.

2118 999 2285 1056 Nemo
2313 998 2453 1054 dicat
2487 1017 2500 1053 :
2531 1000 2662 1066 Quae
2690 1015 2816 1054 vero
2841 1001 2972 1054 mihi
2997 1016 3122 1056 cura
3158 1012 3239 1057 est
3262 1002 3538 1071 amplius?
3572 1003 3725 1056 libe—

2120 1098 2265 1145 ratus
2303 1104 2420 1144 sum
2450 1090 2561 1159 ipse
2598 1090 2853 1160 periculo,
2901 1100 3084 1160 pereat
3114 1091 3223 1156 ille,
3252 1092 3518 1145 moriatur
3546 1092 3723 1146 alter.

2119 1181 2197 1238 Ne
2226 1182 2390 1237 Deum
2420 1182 2799 1237 esacerbemus
2836 1197 2933 1251 per
2955 1182 3092 1236 hanc
3111 1183 3543 1252 aspernationem
3573 1200 3591 1248 ;
3622 1182 3728 1237 sed

2121 1283 2389 1344 tamquam
2417 1275 2515 1343 ipsi
2562 1274 2728 1329 simus
2762 1274 2814 1329 in
2857 1273 3114 1339 adversis,
3158 1275 3237 1329 sic
3278 1274 3587 1339 doleamus,
3645 1275 3729 1328 sic

2126 1367 2293 1422 Deum
2324 1382 2444 1421 cum
2484 1366 2763 1421 sedulitate
2815 1382 3113 1436 precemur,
3166 1366 3295 1420 illud
3326 1367 3476 1420 Pauli
3507 1367 3726 1421 dictum

2124 1459 2404 1528 implentes
2433 1476 2445 1510 :
2478 1458 2599 1511 Cum
2645 1458 2822 1511 vinctis
2874 1467 3128 1528 tamquam
3167 1458 3319 1511 simul
3364 1457 3555 1520 cincti,
3604 1474 3730 1509 cum

2125 1549 2255 1602 male
2280 1548 2568 1602 habentibus
2589 1559 2840 1617 tamquam
2854 1555 2898 1601 et
2912 1548 3010 1617 ipsi
3030 1547 3180 1601 simul
3204 1549 3257 1600 in
3283 1564 3499 1617 corpore
3517 1546 3718 1615 (Hebr.

2128 1641 2213 1694 I3.
2249 1640 2325 1709 ὅ),
2356 1648 2400 1692 et
2428 1640 2605 1707 ﬂentes
2622 1654 2733 1691 cum
2761 1638 3012 1707 ﬂentibus,
3043 1636 3316 1690 humilibus
3345 1639 3729 1691 consentientes

2129 1729 2302 1799 (Rom.
2328 1729 2413 1782 12.
2441 1730 2525 1782 15.
2564 1729 2674 1799 16).
2703 1729 2813 1783 Hoc
2855 1738 2909 1782 et
2952 1728 3107 1782 nobis
3136 1728 3263 1796 ipsis
3289 1728 3525 1781 maxime
3553 1730 3730 1797 prod-

2129 1822 2266 1875 erit:
2296 1820 2426 1875 nihil
2450 1822 2593 1875 enim
2637 1821 2714 1875 sic
2749 1821 2912 1874 Deum
2937 1820 3202 1874 delectare
3240 1821 3543 1886 consuevit,
3574 1822 3731 1874 sicut

2130 1928 2249 1968 cum
2282 1914 2443 1967 multa
2478 1913 2749 1968 alacritate
2768 1924 2867 1979 pro
2899 1908 3156 1965 membris
3193 1907 3396 1962 nostris
3437 1907 3731 1969 dolemus,

2131 2002 2358 2058 Oremus
2384 2002 2542 2072 igitur
2570 2001 2741 2069 ipsum
2770 1999 2924 2052 simul
2948 2006 2999 2052 et
3033 2013 3127 2066 pro
3152 1997 3510 2066 przesentibus
3534 2007 3590 2050 et
3625 2012 3735 2064 pro

2134 2096 2340 2157 futuris,
2391 2103 2445 2148 ut
2487 2101 2540 2146 et
2591 2092 2658 2145 ab
2707 2091 2791 2144 illa
2822 2104 2919 2144 nos
2952 2103 3108 2157 pmna
3160 2089 3370 2142 liberet.
3422 2088 3733 2141 Praesentia

2134 2189 2275 2242 enim
2315 2184 2720 2255 qualiacumque
2758 2191 2883 2247 sint,
2929 2177 3223 2233 tolerabilia
3275 2188 3421 2241 sunt,
3466 2188 3526 2231 et
3555 2177 3737 2230 tinem

2137 2277 2364 2341 habent;
2397 2276 2481 2329 illa
2502 2289 2629 2328 vero
2659 2283 2917 2326 tormenta
2945 2271 3259 2325 immortalia
3284 2280 3339 2323 et
3358 2269 3733 2323 inevitabilia.

2142 2371 2342 2424 I‘rmter
2370 2367 2785 2423 consolationem
2837 2380 2962 2418 vero
3007 2362 3316 2417 studeamus
3359 2371 3413 2415 et
3466 2360 3570 2429 ipsi
3617 2374 3743 2414 non

2138 2459 2363 2529 amplius
2389 2458 2584 2512 talibus
2626 2456 2731 2510 labi
2776 2455 3024 2525 peccatis,
3069 2454 3300 2507 scientes
3344 2466 3445 2505 nos
3469 2453 3614 2505 ultra
3640 2465 3744 2506 ve-

2140 2551 2280 2606 niam
2309 2565 2412 2604 non
2440 2557 2835 2618 asseqnuturns.
2865 2546 3031 2601 Simul
3071 2545 3227 2614 igitur
3253 2552 3377 2598 ante
3401 2543 3576 2597 Deum
3602 2557 3747 2612 pro-

2141 2639 2378 2695 cidamus
2406 2653 2612 2702 omnes,
2642 2648 2695 2692 et
2730 2637 2853 2691 dum
2896 2636 2980 2689 hic
3005 2650 3205 2699 sumus,
3238 2644 3293 2688 et
3333 2633 3558 2687 domum
3601 2648 3747 2702 pro-

2146 2733 2265 2786 fecti
2295 2733 2531 2786 dicamus
2565 2748 2579 2783 :
2631 2730 2810 2783 Justus
2852 2745 2930 2796 es,
2965 2728 3202 2789 Domine,
3250 2726 3301 2778 iu
3332 2724 3588 2779 omnibus
3610 2739 3749 2793 qua

2148 2824 2311 2877 fecisti
2336 2822 2489 2876 nobis
2518 2820 2658 2891 (Dan
2708 2822 2760 2875 5.
2791 2820 2882 2889 27)
2926 2836 2938 2871 :
2972 2818 3218 2887 quoniam
3264 2817 3317 2869 iu
3345 2832 3475 2869 veru
3520 2815 3749 2883 judicio

2148 2913 2417 2978 induxisti,
2449 2926 2797 2981 quaecumque
2848 2907 3117 2963 induxisti.
3170 2905 3227 2961 Si
3275 2913 3494 2974 peccata
3545 2913 3748 2957 nostra

2148 3005 2453 3061 obstiterint
2481 3004 2652 3068 nobis,
2691 3004 2771 3056 fac
2808 3000 2960 3055 nobis
2990 3007 3204 3068 propter
3228 3012 3426 3051 nomen
3470 3006 3651 3057 tuum,
3690 3006 3754 3051 et

2152 3114 2217 3150 ue
2242 3094 2501 3150 concedas
2527 3091 2752 3161 amplius
2782 3090 2961 3143 talium
3009 3102 3107 3141 nos
3154 3085 3518 3140 molestiarum
3567 3098 3757 3153 expe-

2154 3188 2398 3243 rientiam
2425 3199 2637 3255 capere.
2671 3181 2777 3236 Nec
2802 3197 2891 3234 nos
2926 3179 3137 3233 inducas
3181 3177 3233 3230 in
3276 3175 3630 3239 tentationem,
3654 3174 3757 3227 sed

2154 3282 2311 3337 libera
2338 3296 2430 3333 nos
2467 3295 2498 3331 a
2526 3278 2660 3330 malo
2690 3274 2900 3348 (Matth.
2932 3273 2985 3327 6.
3020 3272 3144 3341 l5):
3173 3268 3424 3339 quoniam
3474 3279 3632 3321 tuum
3661 3279 3757 3322 est

2154 3386 2377 3441 regnum
2407 3377 2462 3424 et
2484 3368 2736 3439 potentia,
2766 3374 2816 3420 et
2859 3362 3025 3433 gloria
3054 3362 3105 3415 in
3150 3360 3344 3414 saecula
3388 3357 3754 3413 sasculurum.

2159 3466 2345 3519 Amen.

477 3794 3700 3820 Μ

3716 3802 3747 3817 Ρ

478 3900 539 3943 13
589 3897 967 3939 ΡΠᾸΞΒΙΟἸὍΜ
1026 3894 1377 3939 SEDITIONIS
1427 3892 1899 3948 ABGL‘MENTUM,
1945 3892 2027 3933 DE
2070 3890 2368 3947 JEJUNIO,
2414 3890 2495 3932 ET
2536 3888 2601 3930 IN
2642 3886 3071 3931 APOSTOLICUM
3113 3885 3378 3940 DICTUM,
3437 3888 3755 3932 GAUDETE

1543 3993 1601 4036 IN
1645 3989 1889 4035 nomno
1930 3990 2178 4034 summa
2243 3972 2504 4053 (Philip.
2548 3967 2608 4029 lt.
2653 3967 2739 4047 lt).

1055 4335 1272 4376 IOIILIA
1308 4332 1457 4373 XVIII.

547 4495 600 4549 I.
627 4491 821 4548 Multos
839 4488 945 4544 vidi
973 4486 1284 4558 gaudentes,
1310 4493 1365 4541 et
1390 4483 1529 4538 inter
1556 4494 1615 4536 se
1657 4479 1897 4536 dicentes
1924 4496 1937 4532 :
1960 4477 2054 4534 Vi-

475 4587 666 4651 cimus,
721 4580 1107 4653 superavimus,
1158 4576 1344 4648 jejunii
1383 4572 1661 4630 dimidium
1715 4570 2051 4641 proﬂigatum

476 4687 578 4734 est.
612 4677 769 4731 Tales
798 4683 976 4728 autem
1007 4670 1194 4725 hortor
1222 4684 1327 4723 non
1353 4675 1633 4737 propterea
1649 4662 1902 4734 gaudere,
1926 4662 2047 4731 quia

481 4767 814 4841 proﬂigatum
832 4763 1093 4834 sitjejunii
1111 4758 1406 4824 dimidium,
1427 4756 1518 4811 sed
1548 4755 1675 4810 illud
1696 4753 2055 4820 considerare,

438 4919 447 4929 ι
484 4859 526 4911 si
549 4864 885 4928 peccatorum
922 4854 992 4909 sit
1016 4851 1349 4923 proﬂigatum
1373 4847 1688 4910 dimidium;
1729 4853 1786 4900 et
1809 4852 1936 4898 tunc
1963 4861 2055 4898 ex-

481 4951 681 5003 sultare
720 4964 734 5002 :
781 4945 883 5001 hoc
923 4945 1064 5000 enim
1103 4945 1371 5013 voluptate
1396 4940 1633 5008 dignum,
1667 4937 1767 4990 hoe
1811 4946 1891 4991 est
1917 4935 2057 5004 quod

483 5040 757 5110 queritur,
787 5048 841 5094 et
866 5046 1083 5108 propter
1108 5035 1247 5106 quod
1278 5033 1412 5088 facta
1437 5040 1559 5085 sunt
1583 5030 1791 5092 omnia,
1819 5035 1877 5081 ut
1909 5027 2060 5081 defe-

486 5142 607 5186 ctus
631 5139 844 5184 nostros
865 5129 1207 5197 corrigamus.
1223 5141 1289 5181 ne
1318 5124 1450 5179 tales
1468 5136 1717 5178 exeamus
1738 5120 1805 5174 de
1831 5119 2053 5189 jejunio,

486 5223 674 5295 quales
694 5221 953 5291 jejunium
986 5219 1208 5290 ingressi
1238 5231 1440 5280 sumus,
1472 5213 1566 5268 sed
1616 5212 1801 5273 abluti,
1839 5221 1893 5265 et
1913 5210 2057 5264 omni

488 5315 628 5369 mala
658 5311 1042 5368 consuetudine
1066 5311 1302 5380 deposita
1334 5350 1349 5375 ,
1382 5309 1460 5362 sic
1496 5318 1699 5359 sacram
1725 5316 1944 5372 agamus
1973 5314 2061 5355 so-

494 5405 849 5460 lemnitatem.
881 5402 936 5459 Si
964 5401 1065 5457 hoc
1090 5401 1246 5466 desit,
1265 5414 1367 5454 non
1392 5407 1593 5451 tantum
1622 5394 1763 5448 nulla
1788 5394 1938 5447 nobis
1958 5395 2061 5448 erit

496 5496 711 5563 utilitas,
743 5512 927 5552 verum
956 5505 1010 5551 et
1042 5495 1325 5550 maximum
1354 5505 1418 5545 cx
1459 5494 1823 5543 consummato
1864 5484 2061 5551 jejunio

493 5583 764 5639 damnum.
791 5586 868 5642 Ne
911 5586 1070 5655 igitur
1100 5585 1353 5643 laetemur,
1385 5577 1523 5647 quod
1561 5574 1747 5645 jejunii
1791 5575 2058 5643 prolixita-

499 5681 603 5725 tem
637 5677 999 5745 expedivimus
1029 5693 1042 5729 :
1085 5675 1210 5729 nihil
1255 5672 1393 5728 enim
1427 5684 1670 5738 magnum
1701 5667 1799 5721 hoc
1829 5678 1937 5731 est;
1968 5668 2059 5722 sed

2158 4316 2417 4375 laetemur,
2438 4305 2652 4375 quando
2680 4318 2799 4358 cum
2838 4302 2988 4357 bonis
3008 4302 3257 4371 operibus
3282 4302 3455 4372 ipsum
3486 4305 3747 4375 exegeri-

2154 4416 2293 4467 mus,
2323 4408 2381 4454 ut
2402 4398 2559 4454 etiam
2583 4399 2697 4466 ipso
2724 4402 3011 4459 transacto,
3037 4392 3235 4447 fructus
3266 4393 3432 4462 ipsius
3458 4396 3742 4465 effulgent.

2155 4490 2366 4547 Etenim
2413 4485 2619 4559 hyemis
2662 4484 2863 4540 lucrum
2889 4492 3011 4537 tunc
3026 4482 3259 4555 maxime
3279 4482 3685 4537 demonstratur
3725 4526 3744 4551 ,

2154 4598 2274 4638 cum
2319 4582 2407 4637 illa
2455 4578 2804 4651 praeterierit:
2837 4590 3062 4644 namque
3109 4583 3392 4629 vernantes
3420 4585 3656 4644 segetes,
3689 4585 3746 4633 et

2155 4674 2291 4729 foliis
2317 4688 2380 4728 ac
2404 4672 2579 4726 fructu
2608 4668 2883 4723 afﬂuentes
2908 4666 3124 4719 arbnres
3143 4681 3237 4734 per
3258 4665 3429 4732 ipsum
3456 4676 3743 4734 aspectum

2154 4766 2385 4820 clamant
2430 4762 2707 4816 utilitatem
2752 4758 2851 4811 sibi
2896 4773 2963 4813 ex
2997 4756 3187 4827 hyeme
3213 4754 3422 4809 factam.
3456 4754 3572 4809 Hoc
3602 4766 3660 4811 et
3688 4758 3743 4811 in

2157 4856 2310 4911 nobis
2332 4853 2531 4923 pariter
2559 4850 2666 4903 liat.
2702 4849 2907 4903 Etenim
2941 4848 3127 4917 pluviis
3152 4846 3415 4899 coutinuis
3442 4854 3497 4900 et
3525 4846 3740 4902 crebris

2158 4948 2211 5001 in
2246 4946 2437 5016 hyeme
2456 4940 2749 5011 perjejnnii
2781 4949 2984 5008 tempus
3014 4938 3159 5007 potiti
3188 4952 3391 5001 sumus,
3424 4938 3738 4992 continuam

2156 5037 2463 5092 haurientes
2504 5032 2817 5095 doctrinam,
2862 5038 2915 5083 et
2950 5029 3151 5083 semina
3199 5029 3532 5096 suscepimus
3574 5029 3741 5097 spiri-

2155 5127 2338 5191 tualia,
2370 5134 2424 5181 et
2465 5122 2771 5178 deliciarum
2802 5121 2980 5189 spinas
3022 5117 3362 5172 abscidimus.
3410 5117 3739 5173 Persevere-

2156 5232 2275 5273 mus
2299 5216 2477 5287 igitur,
2501 5228 2620 5284 quaa
2643 5211 2973 5280 suscepimus
2999 5223 3119 5263 cum
3136 5207 3408 5278 diligentia
3432 5219 3739 5274 servantes,

2156 5320 2215 5365 ut
2258 5320 2311 5365 et
2349 5307 2555 5379 jejunio
2584 5304 2851 5375 prmterito
2878 5301 3063 5372 jejunii
3109 5301 3362 5355 scaturiat
3391 5299 3599 5354 fructus
3632 5318 3646 5351 :
3680 5313 3738 5356 et

2157 5418 2254 5474 per
2283 5403 2418 5457 bona
2443 5416 2559 5469 qnze
2584 5398 2650 5453 de
2672 5396 2872 5467 jejunio
2901 5397 3154 5463 cepimus,
3180 5395 3337 5448 etiam
3361 5394 3527 5463 ipsius
3543 5393 3738 5463 jejunli

2156 5493 2514 5549 recordemur.
2543 5489 2599 5544 Si
2619 5503 2715 5542 nos
2738 5489 2893 5557 igitur
2913 5487 2989 5540 sic
3017 5498 3407 5553 comparemus,
3429 5484 3737 5545 adveniens

2151 5586 2411 5656 jejunium
2449 5598 2567 5639 cum
2606 5581 2873 5651 voluptate
2917 5578 3263 5647 suscipiemus
3303 5576 3500 5629 denuo.
3534 5576 3735 5629 Multos

2156 5670 2352 5725 etenim
2381 5668 2535 5723 video
2579 5682 2637 5724 se
2679 5666 2749 5721 ita
2782 5663 3184 5735 pusillanimiter
3236 5661 3521 5727 habentes,
3572 5670 3630 5715 ut
3686 5664 3740 5716 in
