3920 6224
68 242 179 300 179

68 360 399 429 βλέπωμεν,
436 357 570 413 ἀλλά
599 358 882 431 μάθωμεν.
903 359 957 412 τί
988 359 1118 412 ποτέ
1142 361 1260 413 ἐστι
1289 360 1497 423 πόλεως
1517 359 1756 431 ἀξίωμα,

63 450 121 501 τί
157 447 307 500 ποτέ
346 446 462 499 ἐστι
502 446 565 499 τὸ
605 446 791 500 ποιοῦν
816 446 971 500 πόλιν
1007 445 1356 518 μητρόπολιν.
1389 446 1574 501 Ταῦτα
1616 447 1760 516 λέγω

65 532 407 604 προσδοκῶν
448 533 545 604 μὲν
574 533 738 587 πάλιν
770 533 1143 604 ἀπολήψεσθαι
1173 535 1267 587 καὶ
1291 533 1448 587 τοῦτο
1476 533 1574 605 τὴν
1613 534 1760 588 πόλιν

66 621 130 673 τὸ
170 621 393 691 σχῆμα,
420 620 514 673 καὶ
550 619 644 672 ἐπὶ
673 619 773 690 τῆς
804 621 1012 684 οἰκείας
1058 621 1398 691 φανήσεσθαι
1428 621 1719 693 προεδρίας
1745 638 1758 650 ⁸

67 706 171 759 καὶ
211 707 331 778 γὰρ
355 706 732 778 φιλάνθρωπος
767 709 795 760 ὁ
825 706 1076 777 βασιλεὺς
1120 709 1214 761 καὶ
1252 707 1505 779 θεοφιλής
1527 724 1541 738 ⁸
1577 708 1763 779 βούλο-

74 812 182 863 μαι
218 795 282 847 δέ
317 796 479 865 ὑμᾶς,
508 797 557 847 εἰ
578 795 672 848 καὶ
694 794 1008 865 ἀποδοθείη,
1033 793 1106 865 μὴ
1135 793 1279 865 μέγα
1305 797 1399 849 ἐπὶ
1429 796 1605 866 τούτῳ
1630 813 1764 866 φρο-

69 884 192 935 νεῖν
229 881 370 952 μηδὲ
399 880 920 950 ἐγκαλλωπίζεσθαι,
961 881 1095 952 μηδέ
1144 883 1208 935 ἐκ
1240 881 1444 935 τούτων
1475 883 1573 954 τὴν
1609 884 1766 938 πόλιν

70 970 218 1039 ἡμῖν
256 967 739 1038 σεμνύνειν.”οταν
780 968 970 1041 ἐθέλῃς
1002 970 1104 1038 τῆς
1139 968 1348 1033 πόλεως
1381 972 1556 1024 εἰπεῖν
1588 972 1765 1040 ἐγκώ-

78 1072 232 1125 μιον,
270 1055 347 1125 μή
384 1071 472 1124 μοι
501 1054 598 1124 τὴν
634 1054 851 1126 Δάφνην
886 1057 1047 1127 εἴπῃς
1070 1056 1133 1109 τὸ
1159 1057 1502 1127 προάστειον,
1538 1059 1673 1129 μηδὲ
1703 1059 1766 1112 τὸ

76 1141 299 1211 πλῆθος
332 1142 426 1195 καί
453 1142 626 1213 μῆκος
643 1141 752 1194 τῶν
774 1142 1150 1214 κυπαρίσσων,
1175 1143 1309 1214 μηδὲ
1330 1144 1429 1207 τὰς
1452 1147 1635 1214 πηγὰς
1655 1146 1764 1200 τῶν

78 1230 325 1293 ὑδάτων,
356 1228 490 1299 μηδὲ
536 1228 598 1282 τὸ
645 1228 875 1292 πολλοὺς
912 1228 1012 1300 τὴν
1045 1230 1201 1283 πόλιν
1227 1232 1396 1283 οἰκεῖν
1422 1231 1763 1302 ἀνθρώπους,

82 1317 227 1388 μηδὲ
256 1316 323 1369 τὸ
355 1316 516 1388 μέχρι
553 1316 857 1388 βαθυτάτης
885 1316 1125 1389 ἑσπέρας
1169 1319 1264 1370 ἐπὶ
1292 1318 1391 1387 τῆς
1419 1319 1626 1390 ἀγορᾶς
1651 1319 1766 1372 δια-

76 1403 299 1474 τρίϐειν
330 1404 468 1475 μετά
505 1404 688 1469 ἀδείας
717 1404 936 1474 πολλῆς,
973 1404 1108 1474 μηδέ
1140 1404 1250 1457 τῶν
1282 1402 1431 1477 [179]
1463 1405 1638 1460 ὠνίων
1667 1407 1765 1477 τὴν

79 1491 359 1562 ἀφθονίαν
380 1509 393 1520 ⁸
426 1490 659 1560 αἰσθητά
691 1490 904 1544 ἅπαντα
930 1488 1125 1553 ταῦτα,
1168 1492 1263 1543 καὶ
1299 1491 1460 1562 μέχρι
1494 1491 1587 1545 τοῦ
1620 1509 1765 1564 παρ-

78 1580 241 1643 όντος
273 1578 503 1649 μένοντα
533 1578 648 1649 βίου
670 1595 681 1608 ⁸
713 1577 825 1632 ἀλλ’
856 1577 952 1631 ἐὰν
981 1577 1109 1650 ἔχῃς
1139 1579 1313 1633 εἰπεῖν
1338 1578 1559 1651 ἀρετὴν,
1587 1581 1762 1632 ἐπιεί-

78 1684 270 1730 κειαν,
322 1665 707 1737 ἐλεημοσύνην,
754 1666 1099 1736 παννυχίδας,
1158 1666 1344 1737 εὐχὰς,
1389 1667 1763 1739 σωφροσύνην,

80 1754 414 1825 φιλοσοφίαν
436 1753 635 1824 ψυχῆς,
665 1753 772 1807 ἀπὺ
800 1753 1004 1809 τούτων
1035 1754 1228 1825 κόσμει
1256 1754 1354 1826 τὴν
1386 1755 1558 1812 πόλιν.
1583 1755 1769 1810 Ταῦτα

79 1840 183 1894 καὶ
217 1843 341 1904 τοῖς
386 1840 485 1911 τὴν
531 1840 734 1911 ἔρημον
783 1838 991 1893 οἰκοῦσι
1038 1840 1311 1911 προσόντα
1344 1840 1527 1912 πάσης
1561 1842 1768 1906 πόλεως

80 1928 484 1999 λαμπροτέραν
508 1927 675 1998 αὐτὴν
706 1930 874 1981 ποιεί⁸
900 1928 993 1980 καὶ
1018 1927 1181 1982 πάλιν
1211 1928 1429 1982 πάντων
1455 1929 1766 1982 εὐτελεστέ-

84 2034 215 2087 ραν,
252 2016 319 2070 ἀν
356 2015 431 2088 μὴ
454 2019 601 2089 παρῇ
635 2015 805 2069 ταῦτα
831 2018 941 2080 τοῖς
969 2015 1186 2087 ἐκείνης
1207 2015 1472 2080 πολίταις.
1498 2017 1667 2071 Τοῦτο
1691 2016 1767 2088 μὴ

82 2105 183 2156 ἐπὶ
217 2104 427 2167 πόλεως
459 2104 640 2174 μόνον,
666 2102 798 2156 ἀλλά
827 2106 920 2157 καὶ
949 2105 1033 2157 ἐπ’
1056 2103 1359 2176 ἀνθρώπων
1385 2105 1698 2176 ποιήσωμεν
1715 2117 1762 2160 α.

96 2192 232 2245 Ἐάν
261 2193 383 2265 ἴδῃς
411 2192 692 2264 ἄνθρωπον
714 2191 1182 2264 πολυσαρκοῦντα,
1214 2194 1294 2257 εἰς
1319 2192 1532 2258 εὐεξίαν
1565 2192 1768 2263 πολλὴν

85 2278 453 2350 ἐκϐεδηκὸτα,
487 2279 689 2352 ὑψηλὸν
738 2280 834 2334 καὶ
878 2281 1003 2344 τοὺς
1042 2279 1235 2344 ἄλλους
1268 2280 1663 2351 ὑπερϐαίνοντα
1691 2280 1767 2350 τῷ

88 2371 262 2440 μήκει
312 2366 405 2421 τοῦ
447 2366 722 2438 σώματος,
759 2366 833 2438 μὴ
878 2367 1189 2439 θαυμάσῃς,
1221 2366 1327 2431 ἓως
1356 2367 1421 2422 ἂν
1454 2368 1619 2421 αὑτοῦ
1669 2368 1768 2440 τὴν

80 2456 270 2526 ψυχὴν
321 2454 664 2526 καταμάθῃς.
705 2453 797 2525 Μή
851 2455 961 2508 ἀπὸ
1012 2455 1110 2526 τῆς
1162 2454 1363 2522 ἔξωθεν
1417 2456 1765 2527 εὐμορφίας,

84 2543 230 2596 ἀλλά
285 2542 381 2595 καὶ
434 2542 543 2597 ἀπὸ
578 2542 673 2596 τοῦ
716 2543 858 2597 κατά
893 2542 992 2614 τὴν
1028 2543 1265 2597 διάνοιαν
1305 2542 1536 2608 κάλλους
1591 2561 1791 2615 μακαν

86 2631 336 2701 ρίζωμεν
388 2629 657 2694 ἅπαντας.
716 2631 927 2707 Μικρὸς
986 2626 1055 2702 ἦν
1114 2632 1143 2684 ό
1200 2630 1363 2684 Δαυῖδ
1413 2631 1519 2684 καὶ·
1562 2631 1768 2702 βραχὺς

84 2717 166 2789 τῷ
199 2716 414 2789 σώματι
430 2719 480 2784 ι’,
503 2717 616 2771 ἀλλ’
642 2719 789 2789 ὅμως
815 2721 843 2773 ὁ
866 2718 1068 2790 βραχὺς
1095 2720 1302 2784 ἐκεῖνος
1322 2720 1416 2773 καὶ
1440 2720 1657 2790 μικρὸς,
1674 2720 1768 2773 καὶ

85 2804 199 2859 τῶν
228 2805 409 2861 ὃπλων
440 2806 861 2877 γεγυμνωμένος
894 2807 1168 2872 ἁπάντων,
1192 2806 1557 2878 στρατόπεδον
1579 2807 1768 2860 τοσοῦ-

87 2912 183 2948 τον
204 2893 407 2947 καὶτὸν
431 2893 693 2963 σαρκικδν
716 2895 923 2948 ἐκεῖνον
952 2894 1162 2966 πύργον
1177 2895 1286 2948 ἀπὸ
1311 2896 1442 2966 μιᾶς
1461 2896 1767 2965 κατήνεγκε

90 2981 449 3054 πληγῆς,ούκ
476 2981 763 3045 ἀκοντίσας
790 2982 939 3054 δόρυ,
961 2983 1079 3036 οὑδέ
1098 2982 1250 3054 βέλος
1266 2983 1451 3054 ἀφεὶς,
1468 2983 1588 3037 οὑδέ
1618 2981 1770 3053 ξίφος

92 3066 416 3138 γυμνώσας,
451 3067 588 3121 ἀλλά
626 3069 797 3139 μικρᾷ
835 3067 962 3139 βολῇ
983 3080 1006 3108 ο
1036 3067 1097 3121 τὸ
1131 3070 1237 3123 πᾶν
1258 3067 1771 3140 ἐργασάμενος.Διά

90 3152 255 3206 τοῦτο
281 3151 374 3205 καί
394 3170 479 3216 τις
501 3156 756 3224 παραινεῖ
773 3153 947 3221 λέγων
964 3171 978 3185 ⁸
997 3152 1092 3221 Μὴ
1106 3152 1434 3221 ἐπαινέσῃς
1456 3153 1772 3221 ἄνθρωπον

92 3243 163 3294 ἐν
204 3239 419 3295 κάλλει
460 3241 667 3303 αὐτοῦ,
702 3240 859 3311 μηδέ
881 3240 1159 3308 βδελύξῃ
1205 3239 1396 3307 ἄνδρα
1444 3240 1516 3292 ἐν
1563 3237 1769 3307 ὁράσει

89 3329 311 3383 αὑτοῦ·
347 3332 533 3398 μικρὰ
571 3328 641 3382 ἐν
687 3329 981 3395 πετεινοῖς
1029 3329 1068 3396 ἡ
1109 3326 1402 3395 μέλισσα,
1455 3325 1553 3380 καί
1613 3326 1766 3395 ἀρχὴ

90 3417 462 3486 τλυκασμῶν
508 3421 541 3471 ὁ
571 3416 797 3487 καρπὸς
845 3417 1055 3486 αὐτῆς.
1090 3416 1260 3469 Τοῦτο
1290 3418 1385 3469 καὶ
1420 3417 1512 3469 ἐπὶ
1557 3415 1768 3480 πόλεως

153 3506 179 3533 ³
205 3505 300 3553 Alii
323 3507 550 3566 ποιῶμεν.

156 3567 184 3604 b
218 3566 315 3614 Alii
334 3568 389 3613 τὸ
409 3569 568 3627 σῶμα.

158 3630 183 3658 ⁸
205 3626 355 3692 δαν-11.
377 3635 439 3692 εει
461 3626 654 3692 plurimi
676 3641 789 3692 mss.
818 3631 963 3692 μικρᾷ
991 3628 1150 3690 βώλῳ,
1183 3627 1264 3676 alii
1290 3632 1433 3691 μικρᾷ
1455 3627 1589 3690 βολῇ.
1617 3626 1768 3675 Paulo

91 3697 206 3751 post
228 3690 308 3737 alii
333 3690 396 3750 μὴ
422 3689 671 3751 ἐπαινέσῃς
690 3689 855 3753 ἄνδρα.

1052 241 1143 296 Δί)
1179 240 1509 299 POPULUM
1547 242 2044 301 ANTIOCHENUM
2101 244 2338 302 HOMIL.
2381 243 2563 300 XVIII.

3425 248 3527 305 180

1861 363 1951 415 καὶ
1997 361 2207 432 ἀνδρῶν
2230 360 2502 431 λέγωμεν,
2537 359 2633 424 καὶ
2662 359 2799 431 πρὸς
2825 361 3090 434 ἀλλήλους
3124 360 3524 436 φιλοσοφῶμεν,
3588 360 3593 365 ⁴

1860 442 1952 496 καὶ
1976 447 2050 519 τῷ
2088 448 2206 519 Θεῷ
2240 449 2399 520 χάριν
2421 447 2634 519 ἔχωμεν
2661 447 2926 519 διηνεκῶς
2959 450 3056 503 καὶ
3084 450 3225 522 ὑπὲρ
3246 450 3354 505 τῶν
3382 469 3526 525 παρ-

1859 534 2027 588 όντων
2073 537 2164 589 καὶ
2204 536 2344 607 ὑπὲρ
2369 534 2478 589 τῶν
2530 536 2930 606 παρελθόντων,
2978 537 3073 590 καὶ
3119 539 3528 611 παρακαλῶμεν

1862 621 2024 675 αὑτὸν
2075 624 2229 693 κοινῇ
2264 621 2403 692 μετὰ
2433 622 2712 686 ἐκτενείας
2743 621 2946 695 πάσης,
2984 623 3126 678 ὥστε
3173 624 3268 679 καὶ
3311 626 3441 689 τοὺς
3467 626 3529 679 τὸ

1865 709 2236 782 δεσμωτήριον
2284 709 2588 774 οἰκοῦντας,
2645 711 2906 775 καὶτοὺς
2953 713 3034 774 εἰς
3088 712 3186 783 τὴν
3242 712 3530 784 ἀλλοτρίαν

1869 797 2276 867 μετοικίζεσθαι
2326 796 2640 867 μέλλοντας,
2677 799 2805 861 τοὺς
2839 798 2936 868 μὲν
2967 798 3256 870 ἀφεθῆναι,
3306 800 3432 864 τοὺς
3470 800 3528 854 δὲ

1863 882 2200 937 ἐπανελθεῖν.
2225 882 2381 955 Μέλη
2417 884 2572 954 ήμῶν
2611 886 2717 938 εἰσι
2751 886 3012 949 κάκεῖνοι,
3043 885 3335 958 μεθ’ήμῶν
3365 887 3528 941 ἐκλυ-

1862 970 2222 1040 δωνίσθησαν,
2256 971 2375 1041 μεθ’
2411 970 2568 1042 ἡμῶν
2605 971 2698 1024 τὸν
2749 973 2991 1043 χειμῶνα
3038 973 3386 1044 ὑπέστησαν
3424 991 3530 1028 πα·-

1869 1058 2196 1130 ρακαλῶμεν
2226 1057 2406 1111 τοίνυν
2438 1057 2532 1111 τὸν
2587 1058 2970 1131 φιλάνθρωπον
3016 1060 3150 1115 Θεὸν
3202 1058 3321 1132 μεθ’
3368 1061 3530 1132 ήμῶν

1866 1145 2064 1209 αὑτοὺς
2098 1143 2406 1200 ἀπολαῦσαι
2448 1146 2545 1216 τῆς
2577 1145 2839 1218 γαλήνης.
2875 1146 2968 1219 Μὴ
2998 1147 3204 1216 λεγέτω
3239 1164 3352 1213 τις·
3381 1147 3530 1203 Τίδέ

1869 1248 1959 1301 μοι
1998 1232 2153 1301 μέλει
2177 1231 2393 1297 λοιπὸν;
2420 1231 2745 1303 ἀπηλλάγην
2777 1232 2870 1286 τοῦ
2910 1233 3182 1298 κινδύνου,
3213 1234 3533 1289 ἀπολλύσθω

1866 1320 1894 1371 ὁ
1932 1318 2103 1380 δεῖνα,
2155 1317 2556 1390 διαφθειρέσθω
2611 1319 2817 1388 ἕτερος.
2869 1319 2961 1391 Μὴ
3001 1320 3391 1391 παροξύνωμεν
3441 1321 3533 1374 τὸν

1867 1404 2000 1458 Θεὸν
2034 1404 2121 1459 διὰ
2148 1404 2249 1474 τῆς
2266 1404 2570 1476 ὑπεροψίας
2602 1405 2831 1475 ταύτης,
2863 1405 2979 1460 ἀλλ’
3010 1406 3086 1470 ὡς
3124 1407 3280 1460 αὑτοὶ
3307 1408 3459 1470 ὄντες
3477 1409 3533 1460 ἐν

1866 1494 1978 1554 τοῖς
2018 1490 2232 1556 δεινοῖς,
2287 1490 2460 1556 οὑτως
2498 1491 2835 1562 ὀδυνώμεθα.
2890 1491 3033 1545 οὑτω
3080 1494 3172 1546 τὸν
3224 1492 3355 1546 Θεὸν
3398 1495 3536 1563 μετά

1871 1577 2148 1640 ἐκτενείας
2178 1578 2614 1649 παρακαλῶμεν,
2649 1580 2826 1632 ἐκεῖνο
2868 1579 2929 1632 τὸ
2955 1578 3172 1633 Παύλου
3201 1578 3536 1650 πληροῦντες

1869 1665 2060 1735 ῥητόν·
2100 1664 2222 1731 Τοῖς
2260 1665 2531 1735 δεσμίοις
2567 1667 2647 1732 ὡς
2678 1666 3126 1736 συνδεδεμένοι,
3151 1667 3277 1733 τοῖς
3317 1683 3538 1721 κακου-

1866 1753 2180 1821 χουμένοις
2202 1752 2283 1818 ὠς
2302 1752 2398 1806 καὶ
2418 1752 2590 1807 αὐτοὶ
2611 1752 2782 1819 ὄντες
2804 1753 2872 1807 ὲν
2890 1753 3142 1822 σώματι,
3173 1755 3274 1808 καὶ
3295 1755 3538 1809 κλαίον-

1867 1856 1964 1904 τες
1987 1840 2137 1909 μετὰ
2162 1841 2521 1905 κλαίοντων,
2545 1840 2670 1907 τοῖς
2701 1842 3007 1909 ταπεινοῖς
3025 1844 3535 1913 συναπαγόμενοι.

1867 1926 2039 1981 Τοῦτο
2076 1929 2170 1982 καὶ
2214 1929 2362 1998 ἡμᾶς
2396 1928 2593 1992 αὑτοὺς
2640 1928 2914 2000 ὠφελήσει
2960 1930 3029 1984 τὰ
3091 1931 3350 2002 μέγιστα·
3387 1931 3539 1986 οὑδέν

1865 2014 1975 2085 γὰρ
2029 2014 2169 2067 οὕτω
2215 2015 2307 2068 τὸν
2355 2014 2487 2068 Θεὸν
2535 2014 2851 2085 εὐφραίνειν
2900 2014 3115 2080 εἴωθεν,
3170 2016 3247 2080 ὡς
3298 2016 3361 2071 τὸ
3401 2016 3540 2089 μετά

1868 2096 2071 2167 πολλῆς
2102 2096 2413 2168 προθυμίας
2447 2097 2637 2165 ἀλγεῖν
2683 2098 2823 2169 ὑπὲρ
2852 2098 2960 2152 τῶν
2994 2098 3172 2170 μελῶν
3204 2099 3311 2153 τῶν
3333 2100 3537 2171 ήμετέσι

1870 2200 1999 2255 ρων.
2022 2182 2434 2254 Παρακαλῶμεν
2452 2184 2629 2238 τοίνυν
2648 2184 2811 2237 αὑτὸν
2830 2187 2980 2256 κοινῇ
3002 2187 3096 2239 καὶ
3110 2185 3250 2258 ὑπὲρ
3268 2188 3378 2239 τῶν
3395 2204 3537 2258 παρ-

1865 2273 2033 2326 όντων
2071 2274 2165 2325 καὶ
2205 2273 2344 2344 ὑπὲρ
2382 2271 2492 2327 τῶν
2539 2272 2867 2344 μελλόντων,
2914 2273 3056 2327 ὥστε
3087 2275 3351 2347 κάκείνης
3392 2276 3539 2346 ήμᾶς

1868 2358 2177 2429 ἐξαρπάσαι
2202 2359 2301 2428 τῆς
2331 2357 2624 2437 κολάσεως.
2643 2360 2724 2413 Τά
2755 2355 2854 2430 μὲν
2889 2359 2997 2432 γάρ
3019 2361 3260 2431 παρόντα
3277 2358 3364 2414 οἷα
3394 2361 3460 2416 ἂν
3478 2360 3534 2435 ᾖ,

1868 2447 2082 2518 φορητά
2108 2445 2168 2498 τέ
2197 2447 2312 2499 ἐστι
2347 2446 2441 2499 καὶ
2471 2447 2627 2510 τέλος
2646 2446 2758 2518 ἔχει
2778 2462 2791 2477 ⁸
2828 2447 2897 2500 τά
2915 2448 2970 2501 δὲ
2993 2450 3111 2502 ἐκεῖ
3139 2448 3539 2522 βασανιστήρια

1868 2534 2113 2588 ἀθάνατά
2137 2552 2197 2586 τε
2224 2534 2318 2588 καὶ
2344 2534 2582 2606 ἄφυκτα.
2618 2534 2775 2589 Μετά
2814 2535 2869 2589 δὲ
2898 2536 3000 2606 τῆς
3026 2537 3424 2609 παρακλήσεως
3447 2540 3541 2593 καὶ

1868 2620 2022 2674 αὐτοὶ
2048 2619 2461 2691 σπουδάζωμεν,
2484 2620 2682 2692 μηκέτι
2700 2620 2967 2686 τοιούτοις
2989 2623 3341 2693 περιπίπτειν
3364 2623 3539 2696 ἀμαρο

1868 2709 2125 2779 τήμασιν,
2150 2706 2349 2771 εἰδότες
2378 2709 2462 2761 ὅτι
2493 2707 2681 2762 λοιπὸν
2710 2707 2831 2761 οὑδὲ
2858 2707 3191 2780 συγγνώμης
3233 2709 3541 2764 ἀπολαῦσαι

1867 2793 2233 2866 δυνησόμεθα.
2299 2795 2468 2864 Κοινῇ
2533 2794 2717 2847 τοίνυν
2783 2793 2861 2866 τῷ
2926 2793 3046 2866 Θεῷ
3106 2796 3541 2869 προσπίπτωμεν

1869 2882 2130 2944 ἅπαντες,
2165 2882 2261 2935 καὶ
2289 2880 2524 2936 ἐνταῦθα
2545 2880 2720 2947 ὄντες,
2748 2881 2844 2935 καὶ
2869 2880 3009 2935 κατά
3032 2884 3160 2945 τοὺς
3191 2883 3372 2946 οἴκους
3392 2885 3540 2952 γινό-

1872 2987 2042 3042 μενοι,
2097 2968 2384 3040 λέγωμεν⁸
2439 2966 2660 3033 Δίκαιος
2712 2966 2783 3033 εἰ,
2839 2968 3038 3041 Κύριε,
3093 2969 3188 3023 ἐπὶ
3241 2971 3408 3023 πᾶσιν
3458 2965 3541 3033 οἷς

1868 3057 2132 3128 ἐποίησας
2170 3058 2324 3127 ἡμῖν,
2362 3056 2444 3109 δτι
2485 3058 2543 3109 ἐν
2587 3056 2812 3127 ἀληθινῇ
2857 3056 3038 3128 κρίσει
3084 3057 3389 3128 ἐπήγαγες,
3438 3058 3541 3112 ὅσα

1869 3147 2169 3214 ἐπήγαγες.
2212 3144 2278 3196 Εἰ
2303 3144 2361 3196 αἱ
2384 3143 2652 3214 ἁμαρτίαι
2683 3143 2839 3213 ἡμῶν
2858 3142 3008 3216 [180]
3031 3145 3370 3216 ἀντέστησαν
3388 3148 3539 3218 ἡμῖν,

1869 3232 2096 3302 ποίησον
2126 3232 2258 3302 ήμῖν
2295 3230 2482 3284 ἐνεκεν
2508 3229 2602 3284 τοῦ
2628 3229 2893 3300 ὀνόματός
2931 3247 3047 3296 σου,
3083 3231 3179 3285 καὶ¹
3215 3233 3290 3304 μὴ
3328 3250 3541 3305 συγχω-

1871 3323 2044 3395 ρήσῃς
2094 3322 2292 3393 μηκέτι
2337 3320 2593 3375 τοιούτων
2650 3321 2840 3376 δεινῶν
2889 3326 3085 3393 πεῖραν
3136 3323 3342 3392 λαϐεῖν,
3376 3324 3541 3393 Μηδέ

1872 3410 2230 3480 εἰσενέγκῃς
2270 3411 2430 3480 ἡμᾶς
2467 3414 2555 3477 εἰς
2595 3411 2948 3482 πειρασμὸν,
2980 3412 3138 3467 ἀλλὰ
3157 3413 3346 3482 ῥῦσαι
3383 3414 3541 3484 ἡμᾶς

1866 3499 1987 3554 ἀπὸ
2040 3498 2147 3553 τοῦ
2195 3499 2502 3567 πονηροῦ,
2548 3501 2628 3553 ὅτι
2664 3500 2758 3553 σοῦ
2816 3501 2964 3554 ἐστιν
3010 3503 3042 3575 ή
3095 3500 3340 3572 βασιλεία
3379 3504 3474 3556 καὶ
3506 3506 3540 3575 ή

1865 3588 2133 3660 δύναμις,
2188 3590 2280 3642 καὶ
2326 3591 2359 3660 ή
2404 3588 2531 3654 δόξα
2572 3590 2653 3653 εἰς
2699 3588 2826 3653 τοὺς
2884 3589 3087 3654 αἰῶνας
3142 3589 3250 3646 τῶν
3302 3589 3537 3648 αἰώνων.

1881 3677 2075 3749 Ἀμήν.

100 3940 204 4004 Εἰς
242 3935 352 4002 τὴν
383 3931 819 4003 προειρημένην
855 3933 1148 3988 ὑπόθεσιν
1178 3932 1289 3999 τῆς
1320 3932 1612 3996 στάσεως,
1653 3930 1786 3997 περὶ
1819 3929 2126 3997 νηστείας,
2162 3929 2260 3984 καί
2294 3931 2381 3995 εἰς
2415 3928 2482 3982 τὸ
2510 3928 2700 3996 ῥητὸν
2728 3927 2834 3982 τοῦ
2876 3918 3272 3996 Ἀποστόλου,
3307 3929 3539 4001 Χαίρετε

1548 4025 1605 4074 ἐν
1642 4020 1830 4093 Κυρίῳ
1855 4021 2083 4075 πάντοτε
2101 4033 2149 4074 ι.

746 4279 981 4348 Ὀμιλία
1006 4283 1099 4344 ιη’.

163 4375 236 4423 α’.
253 4364 486 4430 Πολλοὺς
506 4363 649 4419 εἶδον
677 4364 986 4435 χαίροντας,
1007 4363 1102 4418 καὶ
1126 4362 1261 4434 πρὸς
1291 4360 1550 4433 ἀλλήλους
1574 4359 1760 4428 λέγονο

92 4473 186 4518 τας
199 4453 608 4523 ⁸Ὲνικήσαμεν,
626 4453 1034 4523 ἐκρατήσαμεν,
1053 4447 1366 4520 ἐδαπανήθη
1386 4448 1486 4517 τῆς
1508 4446 1758 4519 νηστείας

92 4544 155 4597 τὸ
175 4544 371 4614 ἥμισυ.
401 4541 541 4604 Τοὺς
590 4539 649 4593 δέ
696 4537 970 4601 τοιούτους
1000 4535 1325 4609 παρακαλῶ,
1365 4535 1440 4606 μὴ
1481 4534 1571 4587 διά
1595 4533 1759 4587 τοῦτο

93 4632 338 4701 χαίρειν,
385 4628 466 4682 ὅτι
504 4626 817 4698 ἐδαπανήθη
868 4627 968 4697 τῆς
1012 4624 1269 4694 νηστείας
1316 4621 1377 4675 τὸ
1415 4623 1610 4694 ἥμισυ,
1641 4620 1757 4674 ἀλλ’

92 4722 267 4773 ἐκεῖνο
314 4718 556 4780 σκοπεῖν,
596 4717 644 4769 εἰ
692 4716 800 4769 τῶν
854 4713 1273 4786 ἁμαρτημάτων
1326 4709 1640 4782 ἐδαπανήθη
1691 4709 1756 4762 τὸ

92 4809 287 4879 ήμισυ,
314 4805 409 4859 καί
450 4804 574 4858 τότε
610 4803 969 4872 ἀγάλλεσθαι·
999 4802 1161 4856 τοῦτο
1211 4799 1321 4872 γὰρ
1359 4800 1551 4871 ήδονῆς
1584 4797 1757 4863 ἄξιον,

91 4894 249 4949 τοῦτό
292 4894 408 4946 ἐστι
441 4892 502 4946 τὸ
530 4890 864 4963 ζητούμενον
908 4891 1004 4944 καὶ
1041 4890 1109 4944 δι’
1139 4889 1168 4943 ὃ
1193 4890 1372 4944 πάντα
1400 4888 1636 4958 γίνεται,
1667 4886 1756 4942 ἵνα

92 4983 158 5036 τὰ
184 4979 540 5051 ἐλαττώματα
589 4979 745 5051 ήμῶν
796 4976 1202 5050 διορθώσωμεν,
1258 4977 1347 5031 ἵνα
1400 4975 1476 5048 μὴ
1522 4973 1756 5028 τοιοῦτοι

94 5067 397 5138 ἐξέλθωμεν
424 5066 532 5119 ἀπὸ
564 5066 840 5138 νηστείας,
865 5060 967 5118 οἷοι
998 5064 1320 5136 εἰσήλθομεν
1350 5066 1430 5128 εἰς
1478 5060 1753 5134 νηστείαν,

92 5155 203 5208 ἀλλ’
223 5151 619 5223 ἀπονιψάμενοι
638 5154 735 5206 καλ⁵
753 5153 933 5206 πάντα
956 5150 1284 5222 ἀποθέμενοι
1308 5150 1378 5204 τά
1394 5149 1496 5219 τῆς
1513 5148 1758 5218 πονηρᾶς

94 5241 398 5313 συνηθείας,
426 5240 568 5294 οὕτω
591 5241 691 5313 τήν
719 5240 869 5310 ἱεράν
903 5239 1202 5309 ἀγάγωμεν
1229 5237 1422 5308 ἑορτήν
1440 5252 1455 5268 ⁸
1483 5232 1558 5299 ὡς
1589 5234 1656 5288 ἂν
1682 5234 1754 5306 μή

98 5330 249 5383 τοῦτο
276 5326 331 5401 ᾖ,
360 5330 423 5384 οὑ
472 5329 630 5399 μόνον
663 5327 815 5381 οὐδὲν
853 5329 985 5398 ήμῖν
1030 5326 1187 5379 ἔσται
1239 5323 1453 5394 κέρδος,
1490 5322 1625 5375 ἀλλά
1662 5323 1752 5375 καὶ

102 5418 287 5488 βλάϐος
319 5418 574 5488 μέγιστον
599 5417 695 5486 τῆς
728 5415 979 5487 νηστείας
1012 5411 1434 5483 δαπανηθείσης.
1457 5408 1548 5481 Μή
1577 5409 1755 5462 τοίνυν

101 5506 384 5576 χαίρωμεν,
404 5504 485 5556 ὅτι
505 5503 835 5575 διηνύσαμεν
855 5502 956 5572 τῆς
980 5499 1234 5571 νηστείας
1269 5499 1330 5550 τὸ
1363 5500 1537 5568 μῆκος
1577 5495 1753 5566 (τοῦτο

156 5614 179 5639 ⁸
206 5610 284 5658 Sax
299 5608 349 5656 il.
371 5608 503 5657 hunc
522 5608 669 5656 eﬂ'el't
690 5606 884 5656 titulum
914 5619 926 5647 ε
961 5603 1155 5666 Ὅμιλία
1170 5603 1395 5666 λεχθεῖσα
1415 5602 1478 5656 εἰς
1497 5599 1752 5666 τήν-μέσην

104 5674 187 5717 τῶν
210 5671 450 5729 -ωστειῶν,
473 5671 553 5717 καὶ
574 5671 638 5725 εἰς
658 5669 714 5717 τὸ
733 5662 1048 5717 ἀποστολικὸν
1075 5665 1214 5730 ρη-τὸν
1320 5665 1472 5730 λέγον,
1504 5681 1527 5702 «ι
1552 5662 1752 5730 Χαίρετε

104 5722 560 5794 ίνίὶυρῖῳπέιντοτε,υ
571 5722 651 5779 καὶ
667 5731 868 5794 περὶτῆς
882 5722 1216 5791 «magni-im;
1234 5726 1281 5775 ἐν
1295 5731 1352 5788 τῇ
1374 5722 1507 5773 πόλει
1519 5722 1748 5778 στάσεως.

1864 4272 1971 4344 γὰρ
2010 4272 2162 4326 οὐδὲν
2187 4272 2328 4343 μέγα
2361 4272 2551 4337 ἐστὶν),
2586 4271 2720 4325 ἀλλά
2742 4273 3040 4344 χαίρωμεν,
3070 4273 3196 4327 ὅταν
3235 4274 3369 4344 μετά
3400 4293 3534 4331 κατ-

1861 4357 2197 4428 ορθωμάτων
2238 4357 2371 4410 αὑτὸ
2411 4356 2773 4428 διανύσωμεν,
2818 4356 2903 4409 ἵνα
2932 4358 3026 4410 καὶ
3046 4357 3386 4432 ἀπελθούσης
3402 4362 3536 4414 ταύ-

1861 4462 1980 4514 της,
2013 4447 2042 4498 6
2067 4445 2270 4517 ταύτης
2294 4444 2577 4518 διαλάμπῃ
2606 4444 2836 4518 καρπός.
2873 4446 2983 4498 Καὶ
3013 4445 3121 4519 γὰρ
3154 4445 3247 4499 τοῦ
3269 4447 3537 4517 χειμῶνος

1860 4528 1923 4581 τὸ
1953 4528 2146 4601 κέρδος
2172 4528 2292 4582 τότε
2323 4529 2556 4599 μάλιστα
2584 4529 2858 4583 δείκνυται
2888 4529 2939 4592 δ,
2987 4529 3117 4582 ὅταν
3152 4532 3358 4593 ἐκεῖνος
3390 4549 3535 4603 παρ-

1863 4613 2026 4684 έλθῃ⁸
2083 4615 2178 4668 καὶ
2227 4613 2337 4686 γὰρ
2389 4614 2644 4686 κομῶντα
2697 4613 2768 4667 τά
2814 4614 2961 4685 λήῖα.
3017 4616 3112 4668 καὶ
3162 4616 3380 4684 φύλλοις
3442 4620 3536 4671 καὶ

1862 4698 2060 4772 καρπῷ
2086 4700 2157 4753 τά
2185 4699 2376 4772 δένδρα
2408 4692 2640 4772 β’ρύοντα
2672 4699 2761 4753 διὰ
2786 4700 2888 4770 τῆς
2907 4700 3083 4770 ὅψεως
3116 4701 3214 4773 βοᾷ
3234 4702 3330 4773 τήν
3356 4704 3421 4756 ἐκ
3441 4704 3534 4756 τοῦ

1862 4787 2130 4858 χειμῶνος
2154 4787 2455 4859 γενομένην
2488 4788 2756 4857 ὠφέλειαν
2784 4788 2988 4851 αὑτοῖς.
3039 4788 3212 4844 Τοῦτο
3235 4789 3298 4862 δὴ
3333 4793 3426 4844 καὶ
3448 4793 3533 4861 ἐφ’

1859 4873 2019 4944 ήμῶν
2043 4873 2305 4942 γενέσθω.
2329 4875 2440 4928 Καὶ
2466 4875 2576 4944 γὰρ
2614 4873 2784 4927 ὑετῶν
2830 4875 3068 4945 συνεχῶν
3094 4876 3189 4930 καὶ
3216 4877 3534 4949 ἐπαλλήλων

1861 4962 2250 5033 ἀπελαύσαμεν
2278 4964 2336 5016 ἐν
2360 4962 2438 5034 τῷ
2467 4962 2697 5034 χειμῶνι
2728 4962 2872 5017 κατά
2885 4964 2976 5017 τὸν
3004 4965 3104 5035 τῆς
3130 4967 3389 5033 νηστείας
3413 4984 3535 5021 και-

1863 5052 1957 5124 ρὸν
1984 5050 2266 5122 διηνεκοῦς
2304 5053 2664 5123 μετασχόντες
2691 5052 3059 5117 διδασκαλίας,
3104 5054 3199 5108 καὶ⁸
3244 5056 3533 5128 σπέρματα

1860 5139 2162 5212 ἐδεξάμεθα
2210 5139 2580 5208 πνευματικὰ,
2617 5141 2712 5194 καὶ
2746 5141 2845 5205 τὰς
2881 5141 3126 5207 ἀκάνθας
3165 5144 3267 5213 τῆς
3318 5146 3531 5216 τρυφῆς

1859 5227 2231 5299 ἀπετέμομεν.
2252 5225 2516 5298 Μένωμεν
2542 5228 2724 5282 τοίνυν
2740 5227 2846 5281 ἀπε
2855 5245 2886 5301 ρ
2910 5229 3289 5300 ὑπεδεξάμεθα
3309 5230 3532 5301 τηροῦν-

1858 5332 1950 5378 τες
1986 5313 2125 5385 μετά
2144 5313 2450 5385 ἀκριϐείας,
2490 5315 2578 5368 ἵνα
2626 5315 2721 5368 καὶ
2738 5315 2839 5385 τῆς
2863 5317 3115 5387 νηστείας
3138 5316 3478 5387 ἀπελθούσης
3500 5319 3530 5371 ὁ

1858 5398 1960 5467 τῆς
1992 5396 2251 5468 νηστείας
2308 5396 2447 5468 βρύῃ
2495 5399 2726 5469 καρπὸς,
2779 5398 2875 5452 καὶ
2924 5399 3012 5453 διὰ
3048 5399 3155 5452 τῶν
3194 5400 3413 5467 ἀγαθῶν
3453 5394 3531 5456 ὧν

1860 5483 2310 5553 ἐκαρπωσάμεθα
2359 5484 2466 5537 ἀπὸ
2509 5485 2607 5555 τῆς
2646 5484 2917 5555 νηστείας,
2964 5486 3058 5538 καὶ
3102 5485 3274 5556 αὐτῆς
3310 5505 3529 5561 μνημο-

1860 5566 2101 5635 νεύωμεν
2132 5566 2234 5636 τῆς
2262 5567 2533 5637 νηστείας.
2567 5569 2689 5621 Ἐὰν
2716 5566 2888 5629 οὕτως
2917 5570 3143 5632 ἑαυτοὺς
3173 5576 3528 5635 παρασκευάο

1917 5662 1947 5701 b
1970 5662 2118 5737 Sayil.
2143 5667 2202 5734 gl.
2223 5663 2409 5737 aliqjlot
2447 5677 2563 5737 ιιιεειζ
2604 5667 2680 5714 καὶ
2718 5666 2810 5737 ,γὰρ
2845 5664 3200 5737 τοῦηχειμῶριος
3231 5663 3530 5723 ἀπελθόντος,

1859 5725 1983 5784 μένει
2010 5725 2064 5773 τὸ
2087 5725 2172 5774 τοῦ
2194 5727 2425 5788 χειμῶνος
2454 5728 2634 5790 κέρδος,
2655 5728 2733 5775 καὶ
2754 5725 2861 5776 τότε
2886 5725 3090 5790 μάλιστα
3110 5727 3358 5785 δείκνυται,
