3920 6224
115 410 216 466 181

117 532 390 596 pra-senti
418 531 484 584 de
513 530 687 588 futura
724 533 934 588 solliciti
973 537 1078 590 sint
1111 537 1537 609 Quadragesima,
1580 543 1718 596 mul-

115 633 328 690 tosque
353 621 590 676 dicentes
634 623 831 686 audivi,
878 640 938 680 se
975 638 1094 696 post
1115 629 1300 696 jejunii
1343 631 1715 686 liberationem

117 727 238 764 non
272 714 475 767 sentire
503 713 828 783 voluptatem
860 731 924 770 ex
954 719 1267 773 remissione
1305 731 1524 789 propter
1551 721 1713 775 futuri

120 805 257 857 anni
289 805 718 859 sollicitudinem.
749 806 885 872 Quid
918 807 1018 872 his,
1045 824 1245 877 quaeso,
1273 813 1438 881 magis
1459 827 1578 866 esse
1596 828 1719 881 pos-

119 906 207 950 set
238 896 622 965 pusillanime?
650 899 780 964 Qua:
811 917 935 953 vero
964 901 1120 969 hujus
1160 905 1358 957 causa?
1386 905 1535 971 Quod
1557 905 1718 960 adve-

123 986 320 1040 niente
346 987 548 1056 jejunio
594 1003 701 1042 non
745 993 1010 1060 quomodo
1041 995 1172 1047 bene
1209 994 1520 1064 disponatur
1544 997 1717 1050 anima

124 1079 464 1143 studi-amns,
514 1081 608 1136 sed
656 1082 706 1135 in
751 1083 861 1137 sola
905 1085 1142 1140 ciborum
1187 1087 1502 1140 abstinentia
1546 1088 1714 1158 ipsum

125 1170 474 1224 definiamus.
1370 1167 1374 1178 ’

198 1259 474 1328 Jejunium
519 1278 615 1329 quo
647 1272 790 1330 pacto
831 1264 1008 1332 prosit.
1039 1264 1308 1335 —Ilaque
1339 1267 1382 1320 si
1411 1267 1632 1322 multum
1663 1269 1715 1323 in

125 1367 347 1404 morum
400 1354 730 1408 correclione
780 1354 845 1408 ab
893 1356 1006 1422 ipso
1051 1356 1378 1412 lucrarentur
1417 1401 1432 1426 ,
1481 1361 1716 1429 quotidie

131 1440 392 1511 jejunium
411 1442 597 1497 adesse
627 1454 949 1512 oplaremus,
979 1463 1071 1514 per
1101 1448 1208 1516 ipsa
1233 1464 1389 1517 opera
1417 1449 1532 1518 ejus
1557 1451 1719 1506 meri-

130 1542 313 1584 torum
339 1533 556 1587 sens’um
585 1536 874 1604 capientes,
905 1553 1003 1591 nec
1031 1555 1274 1607 umquam
1307 1540 1472 1608 ipsius
1503 1541 1713 1596 deside-

130 1623 274 1675 rium
304 1623 638 1691 ejicercmns,
670 1642 954 1695 numquam
1009 1629 1176 1698 ipsum
1211 1641 1588 1700 exspectantes
1619 1634 1712 1686 tri-

130 1724 248 1766 Stes
271 1712 520 1766 ﬁeremus
546 1724 598 1768 et
628 1717 788 1769 anxii.
813 1717 984 1774 Mente
1003 1719 1193 1788 quippe
1215 1719 1350 1774 bene
1378 1720 1712 1791 dispositum,

131 1811 188 1856 et
217 1803 414 1856 anima:
448 1819 557 1858 sua:
592 1820 770 1859 curam
800 1807 1080 1862 habentem
1122 1811 1259 1863 nulla
1287 1826 1376 1867 res
1402 1813 1716 1869 contristare

133 1895 355 1963 poterit,
397 1895 488 1949 sed
536 1897 578 1950 is
623 1912 749 1966 pura
794 1901 1145 1971 continuaque
1181 1902 1385 1960 fruetur
1423 1908 1710 1977 voluptate.

133 1984 292 2050 Quod
321 1984 420 2038 hoc
451 1987 520 2039 sit
547 2003 727 2041 verum
756 2030 770 2052 ,
804 1990 959 2043 hodie
989 1991 1210 2049 Paulum
1240 1998 1462 2051 audistis
1490 2013 1587 2052 nos
1616 1999 1712 2052 ad-

136 2086 446 2130 monentem
498 2085 550 2130 et
579 2077 838 2133 dicentem
867 2098 880 2134 :
914 2079 1138 2138 Gaudete
1175 2087 1227 2138 in
1259 2087 1476 2140 Domino
1499 2105 1712 2158 semper,

130 2169 460 2224 iterumdicu
475 2167 682 2236 gaudete
705 2168 960 2242 (Philipp.
989 2172 1041 2229 4.
1074 2176 1152 2246 4).
1182 2177 1388 2231 Scimus
1415 2179 1594 2232 multis
1640 2180 1717 2232 vi-

135 2263 254 2317 deri
277 2279 382 2318 non
413 2281 569 2334 posse
611 2263 725 2322 fieri
741 2268 1096 2340 quoaldictum
1128 2277 1232 2323 est.
1263 2271 1538 2338 Quomodo
1560 2288 1713 2326 nam-

140 2373 246 2427 que
295 2358 405 2412 fieri
453 2368 645 2427 potest,
679 2359 866 2430 inquit,
913 2369 968 2414 ut
1011 2361 1096 2430 qui
1140 2361 1300 2415 homo
1350 2372 1450 2428 est,
1505 2380 1716 2435 semper

139 2447 410 2516 gaudeat?
453 2447 695 2504 Gaudere
743 2466 969 2520 namque
1016 2468 1119 2505 non
1163 2453 1400 2520 difﬁcile,
1457 2466 1716 2525 perpetuo

138 2546 319 2593 autem
348 2539 598 2608 gaudere,
629 2541 957 2608 impossibile
1005 2543 1134 2596 mihi
1162 2559 1279 2598 esse
1321 2545 1546 2611 videtur,
1575 2548 1714 2603 dicet

140 2629 369 2686 fortasse
397 2633 584 2702 aliquis
618 2649 635 2687 :
664 2634 844 2688 multa;
869 2635 1008 2689 enim
1033 2651 1133 2690 nos
1163 2637 1384 2691 tristitia:
1413 2640 1714 2693 necessario

139 2722 576 2777 circumcursant.
602 2724 694 2778 Vel
725 2726 866 2779 enim
895 2726 1061 2779 filium
1091 2727 1208 2795 quis
1247 2729 1444 2794 amisit,
1471 2730 1552 2782 vel
1581 2727 1712 2784 uxoé

139 2827 278 2880 rem,
322 2812 403 2866 vel
441 2815 668 2868 amicum
699 2815 963 2869 sincerum
995 2865 1009 2882 ,
1036 2817 1201 2886 magis
1237 2833 1391 2887 quam
1421 2820 1556 2874 ullus
1581 2835 1711 2874 cou-

139 2904 463 2973 sanguineus
503 2907 882 2974 necessarium,
922 2907 1006 2961 vel
1055 2911 1394 2977 pecuniarum
1448 2911 1708 2978 jacturam

141 2993 286 3061 fecit,
319 2995 400 3049 vel
449 2997 501 3049 in
531 2997 893 3066 a'gritudinem
926 2999 1128 3064 incidit,
1170 3002 1247 3054 vel
1273 3001 1494 3056 aliarum
1535 3019 1710 3057 rerum

146 3087 398 3141 sustinuit
437 3086 708 3153 damnum,
759 3089 841 3143 vel
882 3099 1076 3159 prtcter
1104 3091 1412 3161 dignitatem
1439 3102 1713 3150 contume-

142 3175 266 3229 liam
299 3190 484 3244 passus
516 3176 774 3231 indoluit:
801 3179 881 3233 vel
910 3179 1076 3234 fames
1098 3221 1112 3246 ,
1144 3181 1224 3236 vel
1257 3183 1438 3251 pestis,
1482 3185 1567 3238 vel
1587 3200 1712 3240 exa-

141 3267 247 3320 ctio
263 3282 380 3336 quae
399 3266 520 3320 ferri
539 3283 642 3321 non
665 3278 856 3337 potest,
874 3270 953 3324 vel
975 3269 1246 3325 familiaria
1277 3274 1483 3343 negotia
1513 3292 1526 3328 :
1551 3277 1709 3344 quin-

143 3359 249 3412 imo
284 3373 567 3426 numquam
612 3361 785 3411 omnia
811 3376 1085 3414 recensere
1118 3378 1411 3429 possemus.
1442 3379 1710 3433 qumcum-

151 3467 257 3520 que
286 3462 339 3506 et
359 3463 610 3520 privatim
634 3462 688 3509 et
711 3455 924 3524 publice
949 3471 1049 3512 nos
1078 3471 1313 3513 maerore
1337 3458 1552 3515 allicere
1576 3473 1710 3516 con-

155 3539 752 3607 sueverunt.Quomodo
784 3545 966 3616 igitur,
1007 3547 1203 3618 inquit,
1227 3549 1481 3618 possibile
1498 3564 1712 3620 semper

154 3635 420 3703 gaudere?
453 3635 719 3692 Possibile
746 3638 1061 3704 admodum,
1093 3657 1126 3694 υ
1154 3640 1318 3694 homo
1342 3659 1355 3694 :
1382 3652 1437 3696 et
1457 3643 1500 3698 si
1532 3643 1710 3712 possi-

155 3723 257 3777 bile
279 3739 385 3778 non
413 3736 574 3791 esset,
605 3742 711 3782 non
737 3727 1108 3784 admonuisset
1135 3730 1356 3793 Paulus,
1386 3747 1482 3786 nec
1511 3748 1712 3787 consu-

155 3811 362 3878 luisset,
382 3828 503 3866 cuin
529 3813 691 3867 homo
710 3815 976 3883 spirituali
991 3829 1134 3872 esset
1151 3819 1408 3886 praeditus
1425 3821 1708 3889 sapientia.

155 3899 358 3956 Idcirco
385 3902 698 3972 frequenter
725 3907 828 3960 hoc
855 3909 1011 3962 vobis
1040 3907 1284 3963 dicebam
1319 3919 1372 3964 et
1395 3911 1574 3965 dicere
1603 3927 1712 3967 non

156 3995 390 4050 desinam
413 4013 427 4050 :
451 4012 572 4065 qua:
593 3997 900 4053 nullatenus
917 3999 984 4052 ab
1005 4001 1110 4054 alio
1131 4015 1402 4069 quoquam
1427 4002 1559 4056 disci
1582 4017 1711 4072 pos-

157 4093 300 4149 sunt,
331 4085 444 4140 haec
480 4087 636 4142 vobis
675 4088 798 4142 licet
828 4090 914 4144 hic
946 4091 1335 4161 philosophari.
1371 4091 1710 4163 Voluptatem

159 4178 294 4229 enim
320 4188 588 4246 quaerunt,
605 4189 657 4234 et
680 4181 913 4248 gaudere
941 4182 1165 4251 cupiunt
1189 4198 1396 4250 omnes,
1421 4194 1472 4238 et
1493 4195 1712 4254 propter

160 4266 260 4321 hoc
286 4269 468 4322 omnia
500 4267 706 4325 faciunt
730 4279 784 4325 et
813 4271 1002 4326 dicunt
1029 4283 1081 4326 et
1104 4273 1466 4342 negotiantur.
1499 4277 1711 4330 Etenim

158 4369 421 4414 mercator
449 4361 568 4415 ideo
597 4361 833 4432 navigat,
858 4370 918 4417 ut
947 4363 1205 4433 pecunias
1232 4376 1520 4436 congreget
1540 4383 1555 4432 ;
1578 4383 1711 4422 con-

150 4460 322 4520 gregat
341 4463 512 4505 autem
541 4455 809 4521 pecunias,
841 4463 896 4507 ut
919 4454 1116 4509 habens
1157 4456 1415 4525 repositas
1445 4454 1708 4526 gaudeat:

151 4543 308 4612 etqui
353 4545 561 4609 militat,
605 4544 726 4599 ideo
765 4545 977 4609 militat,
1011 4553 1066 4600 et
1101 4547 1328 4614 agricola
1357 4546 1476 4601 ideo
1511 4556 1706 4602 terram

152 4632 288 4698 colit,
321 4641 373 4687 et
416 4644 584 4688 artem
619 4636 842 4704 quisque
885 4651 1032 4689 suam
1071 4647 1349 4705 propterea
1397 4646 1625 4692 tractat:
1654 4648 1709 4692 et

151 4723 515 4778 dominationis
542 4725 716 4793 cupidi
749 4726 866 4779 ideo
890 4727 1127 4795 cupiunt.
1153 4735 1209 4780 ut
1237 4727 1398 4796 gloria
1427 4727 1704 4794 fruantur;

150 4815 309 4884 gloria
345 4830 469 4870 vero
531 4815 631 4870 frui
675 4818 877 4882 volunt,
910 4826 966 4870 ut
989 4817 1298 4886 gaudeant:
1339 4827 1393 4873 et
1439 4821 1706 4888 negotium

152 4907 391 4978 quodque
429 4909 496 4963 ad
545 4910 684 4963 hunc
712 4908 869 4962 frtrem
901 4909 1053 4963 nobis
1082 4909 1298 4964 tendere
1336 4914 1453 4978 quis
1478 4911 1664 4966 viderit
1690 4928 1704 4965 :

152 5010 203 5056 et
229 5000 290 5053 ad
318 5000 457 5054 hunc
495 5001 715 5070 quisque
744 5001 1054 5070 respiciens,
1085 5016 1179 5070 per
1224 5001 1385 5055 multa
1427 5003 1597 5058 media
1641 5004 1709 5060 aJ

153 5092 314 5160 ipsum
337 5091 410 5145 ire
439 5090 668 5145 festinat.
1033 5120 1036 5124 ι
1190 5098 1197 5103 ’

220 5180 411 5237 Divitite
452 5181 674 5236 [mitium
701 5198 799 5235 non
828 5183 1048 5251 pariunt.
1095 5213 1168 5223 —
1211 5183 1466 5240 Lmtitiam
1493 5186 1708 5256 quippe,

155 5273 284 5344 quod
325 5273 478 5340 dixi,
520 5283 701 5328 amant
727 5289 932 5340 onmes,
972 5277 1180 5346 assequi
1220 5291 1348 5331 vero
1394 5291 1498 5331 nou
1524 5293 1709 5334 omnes

157 5374 412 5434 possunt:
459 5368 699 5420 nesciunt
732 5367 873 5420 enim
922 5369 1058 5420 viam
1102 5383 1168 5424 eo
1214 5367 1514 5423 tendentem
1557 5384 1574 5434 ;
1616 5371 1710 5425 sed

157 5438 296 5511 mulii
325 5467 510 5526 putant
537 5457 677 5527 quod
703 5457 902 5512 divitiis
931 5457 1150 5513 afﬂuere
1172 5457 1330 5528 hujus
1359 5459 1428 5514 sit
1448 5474 1626 5515 causa.
1651 5461 1706 5516 Si

157 5549 264 5604 haec
308 5557 486 5602 autem
516 5563 672 5602 causa
715 5548 920 5611 fuisset,
953 5565 1108 5604 nemo
1137 5551 1387 5618 pecunias
1431 5551 1711 5620 possiden-

161 5637 277 5692 t'um
325 5655 570 5709 umquam
599 5639 786 5695 fuisset
819 5640 1003 5695 dolore
1037 5655 1284 5711 pressus;
1316 5657 1455 5696 nunc
1477 5658 1603 5697 vero
1631 5643 1713 5698 di-

160 5731 308 5784 vitum
337 5731 488 5784 multi
516 5730 672 5784 vitam
714 5745 822 5784 non
858 5731 1068 5785 vitalem
1103 5746 1222 5786 esse
1245 5741 1448 5801 putant,
1474 5741 1528 5788 et
1552 5735 1708 5788 innu-

160 5834 319 5876 meras
363 5829 564 5879 mortes
586 5830 860 5892 exoptant,
907 5837 1028 5876 cum
1066 5822 1293 5892 aliquam
1335 5822 1706 5880 adversitatcm

1051 425 1141 479 AD
1180 425 1498 484 I’OPULUM
1538 426 2025 485 ANTIOCHENUM
2087 429 2315 486 IIOMIL.
2348 428 2532 488 XVIII.

3295 441 3388 496 182

1829 541 2112 610 senserint,
2144 551 2197 597 et
2233 542 2289 597 hi
2327 543 2554 598 maxime
2605 544 2839 597 omnium
2888 529 3088 598 dolent.
3138 544 3214 600 Ne
3268 548 3398 602 miln

1825 631 2019 700 quippe
2065 645 2276 686 mensas
2308 632 2540 702 ipsorum
2572 633 2882 709 respexeris,
2908 648 3006 688 nec
3043 645 3398 689 assentatores

1824 727 1877 773 et
1921 721 2199 788 parasitos,
2234 721 2326 775 sed
2359 735 2443 774 res
2481 737 2546 775 ex
2582 722 2709 791 ipsis
2745 722 2997 789 orientes,
3031 722 3398 780 iufestationes

1824 821 1876 864 et
1905 813 2212 877 calumnias,
2243 813 2499 883 pericula,
2533 814 2852 879 anxietates,
2881 823 2934 868 et
2959 814 3099 882 quod
3128 815 3214 869 his
3245 815 3399 885 longe

1823 902 2098 956 molestius
2128 911 2228 964 est,
2261 902 2400 971 quod
2441 903 2864 973 imprarmeditati
2911 904 2976 958 ad
3024 904 3122 960 has
3158 905 3392 960 devoluti

1823 994 2165 1058 mutationes,
2198 993 2559 1064 philosophari
2591 995 2850 1057 nesciant,
2875 1003 2930 1048 et
2953 1011 3106 1050 casus
3138 1012 3396 1063 generoso

1821 1082 1979 1137 ferre.
2006 1083 2128 1137 Ideo
2152 1100 2255 1139 non
2282 1100 2342 1140 ea
2362 1085 2610 1139 videntur
2635 1086 2763 1155 ipsis
2790 1087 2994 1155 gravia,
3017 1103 3134 1156 quae
3167 1089 3287 1142 talia
3303 1105 3393 1158 per

1819 1188 2061 1233 naturam
2103 1189 2247 1245 sunt,
2282 1196 2463 1234 verum
2488 1189 2540 1233 et
2568 1180 2702 1234 levia
2733 1179 2862 1249 ipsis
2893 1180 3244 1235 intolerabilia
3273 1197 3394 1236 esse

1818 1270 2112 1326 videntur:
2156 1272 2292 1325 sicut
2323 1272 2558 1325 vicissim
2608 1271 2659 1324 in
2707 1273 3024 1340 pauperibus
3067 1275 3391 1329 contrarium

1817 1362 2035 1426 accidit;
2063 1371 2116 1415 et
2153 1362 2239 1416 illa
2285 1363 2493 1417 tolerari
2536 1377 2690 1432 posse
2716 1363 2958 1417 videntur
2987 1380 3104 1433 qua:
3143 1365 3395 1419 intolera-

1817 1450 1939 1504 bilia
1967 1463 2124 1505 sunt:
2157 1453 2351 1521 quippe
2375 1453 2460 1522 qui
2490 1454 2650 1506 multa
2685 1455 2804 1507 talia
2837 1454 2983 1524 prius
3029 1454 3264 1508 meditati
3285 1456 3395 1510 fuco

1818 1542 1942 1595 rint.
1983 1543 2095 1596 Non
2125 1544 2262 1598 enim
2297 1557 2398 1596 tam
2428 1561 2603 1598 rerum
2635 1555 2842 1610 natura,
2874 1562 3031 1615 quam
3074 1548 3383 1616 patientium

1817 1631 2114 1700 dispositio,
2163 1649 2347 1702 magna
2375 1636 2471 1690 vel
2490 1650 2648 1702 parva
2673 1635 2841 1690 videri
2881 1635 3007 1689 facit
3032 1636 3392 1692 incumbentia

1817 1721 1972 1776 nobis
2013 1723 2172 1776 mala.
2207 1723 2275 1776 Et
2301 1738 2367 1777 ne
2396 1723 2580 1776 horum
2611 1725 2851 1792 exempla
2882 1726 3156 1779 amborum
3185 1727 3394 1796 longius

1817 1827 2108 1879 accersam,
2145 1813 2214 1868 de
2267 1815 2330 1869 iis
2376 1830 2494 1884 qua:
2546 1814 2698 1868 nobis
2737 1815 3062 1880 acciderunt,
3113 1817 3394 1873 disseram.

1818 1905 1955 1959 Ecce
2002 1906 2143 1959 enim
2186 1921 2445 1974 pauperes
2480 1906 2693 1975 quidem
2743 1921 2929 1960 omnes
2959 1918 3263 1971 evaserunt,
3296 1923 3395 1975 po-

1823 1997 1978 2065 pulus
2017 1997 2251 2065 periculo
2295 1999 2548 2053 liberatus
2581 2007 2680 2063 est,
2713 2006 2767 2053 et
2807 2014 2934 2066 pura
2963 2000 3163 2068 potitur
3189 2000 3396 2054 securi-

1821 2095 1967 2140 tate:
2012 2088 2098 2156 qui
2143 2097 2318 2142 autem
2364 2087 2746 2157 rempublicam
2779 2089 3097 2155 tractabant,
3130 2098 3186 2143 et
3225 2103 3394 2157 equos

1820 2178 1964 2231 domi
2013 2177 2247 2243 alebant,
2291 2177 2470 2230 bravia
2505 2178 2555 2231 in
2595 2178 2977 2232 certaminibus
3003 2177 3388 2246 proponebant,

1816 2278 1869 2322 et
1897 2269 1997 2322 alia
2025 2249 2485 2335 administrabant,
2519 2270 2616 2339 ipsi
2653 2285 2925 2324 carcerem
2959 2285 3099 2324 nunc
3127 2270 3391 2336 habitant,

1816 2360 1882 2415 de
1917 2362 2165 2414 extremis
2197 2362 2402 2426 timent,
2443 2370 2497 2415 et
2535 2362 2603 2416 ab
2641 2361 2886 2415 omnibus
2936 2369 3260 2430 patratorum
3287 2363 3389 2418 soli

1818 2450 1948 2504 dant
1969 2465 2172 2520 poenas,
2204 2460 2258 2505 et
2287 2451 2338 2504 in
2361 2451 2613 2505 continuo
2643 2460 2784 2504 metu
2808 2451 3008 2515 vivunt,
3042 2452 3396 2522 omnibusque

1817 2558 1958 2597 nunc
1986 2543 2292 2599 miseriores
2326 2551 2468 2607 sunt,
2502 2559 2605 2597 non
2642 2549 2856 2611 propter
2887 2541 3241 2610 periculorum
3274 2554 3388 2596 ma-

1817 2633 2170 2702 gnitudinem,
2213 2634 2306 2688 sed
2352 2634 2472 2702 quia
2512 2632 2836 2703 prteteritum
2866 2639 3072 2701 tempus
3102 2630 3155 2684 in
3185 2631 3391 2686 deliciis

1814 2732 2054 2792 egerunt.

1883 2813 1938 2867 2.
1979 2813 2123 2867 Multi
2163 2829 2390 2884 namque
2410 2828 2529 2868 cum
2561 2828 2654 2867 eos
2681 2812 3018 2868 hortaremur
3045 2820 3098 2865 et
3148 2826 3392 2868 monere—

1813 2917 1954 2965 mus,
1977 2912 2038 2956 ut
2063 2918 2322 2973 generose
2354 2917 2444 2957 res
2464 2903 2713 2957 adversas
2734 2901 2958 2969 ferrent,
2985 2904 3233 2960 dicebant
3261 2926 3275 2962 :
3305 2904 3390 2959 Nil

1814 3010 2060 3064 umquam
2104 2996 2208 3050 tale
2239 2995 2480 3049 meditati
2509 3011 2714 3060 sumus,
2740 3011 2838 3050 nec
2870 2996 2990 3050 talia
3028 2996 3393 3067 philosophari

1814 3088 2095 3140 novimus:
2137 3097 2414 3155 propterea
2457 3101 2644 3156 magna
2675 3087 2971 3156 indigemus
3003 3089 3391 3145 consolatione.

1812 3178 1914 3231 Alii
1958 3194 2164 3232 rursum
2215 3186 2401 3248 putant
2439 3178 2630 3232 bonam
2675 3179 3029 3235 veletudinem
3075 3195 3195 3236 esse
3235 3181 3392 3234 volu-

1812 3269 1970 3336 ptatis
1998 3283 2250 3334 causam;
2289 3271 2517 3323 nonest
2554 3277 2727 3322 autem
2761 3287 2774 3323 :
2807 3270 2955 3323 multi
3001 3286 3228 3339 namque
3254 3270 3393 3325 bene

1814 3357 2046 3412 valentes
2068 3399 2084 3424 ,
2112 3369 2165 3414 et
2191 3360 2288 3429 ipsi
2327 3359 2517 3414 millies
2546 3359 2679 3413 mori
2716 3368 3067 3429 optaverunt,
3098 3358 3267 3415 illatas
3293 3362 3394 3417 sibi

1814 3465 1917 3504 non
1947 3449 2174 3505 ferentes
2201 3451 2440 3520 injurias.
2463 3451 2565 3505 Alii
2590 3466 2797 3504 rursum
2825 3451 2990 3520 gloria
3021 3451 3196 3521 potiri,
3225 3461 3278 3505 et
3304 3451 3395 3504 im-

1811 3543 1959 3610 perio
1985 3542 2289 3613 insignitum
2315 3557 2451 3606 esse,
2479 3551 2532 3596 et
2557 3543 2892 3612 magistratus
2917 3542 3310 3604 administrare.
3338 3549 3394 3596 et

1810 3648 1838 3684 a
1879 3633 2059 3687 multis
2098 3632 2488 3687 adulationibus
2518 3632 2805 3686 demulceri
2829 3671 2845 3698 ,
2887 3641 3156 3702 perpetuae
3194 3631 3393 3686 lzetitia:

1809 3739 2019 3780 causam
2043 3740 2160 3780 esse
2187 3725 2398 3790 dicunt;
2427 3724 2518 3778 sed
2547 3739 2643 3779 nec
2673 3723 2812 3778 istud
2836 3733 2940 3779 est.
2969 3725 3033 3778 Et
3055 3723 3179 3794 quid
3202 3723 3390 3794 loquor

1809 3815 1874 3870 de
1897 3817 2013 3870 aliis
2042 3816 2472 3886 magistratibus?
2502 3815 2614 3869 Etsi
2643 3815 2784 3869 enim
2811 3813 2877 3867 ad
2911 3814 3082 3883 ipsum
3109 3814 3392 3883 imperium

1811 3915 1986 3961 mente
2028 3906 2408 3971 ascendamus,
2451 3907 2504 3958 in
2549 3907 2640 3960 illo
2674 3919 2887 3974 quoque
2921 3904 3184 3958 viventem
3213 3903 3395 3958 multis

1809 3998 2226 4052 circumventum
2254 3997 2512 4051 molestiis
2549 3997 2878 4052 inveniemus
2906 4011 2921 4050 :
2952 4003 3007 4050 et
3042 4002 3185 4049 tanto
3216 3994 3395 4062 plures

1813 4091 2035 4144 tristitiae
2057 4090 2398 4144 necessitates
2420 4088 2722 4154 habentem,
2745 4095 2943 4154 quanto
2965 4085 3164 4155 majore
3181 4098 3394 4154 quoque

1809 4198 1984 4236 rerum
2013 4181 2147 4235 fastu
2177 4181 2533 4235 circumdatus
2567 4188 2669 4234 est.
2711 4179 2777 4232 Et
2815 4177 2939 4247 quid
2982 4192 3114 4246 opus
3155 4185 3210 4230 et
3253 4175 3390 4230 bella

1811 4287 2116 4342 pugnasque
2151 4284 2604 4334 commemorare,
2647 4276 2698 4323 et
2740 4268 3085 4321 barbarorum
3122 4265 3390 4320 insultus?

1811 4369 1953 4436 ipsos
1978 4379 2119 4434 saepe
2146 4363 2328 4430 timet,
2357 4364 2446 4432 qui
2471 4377 2651 4416 secum
2680 4360 2821 4414 domi
2857 4367 3262 4413 conversantur.
3292 4357 3388 4412 Et-

1811 4457 1950 4511 enim
1989 4471 2168 4525 regum
2209 4454 2355 4508 multi
2397 4452 2674 4506 hostilibus
2707 4451 2871 4518 elapsi
2901 4448 3176 4512 manibus,
3206 4462 3394 4518 corpoo

1812 4547 1885 4600 ris
1928 4547 2006 4600 sui
2045 4544 2320 4599 custodum
2361 4542 2575 4598 insidias
2614 4557 2721 4596 non
2761 4541 3075 4609 effugerunt.
3117 4538 3220 4592 Tot
3260 4551 3390 4590 vero

1813 4638 2024 4708 regibus
2053 4636 2278 4692 tristitia:
2310 4635 2652 4688 necessitates
2691 4641 2848 4696 sunt,
2875 4638 3002 4700 quot
3041 4628 3170 4688 mari
3209 4626 3388 4680 undas.

1811 4728 1944 4782 Cum
1985 4727 2140 4797 igitur
2171 4740 2269 4780 nec
2307 4740 2526 4794 regnum
2565 4723 2722 4776 vitam
2763 4722 2877 4775 sine
2917 4719 3126 4774 tristitia
3170 4717 3392 4772 reddere

1813 4817 1976 4888 possit
1994 4858 2008 4883 ,
2036 4816 2160 4886 quid
2184 4816 2323 4870 aliud
2351 4815 2451 4868 hoc
2482 4825 2735 4883 praestare
2774 4812 3006 4882 poterit?
3031 4810 3398 4864 Humanarum

1813 4910 2023 4980 quidem
2064 4909 2229 4974 nihil,
2270 4907 2363 4962 sed
2401 4907 2572 4962 solum
2612 4906 2759 4960 Pauli
2799 4905 2960 4959 breve
2999 4901 3138 4956 istud
3170 4910 3224 4956 et
3252 4901 3397 4956 exile

1812 5004 2032 5060 verbum
2077 5003 2229 5057 nobis
2276 5001 2417 5056 hunc
2460 5000 2663 5068 aperiet
2711 4997 3038 5052 thesaurum.
3087 4993 3204 5048 Non
3247 4996 3401 5068 enin;

1815 5097 1996 5152 multis
2023 5110 2155 5165 opus
2182 5103 2264 5149 est
2289 5093 2622 5147 sermonibus
2642 5131 2656 5154 ,
2687 5105 2785 5144 nec
2821 5089 2979 5158 longo
3005 5087 3262 5144 circuitu;
3297 5080 3397 5138 sed

1815 5189 1860 5242 si
1905 5189 2073 5242 solum
2114 5187 2310 5241 dictum
2355 5185 2647 5254 cogitemus
2671 5223 2686 5248 ,
2718 5183 2856 5236 viam
2893 5180 2956 5234 ad
2997 5180 3098 5234 hoc
3134 5179 3398 5234 ferentem

1817 5278 2144 5333 inveniemus
2186 5295 2198 5330 :
2243 5291 2340 5330 nec
2390 5275 2530 5339 enim
2580 5273 2890 5344 simpliciter
2930 5271 3063 5324 dixit
3101 5287 3114 5322 :
3155 5265 3396 5322 Gaudete

1817 5383 2050 5439 semper.
2072 5367 2166 5421 sed
2193 5365 2394 5420 addidit
2417 5365 2681 5419 continute
2706 5361 2990 5431 voluptatis
3010 5372 3243 5422 causam,
3269 5370 3390 5411 cum

1815 5461 1948 5515 dixit
1978 5477 1990 5513 :
2020 5459 2246 5514 Gaudete
2282 5459 2334 5511 in
2373 5456 2590 5510 Domino
2613 5471 2806 5525 semper
2837 5451 3099 5523 (Philipp.
3132 5448 3184 5499 4.
3215 5445 3302 5509 4).
3335 5443 3390 5496 ln

1818 5553 2045 5608 Domino
2084 5551 2318 5622 gaudens
2341 5589 2356 5612 ,
2398 5563 2461 5602 ex
2503 5545 2775 5601 accidente
2809 5541 2952 5596 nullo
2987 5539 3256 5604 voluptate
3295 5533 3392 5585 hac

1817 5643 2060 5698 excidere
2085 5651 2274 5712 potest.
2298 5637 2413 5694 Alia
2441 5652 2631 5706 nempe
2659 5642 2867 5696 cuncta,
2898 5631 2952 5684 in
2973 5628 3165 5699 quibus
3191 5623 3390 5691 gaude-

1818 5750 1934 5788 mus
1955 5773 1970 5796 ,
2002 5731 2270 5787 mutabilia
2298 5737 2456 5791 sunt,
2487 5724 2733 5781 volubilia
2755 5763 2770 5788 ,
2796 5729 2850 5776 et
2879 5719 3030 5775 facile
3069 5723 3341 5770 vertuntur
3374 5727 3390 5767 :

1820 5839 1918 5880 nec
1947 5823 2050 5878 hoc
2073 5822 2244 5878 solum
2271 5819 2467 5874 habent
2495 5817 2796 5880 molestum,
2820 5810 2913 5868 sed
2942 5810 3101 5866 etiam
3125 5805 3267 5876 quod
3287 5817 3401 5859 ma—
