3920 6224
530 375 631 432 185

529 491 707 545 nentia
745 503 850 544 non
885 497 1080 544 tantam
1119 487 1269 542 nobis
1295 486 1523 542 afferunt
1551 484 1903 553 voluptatem,
1933 492 1986 535 ut
2025 496 2089 535 ex

531 580 648 633 aliis
695 587 1002 633 nascentem
1045 577 1307 631 tristitiam
1349 575 1611 645 repellant
1643 583 1698 628 et
1733 572 2046 627 obumbrent
2079 587 2094 623 :

534 668 628 722 Dei
654 681 782 722 vero
809 667 968 721 timor
991 665 1105 719 haec
1127 665 1284 720 habet
1311 673 1551 734 utraque,
1579 663 1780 718 stabilis
1803 669 1884 716 est
1912 661 2099 713 immo-

533 767 740 826 tusque,
773 766 819 811 et
850 765 1046 810 tantam
1072 755 1261 810 emittit
1286 755 1538 819 lzetitiam,
1563 762 1620 808 ut
1647 752 1819 807 nullus
1846 765 1941 805 nos
1967 750 2101 803 alio-

533 862 648 899 rum
687 860 872 900 sensus
913 844 1172 899 malorum
1211 844 1401 913 capiat.
1431 844 1528 910 Qui
1555 844 1720 897 Deum
1761 841 1934 904 enim,
1965 840 2100 895 sicut

533 942 780 1003 oportet,
810 933 956 989 timet
983 944 1035 988 et
1062 935 1112 988 in
1141 934 1254 1004 ipso
1279 933 1530 996 conlidit,
1561 931 1841 1000 voluptatis
1868 930 2096 984 radicem

537 1025 768 1078 lucratus
789 1034 889 1089 est,
914 1035 966 1079 et
988 1040 1196 1079 omnem
1225 1025 1382 1078 habet
1406 1023 1599 1076 laetitia:
1627 1021 1823 1076 fontem
1852 1039 1864 1074 :
1889 1030 1940 1074 et
1965 1021 2100 1073 sicut

536 1113 586 1166 in
635 1129 778 1167 mare
822 1113 1070 1168 decidens
1117 1113 1431 1168 immensum
1478 1113 1702 1166 scintilla
1745 1125 1904 1182 parva
1951 1110 2100 1163 facile

533 1199 738 1255 deletur
767 1219 780 1255 :
809 1202 887 1256 sic
925 1213 1344 1272 quantacumque
1388 1202 1550 1256 Deum
1588 1199 1791 1256 timenti
1832 1199 2096 1262 incidant,

533 1291 678 1344 velut
701 1291 754 1344 in
774 1299 977 1346 vastum
1007 1292 1198 1346 laetitiae
1224 1291 1440 1361 pelagus
1466 1290 1744 1344 incidentia
1772 1290 2104 1357 exstinguun-

534 1388 620 1433 tur
643 1389 800 1451 atque
830 1381 1134 1450 perduntur.
1167 1381 1230 1435 Et
1259 1396 1443 1436 revera
1469 1380 1570 1434 hoc
1590 1388 1671 1434 est
1694 1378 1921 1434 maxime
1945 1379 2104 1431 mira-

535 1469 641 1524 bile
664 1511 680 1536 ,
722 1471 860 1540 quod
904 1487 1023 1526 cum
1052 1473 1225 1526 adsint
1262 1487 1378 1542 quae
1415 1471 1728 1526 contristare
1760 1470 1962 1535 solent,
1992 1470 2104 1538 ipse

533 1559 768 1626 gaudens
794 1569 1118 1628 permaneat.
1147 1561 1201 1615 Si
1229 1560 1358 1614 nihil
1388 1561 1528 1614 enim
1568 1559 1716 1619 triste
1742 1559 1968 1623 adesset,
1997 1574 2101 1611 non

541 1658 683 1703 esset
725 1650 823 1718 ipsi
869 1665 1116 1720 magnum
1161 1666 1370 1720 semper
1419 1664 1572 1720 posse
1620 1648 1885 1718 gaudere;
1928 1649 2103 1702 multis

540 1748 715 1793 autem
754 1740 1173 1795 incumbentibus
1198 1783 1212 1807 ,
1249 1755 1366 1809 qua:
1403 1741 1455 1794 in
1493 1740 1756 1793 tristitiam
1794 1739 2101 1807 impellant,

539 1829 783 1883 omnibus
804 1844 926 1884 esse
945 1831 1269 1900 superiorem
1292 1841 1345 1885 et
1371 1830 1422 1883 in
1444 1829 1631 1884 mediis
1660 1829 1895 1884 tristibus
1914 1830 2100 1894 laetari,

539 1919 642 1974 hoc
668 1929 749 1975 est
774 1921 1102 1976 admirabile.
1141 1922 1207 1975 Et
1243 1922 1378 1976 sicut
1408 1929 1514 1975 tres
1548 1935 1740 1990 pueros
1774 1935 1879 1974 non
1912 1920 2106 1974 arsisse

539 2013 820 2067 miraretur
862 2029 1054 2079 nemo,
1098 2014 1143 2067 si
1187 2013 1368 2084 procul
1407 2028 1436 2065 a
1482 2012 1794 2082 Babylonica
1837 2012 2107 2067 stetissent

539 2101 752 2157 fornace
790 2120 802 2155 :
839 2102 976 2172 quod
1016 2103 1155 2157 enim
1197 2118 1382 2157 omnes
1419 2102 1809 2166 consternavit,
1852 2101 1950 2156 hoc
1993 2111 2101 2165 est,

537 2191 675 2260 quod
702 2194 751 2246 iu
776 2193 893 2263 igne
917 2203 1118 2247 tantum
1147 2195 1400 2262 temporis
1425 2195 1635 2258 versati,
1663 2194 1832 2249 minus
1853 2194 1960 2249 lzrsi
1984 2202 2106 2248 sunt

536 2282 756 2349 egressi,
787 2299 941 2352 quam
971 2284 1058 2352 qui
1088 2285 1284 2338 versati
1313 2299 1414 2337 non
1444 2283 1651 2338 fuerant
1681 2301 1694 2338 :
1720 2285 1796 2338 sie
1827 2293 1879 2338 ct
1905 2284 1955 2337 in
1983 2298 2105 2337 san-

534 2372 634 2425 ctis
659 2372 836 2428 dicere
867 2374 1021 2436 licet,
1049 2374 1186 2443 quod
1223 2375 1266 2427 si
1297 2375 1432 2428 nulla
1466 2375 1591 2444 ipsis
1630 2373 1905 2429 institisset
1931 2383 2102 2427 tenta-

537 2465 642 2532 tio,
675 2467 816 2535 ipsos
860 2475 1112 2536 perpetuo
1149 2467 1358 2536 gavisos
1397 2482 1514 2521 esse
1557 2481 1662 2521 non
1700 2467 2100 2520 admiraremur.

540 2553 766 2624 Stupore
793 2566 969 2610 autem
996 2557 1209 2625 dignum
1232 2598 1245 2620 ,
1278 2565 1331 2610 et
1357 2571 1512 2624 supra
1551 2564 1790 2609 naturam
1820 2555 2102 2608 humanam

538 2645 638 2701 hoc
676 2656 794 2708 cst,
836 2646 975 2716 quod
1029 2647 1246 2700 infinitis
1291 2647 1521 2717 undique
1565 2647 1716 2700 undis
1753 2647 2058 2700 circumdati
2085 2687 2100 2714 ,

541 2738 910 2807 tranquillitate
937 2752 1066 2807 pura
1097 2737 1391 2792 {ruentibus
1420 2738 1606 2791 melius
1633 2737 1805 2790 affecti
1837 2737 1962 2789 sint.

615 2826 704 2881 Vir
727 2828 892 2896 ﬁdelis
914 2830 1146 2882 continua
1174 2829 1359 2898 fruitur
1385 2826 1652 2898 voluptate.
1676 2855 1746 2867 -—
1769 2827 1918 2891 Quod
1947 2827 2105 2896 igitur

541 2918 741 2994 nullam
769 2919 1087 2972 exteriorem
1115 2919 1270 2971 vitam
1305 2917 1548 2987 gaudium
1575 2917 1879 2972 continuum
1909 2917 2106 2971 haben-

538 3020 645 3066 tem
669 3008 1092 3073 invenireliceat,
1121 3024 1183 3062 ex
1214 3008 1367 3062 dictis
1396 3016 1575 3077 patet;
1603 3007 1741 3078 quod
1769 3017 1943 3062 autem
1971 3007 2102 3062 fide-

539 3101 604 3157 lis
633 3115 736 3153 non
769 3099 934 3168 possit
959 3115 1061 3154 non
1092 3109 1336 3154 continua
1370 3100 1468 3154 frui
1497 3099 1781 3170 voluptate,
1811 3115 2020 3154 rursum
2051 3107 2105 3154 et

538 3191 637 3248 hoc
677 3192 845 3260 ipsum
875 3190 1238 3246 demonstrare
1266 3191 1516 3256 conabor,
1541 3205 1644 3245 non
1669 3199 1723 3244 ut
1751 3190 1964 3245 discatis
1992 3199 2106 3243 tan-

544 3291 651 3338 tum
673 3323 687 3346 ,
715 3280 808 3335 sed
838 3281 996 3335 etiam
1026 3291 1082 3336 ut
1108 3282 1241 3336 hanc
1274 3282 1482 3335 tristitia
1510 3289 1776 3335 carentem
1824 3282 1985 3335 vitam
2015 3295 2104 3336 se-

535 3371 770 3429 ctemini.
800 3371 880 3426 Sit
918 3372 1058 3437 enim
1087 3373 1274 3442 aliquis
1300 3371 1429 3425 nihil
1460 3371 1511 3425 in
1538 3387 1597 3426 se
1623 3371 1975 3426 damnandum
2005 3372 2103 3425 ha-

535 3460 685 3532 bens,
712 3461 805 3516 sed
835 3461 970 3516 bona
1001 3463 1162 3517 fretus
1188 3464 1528 3527 conscientia,
1556 3463 1620 3517 ad
1653 3462 1825 3517 futura
1851 3463 2104 3517 anhelans

534 3561 588 3606 et
616 3563 933 3622 exspectans
959 3554 1100 3608 illam
1128 3555 1332 3609 beatam
1362 3569 1544 3624 spem:
1573 3553 1695 3625 quid
1723 3554 1883 3620 hunc,
1901 3568 2100 3624 qureso,

535 3642 589 3693 in
617 3641 880 3697 tristitiam
911 3645 1104 3711 poterit
1133 3643 1425 3698 inducere?
1450 3643 1635 3698 Nonne
1675 3645 1916 3699 omnibus
1945 3646 2103 3701 rebus

535 3732 915 3790 intolerabilior
945 3748 1088 3787 mors
1116 3748 1232 3788 esse
1257 3733 1609 3788 videtur?sed
1641 3733 1796 3802 hujus
1824 3747 2102 3804 exspceta-

539 3825 610 3877 tio
637 3841 742 3881 non
771 3833 970 3879 tantum
1001 3825 1171 3894 ipsum
1208 3841 1314 3880 non
1350 3825 1654 3890 contristat,
1687 3841 1871 3881 verum
1914 3837 1966 3881 et
2004 3844 2102 3896 po-

537 3913 640 3968 tius
667 3915 927 3972 delectat:
957 3916 1101 3968 novit
1125 3915 1266 3969 enim
1298 3916 1481 3970 mortis
1507 3917 1836 3985 praesentiam
1865 3917 2103 3973 laborum

535 4019 655 4060 esse
685 4005 1084 4072 liberationem,
1116 4015 1170 4060 et
1205 4021 1416 4060 cursum
1460 4006 1525 4060 ad
1566 4021 1789 4062 coronas
1830 4014 1886 4061 et
1925 4007 2102 4061 bravia

535 4107 630 4161 pro
655 4094 846 4166 pietate
871 4104 923 4149 et
951 4097 1144 4150 virtute
1173 4096 1521 4165 pugnantibus
1545 4097 1795 4166 reposita.
1825 4097 1927 4151 Sed
1969 4097 2104 4151 ﬁlio-

535 4201 652 4240 rum
685 4188 959 4242 immatura
988 4189 1172 4242 mors?
1200 4204 1380 4243 verum
1411 4199 1463 4243 et
1493 4191 1592 4244 hoc
1614 4205 1870 4259 generose
1896 4191 2017 4257 fert,
2050 4199 2104 4246 et

533 4273 675 4331 dicet
703 4275 818 4329 Jobi
849 4277 1006 4332 verba
1040 4296 1052 4331 :
1086 4277 1332 4333 Dominus
1368 4280 1536 4344 dedit,
1583 4278 1830 4334 Dominus
1857 4281 2057 4334 abstulit
2084 4297 2102 4336 :

532 4369 658 4422 sicut
685 4365 900 4421 Domino
939 4369 1095 4422 visum
1121 4379 1225 4438 est,
1267 4372 1338 4424 ita
1367 4380 1412 4424 et
1448 4375 1636 4442 factum
1677 4383 1749 4426 est
1776 4390 1794 4427 :
1819 4375 1882 4426 sit
1925 4391 2102 4429 nomen

536 4455 742 4512 Domini
782 4459 1086 4513 benedictum
1123 4463 1174 4515 in
1211 4464 1396 4516 saecula
1434 4462 1577 4535 (Job
1609 4465 1660 4519 1.
1691 4465 1752 4518 2i
1786 4464 1825 4534 ).
1871 4465 1924 4520 Si
1976 4481 2102 4521 vero

535 4561 679 4604 mors
731 4557 783 4602 et
840 4549 1067 4604 filiorum
1110 4552 1314 4620 jactura
1366 4559 1676 4609 contristare
1727 4571 1830 4610 non
1882 4565 2096 4625 potest,

535 4642 702 4696 multo
727 4641 898 4694 minus
928 4644 1266 4710 pecuniarum
1299 4645 1534 4713 jactura,
1561 4656 1612 4701 ct
1654 4650 1985 4704 contumelia:
2008 4664 2098 4703 ac-

533 4731 835 4786 cusationes
869 4740 923 4785 et
949 4733 1227 4787 calumniae
1272 4743 1376 4789 tam
1417 4752 1664 4806 magnum
1694 4748 1746 4792 et
1785 4755 2098 4808 generosum

533 4818 767 4877 animum
796 4830 1012 4888 tangere
1038 4834 1270 4891 possent,
1300 4841 1470 4895 neque
1489 4828 1728 4895 corporis
1753 4828 1903 4882 dolor
1927 4847 1941 4884 :
1964 4845 2098 4898 quo-

534 4909 675 4966 niam
701 4920 754 4965 et
780 4913 1001 4980 apostoli
1023 4913 1417 4984 ﬂagellabantur
1445 4917 1675 4987 quidem,
1706 4919 1798 4973 sed
1824 4934 1928 4973 non
1949 4919 2097 4976 dole-

533 5000 678 5058 bant.
712 5003 895 5072 Magna
924 5005 1134 5074 quidem
1175 5017 1297 5061 sunt
1330 5017 1383 5062 et
1425 5008 1567 5074 haec,
1599 5010 1692 5064 sed
1724 5011 1889 5065 multo
1927 5012 2098 5080 majus

530 5101 644 5163 est,
674 5095 814 5163 quod
857 5111 961 5150 non
1001 5107 1200 5152 tantum
1237 5113 1341 5152 non
1371 5097 1659 5166 dolebant,
1689 5115 1871 5154 verum
1899 5111 1950 5155 et
1983 5102 2094 5171 ipsa

529 5185 731 5256 flagella
761 5187 974 5257 majoris
1003 5191 1274 5245 materiam
1302 5189 1560 5246 faciebant
1584 5193 1891 5261 voluptatis,
1922 5203 1973 5248 et
2014 5209 2098 5249 rc-

532 5283 872 5336 vertebantur
913 5297 942 5335 a
980 5283 1112 5338 facie
1155 5283 1362 5338 concilii
1400 5284 1720 5351 gaudentes,
1769 5284 1910 5354 quod
1951 5285 2094 5354 digni

531 5372 736 5426 fuerant
779 5371 940 5426 habiti
982 5388 1078 5442 pro
1121 5374 1335 5427 nomine
1365 5372 1557 5426 Christi
1584 5375 1954 5428 contumeliam
1986 5376 2093 5444 pati

529 5462 673 5530 (Act.
694 5465 746 5520 5.
781 5465 890 5532 41).
921 5465 1247 5519 Contumelia
1277 5474 1331 5520 et
1358 5465 1595 5520 convicio
1633 5466 1750 5534 quis
1781 5465 1934 5518 talem
1963 5466 2094 5521 ali'e-

528 5553 641 5605 eit?
664 5553 756 5606 sed
780 5569 807 5605 a
839 5553 1050 5608 Christo
1073 5555 1302 5624 gaudere
1342 5556 1608 5609 institutus
1632 5565 1708 5609 est
1742 5556 1792 5608 in
1823 5564 2095 5612 contume-

527 5643 632 5696 liis.
664 5643 881 5698 Gaudete
909 5646 1078 5711 enim,
1111 5647 1310 5717 inquit,
1341 5657 1386 5700 et
1417 5648 1690 5711 ersultate,
1723 5665 1836 5701 cum
1879 5649 2094 5704 dixerint

527 5748 674 5789 omne
711 5733 897 5786 malum
944 5737 1140 5790 verbum
1183 5749 1353 5790 contra
1404 5754 1485 5792 vos
1540 5738 1860 5806 mentientes,
1892 5749 2092 5809 prapter

1242 373 1297 430 S.
1337 370 1609 430 JOANNIS
1647 366 2107 425 CilltYSOSTOMI
2149 365 2464 422 ARClllEP.
2502 364 3032 422 CONSTANTINOP.

3653 369 3758 426 184

2203 497 2301 546 ante,
2319 481 2555 549 quoniam
2583 499 2765 537 merces
2785 494 2944 538 vestra
2969 486 3126 537 multa
3153 494 3222 539 est
3248 486 3298 538 in
3326 484 3460 538 cretis
3476 484 3691 552 (Matth.
3711 484 3768 542 5.

2203 574 2290 628 11.
2323 573 2442 641 12).
2469 573 2571 628 Sed
2599 573 2649 627 iu
2677 575 2914 628 morbum
2944 575 3154 628 incidit?
3175 590 3357 630 verum
3383 575 3581 630 audivit
3606 574 3770 628 alium

2201 659 2570 716 admonentem
2599 673 2652 717 et
2674 663 2933 718 dicentem
2963 683 2975 718 :
3011 663 3074 718 In
3105 667 3274 718 morbo
3310 673 3354 718 et
3376 674 3675 734 paupertate
3718 664 3770 716 in

2201 751 2310 821 ipso
2335 747 2560 820 conﬁdas
2588 764 2606 806 :
2631 755 2867 822 quoniam
2907 755 3034 806 sicut
3060 755 3110 807 in
3143 755 3256 823 igne
3282 755 3519 821 probatur
3546 769 3731 806 aurum
3755 793 3770 817 ,

2201 841 2273 893 sic
2301 838 2524 894 homines
2547 843 2870 912 acceptabiles
2894 845 2945 896 in
2974 847 3176 914 fornace
3198 843 3559 897 humiliationis
3580 842 3771 912 (Eccli.

2201 929 2254 982 2.
2280 930 2333 984 4.
2365 930 2440 1000 5).
2468 929 2598 986 Cum
2641 933 2794 1002 igitur
2837 949 3007 1002 neque
3035 949 3197 996 mors,
3230 950 3399 1004 neque
3425 936 3772 1004 pecuniarum

2199 1017 2434 1086 jactura,
2464 1036 2634 1090 neque
2677 1023 2913 1091 corporis
2941 1023 3229 1093 mgritudo,
3264 1040 3432 1093 neque
3459 1024 3772 1093 ignominia,

2206 1123 2376 1176 neque
2415 1111 2737 1174 convicium,
2768 1126 2937 1180 neque
2976 1112 3243 1181 quidpiam
3285 1113 3424 1166 aliud
3466 1111 3776 1182 hujusmodi

2205 1198 2375 1267 ipsum
2417 1202 2730 1256 contristare
2779 1204 2942 1271 possit
2979 1219 3160 1258 verum
3204 1211 3258 1258 et
3297 1205 3460 1272 magis
3502 1203 3773 1263 delectet.

2204 1304 2360 1358 quam
2392 1306 2636 1360 umquam
2668 1292 2892 1347 tristitiae
2921 1296 3193 1348 materiam
3230 1293 3640 1362 habebit70uid
3680 1295 3775 1364 igi-

2207 1387 2308 1445 tur,
2336 1381 2535 1450 inquit,
2558 1382 2724 1435 sancti
2769 1398 2871 1436 non
2915 1382 3208 1438 dolebant?
3237 1398 3341 1438 non
3367 1383 3519 1438 audis
3548 1383 3770 1438 Paulum

2206 1469 2466 1525 dicentem
2497 1489 2510 1524 :
2533 1469 2756 1524 Tristitia
2781 1472 2901 1524 mihi
2922 1489 3101 1542 magna
3125 1483 3214 1536 est,
3248 1483 3294 1526 et
3320 1473 3599 1526 indesinens
3627 1472 3773 1526 dolor

2206 1559 2346 1611 cordi
2369 1575 2474 1613 meo
2501 1558 2671 1628 (Rom.
2701 1559 2752 1614 9.
2779 1560 2877 1628 2)?
2906 1561 3016 1615 Hoc
3042 1561 3211 1628 ipsum
3241 1577 3430 1630 nempe
3458 1561 3770 1615 admirabile

2207 1656 2318 1712 est,
2349 1649 2488 1718 quod
2528 1650 2732 1704 tristitia
2765 1651 2965 1705 lucrum
2986 1691 3001 1716 ,
3032 1659 3085 1705 et
3121 1652 3440 1721 voluptatem
3478 1667 3542 1707 ex
3585 1651 3727 1706 luctu
3751 1653 3766 1684 ί

2208 1740 2422 1795 ferebat.
2443 1741 2589 1796 Sicut
2614 1743 2751 1797 enim
2776 1741 2976 1812 flagella
3009 1757 3113 1797 non
3139 1743 3368 1808 dolores,
3397 1743 3488 1798 sed
3510 1743 3766 1806 lmtitiam,

2207 1830 2282 1884 sic
2308 1847 2512 1885 rursum
2539 1841 2590 1886 et
2631 1833 2836 1886 tristitia
2863 1848 3074 1902 magnas
3107 1834 3216 1886 illas
3246 1834 3580 1903 comparabat
3611 1848 3769 1888 coro-

2207 1935 2321 1974 nas.
2350 1921 2416 1975 Et
2447 1921 2546 1976 hoc
2575 1932 2656 1977 est
2681 1923 3018 1989 admirabile,
3049 1923 3188 1994 quod
3217 1925 3396 1979 mundi
3423 1941 3526 1979 non
3557 1925 3770 1979 tristitia

2207 2017 2436 2077 tantum,
2471 2027 2648 2066 verum
2679 2021 2732 2067 et
2767 2013 2946 2067 laetitia
2975 2013 3224 2068 damnum
3257 2013 3413 2069 habet
3433 2024 3727 2070 extremum
3755 2033 3768 2068 :

2209 2099 2258 2152 in
2302 2101 2664 2168 Spiritualibus
2706 2119 2830 2158 vero
2869 2104 3188 2158 contrarium
3220 2112 3406 2170 totum,
3441 2120 3545 2160 non
3588 2105 3773 2160 lmtitia

2209 2199 2429 2256 tantum,
2457 2208 2636 2246 verum
2683 2202 2736 2248 et
2780 2193 2987 2248 tristitia
3029 2195 3248 2248 multum
3298 2195 3455 2248 habet
3509 2195 3774 2250 bonorum

2208 2281 2534 2336 thesaurum.
2563 2283 2718 2339 Verbi
2743 2287 2907 2353 gratia
2938 2303 2950 2338 :
2975 2286 3165 2355 gaudet
3189 2286 3306 2356 quis
3334 2286 3596 2341 inmundo
3628 2303 3774 2357 saepe

2206 2371 2475 2428 inimicum
2525 2374 2850 2430 laborantem
2889 2376 3101 2438 videns,
3127 2385 3182 2430 et
3222 2393 3314 2446 per
3353 2377 3486 2432 hanc
3534 2378 3773 2431 laetitiam

2207 2463 2427 2516 multam
2465 2463 2564 2517 sibi
2591 2464 2807 2518 attrahit
2830 2479 3039 2534 pinnam
3067 2482 3081 2519 ε
3106 2465 3250 2520 dolet
3276 2481 3480 2520 rursum
3502 2467 3617 2536 quis
3637 2467 3776 2521 alius

2209 2539 2425 2606 fratrem
2458 2553 2658 2621 lapsum
2681 2554 2884 2622 videns,
2905 2564 2956 2609 et
2985 2570 3078 2624 per
3107 2554 3242 2609 hanc
3271 2556 3530 2610 tristitiam
3552 2556 3776 2613 multam

2205 2639 2302 2713 sibi
2329 2642 2465 2708 apud
2497 2643 2659 2696 Deum
2695 2643 3110 2699 benevolentiam
3135 2654 3422 2715 comparat.

2281 2730 2504 2785 Tristitia
2521 2735 2791 2787 secundum
2829 2733 2992 2788 Deum
3032 2737 3189 2789 multo
3232 2737 3406 2789 melior
3440 2747 3510 2790 est
3550 2735 3777 2790 humana

2205 2820 2395 2874 latitia.
2418 2851 2488 2861 —
2511 2821 2695 2876 Cernis
2723 2824 2985 2892 quomodo
3017 2824 3305 2878 secundum
3353 2825 3516 2880 Deum
3560 2826 3777 2880 tristitia

2207 2913 2387 2968 mundi
2413 2913 2591 2968 laetitia
2622 2916 2808 2970 melior
2847 2917 2917 2971 sit
2943 2926 2997 2970 et
3025 2916 3241 2971 utilior?
3265 2917 3352 2972 Sic
3370 2925 3424 2972 et
3451 2917 3640 2972 Paulus
3681 2919 3779 2972 tri-

2205 3005 2443 3060 stabatur
2463 3014 2678 3076 propter
2705 3022 2818 3074 eos,
2848 3008 2936 3076 qui
2961 3017 3241 3078 peccareut
3281 3018 3335 3063 ct
3375 3010 3483 3064 Deo
3509 3020 3614 3064 nan
3653 3025 3780 3067 ere-

2205 3095 2422 3161 derent,
2455 3106 2510 3152 et
2556 3113 2619 3152 ex
2675 3096 2774 3152 hac
2822 3098 3029 3152 tristitia
3070 3099 3287 3152 multam
3334 3099 3433 3154 sibi
3486 3102 3780 3170 repositam

2206 3185 2432 3241 habebat
2455 3187 2776 3242 mercedem.
2803 3187 2872 3243 Ut
2897 3199 3072 3242 autem
3108 3189 3432 3245 manifestius
3477 3190 3617 3261 quod
3652 3192 3780 3247 dico

2207 3275 2414 3341 faciam,
2434 3284 2488 3331 et
2513 3276 2747 3343 discatis,
2769 3278 2891 3332 licet
2920 3289 3111 3346 praeter
3132 3280 3432 3349 Opinionem
3457 3282 3526 3336 sit
3549 3281 3775 3349 dictum,

2208 3374 2380 3420 tamen
2415 3382 2596 3422 verum
2639 3383 2758 3423 esse
2782 3409 2795 3433 ,
2823 3377 2876 3423 et
2910 3369 3109 3424 luctum
3147 3385 3290 3440 sarpe
3318 3372 3489 3427 solere
3531 3372 3779 3431 dolentes

2204 3456 2406 3511 animas
2433 3473 2698 3527 reparare,
2723 3468 2776 3513 et
2800 3461 3175 3514 conscientiam
3203 3472 3468 3530 gravatam
3496 3463 3777 3521 relevare:

2206 3547 2383 3600 multa:
2409 3549 2600 3616 smpius
2629 3549 2876 3604 mulieres
2905 3549 3363 3606 desideratissimis
3391 3554 3598 3609 amissis
3626 3548 3774 3624 filiis,

2205 3635 2249 3689 si
2293 3636 2674 3705 prohibeantur
2709 3639 2919 3705 quidem
2967 3637 3129 3707 flere,
3162 3641 3339 3710 lugere
3379 3652 3434 3698 et
3477 3647 3774 3714 conqueri,

2205 3725 2608 3794 disrumpuntur
2628 3736 2679 3782 et
2711 3737 2964 3797 pereunt;
3008 3730 3051 3783 si
3076 3745 3203 3785 vero
3228 3734 3560 3789 mmrentium
3588 3738 3774 3791 omnia

2210 3816 2454 3885 fecerint,
2497 3819 2801 3873 relevantur
2841 3828 2895 3874 et
2929 3821 3342 3876 consolationem
3379 3808 3657 3893 accipiunt:
3705 3829 3774 3883 Et

2203 3909 2326 3977 quid
2367 3908 2697 3974 mirandum,
2748 3911 2791 3963 si
2839 3911 2892 3964 in
2939 3911 3246 3966 mulieribus
3293 3911 3394 3966 hoc
3438 3913 3522 3978 fit,
3555 3917 3772 3984 quando

2204 3999 2361 4052 etiam
2405 4000 2573 4069 ipsum
2618 4000 2926 4069 prophetam
2972 3999 3071 4055 hoc
3109 4002 3395 4070 patientem
3437 4003 3616 4060 videre
3648 4007 3771 4076 quis

2206 4089 2414 4156 possit?
2441 4089 2562 4144 Ideo
2591 4090 2895 4159 frequenter
2917 4090 3122 4146 dicebat
3150 4110 3163 4148 :
3191 4093 3352 4148 Sinite
3377 4111 3472 4160 me,
3496 4111 3668 4149 amare
3687 4096 3772 4150 tua

2202 4180 2323 4248 gebo
2344 4197 2364 4232 :
2393 4180 2545 4233 nolite
2585 4181 2877 4236 contendere
2899 4221 2913 4248 ,
2940 4192 2995 4234 ut
3036 4185 3356 4238 consolemini
3402 4202 3550 4254 super
3575 4189 3769 4241 contri-

2204 4269 2336 4321 tione
2371 4270 2491 4337 ﬁliae
2517 4271 2708 4340 generis
2751 4271 2846 4322 mei
2875 4269 3036 4340 (Isai.
3066 4272 3154 4326 22.
3183 4274 3268 4340 ι).
3295 4273 3472 4343 Itaque
3500 4290 3640 4344 sepe
3671 4278 3772 4332 tri-

2203 4359 2342 4412 stitia
2381 4359 2536 4413 affert
2575 4361 3019 4426 consolationem;
3051 4362 3296 4416 siautem
3339 4365 3390 4417 in
3429 4365 3624 4418 mundo
3664 4366 3770 4422 hoc

2205 4451 2263 4504 fit
2292 4450 2457 4504 multo
2484 4451 2648 4521 magis
2679 4452 2729 4504 in
2757 4451 2912 4506 rebus
2953 4453 3328 4521 spiritualibus.
3364 4453 3644 4523 Propterea
3686 4457 3770 4509 di-

2203 4541 2308 4594 cit:
2339 4541 2624 4596 Secundum
2651 4540 2811 4595 Deum
2831 4553 2995 4596 autem
3025 4544 3226 4596 tristitia
3255 4545 3592 4612 paenitentiam
3613 4547 3668 4600 in
3686 4565 3772 4602 sa-

2203 4631 2353 4684 lutem
2395 4633 2619 4686 stabilem
2646 4642 2882 4703 operatur
2908 4634 2927 4706 (
2951 4635 3003 4688 2.
3027 4632 3145 4689 Cor.
3173 4635 3224 4688 7.
3255 4636 3375 4706 10).
3407 4636 3474 4690 Et
3513 4638 3612 4692 hoc
3651 4643 3768 4709 qui-

2203 4721 2323 4775 dem
2369 4721 2650 4777 obseurum
2698 4736 2816 4777 esse
2856 4723 3095 4788 videtur;
3127 4725 3264 4793 quod
3310 4734 3485 4780 autem
3529 4727 3657 4782 dicit
3685 4741 3768 4785 est

2204 4811 2501 4882 hujusmodi
2527 4833 2540 4868 :
2571 4813 2626 4868 Si
2655 4814 2719 4868 de
2757 4815 2988 4882 pecuniis
3017 4816 3250 4870 tristatus
3279 4816 3468 4883 fueris,
3502 4818 3629 4880 nihil
3653 4835 3770 4890 pro-

2200 4903 2370 4958 fecisti
2399 4918 2414 4956 :
2444 4905 2487 4958 si
2518 4904 2570 4957 in
2599 4904 2934 4973 aegritudine,
2963 4905 3096 4963 nihil
3119 4907 3345 4961 lucratus
3379 4923 3438 4962 es
3457 4949 3471 4974 ,
3500 4924 3685 4964 verum
3715 4922 3770 4966 et

2202 4995 2367 5064 magis
2397 4993 2620 5062 teipsum
2650 4996 2958 5048 contrivisti.

2271 5088 2325 5145 ες.
2367 5087 2433 5140 Et
2458 5099 2554 5157 ego
2589 5085 2797 5155 quidem
2841 5087 3034 5140 multos
3076 5086 3247 5141 audivi
3279 5097 3394 5154 post
3422 5089 3577 5143 talem
3605 5104 3772 5160 expe-

2199 5177 2442 5232 rientiam
2485 5192 2541 5231 se
2567 5186 2873 5231 accusantes
2895 5219 2907 5238 ,
2941 5187 2993 5231 et
3017 5177 3080 5232 ad
3108 5178 3310 5246 seipsos
3334 5178 3568 5234 dicentes
3587 5198 3605 5233 :
3635 5182 3771 5248 Qua:

2202 5268 2419 5330 utilitas,
2445 5267 2583 5337 quod
2609 5267 2788 5322 dolui?
2815 5281 2912 5321 nec
2941 5269 3186 5335 pecunias
3213 5270 3537 5336 rccuperavi,
3567 5279 3620 5324 et
3646 5286 3771 5325 me-

2200 5360 2369 5428 ipsum
2405 5359 2536 5412 fresi.
2566 5357 2619 5412 Si
2649 5373 2775 5412 vero
2803 5357 2868 5411 de
2889 5366 3106 5426 peccato
3137 5358 3392 5422 tristeris,
3423 5357 3524 5413 hoc
3550 5359 3768 5425 delesti,

2199 5463 2253 5507 et
2290 5453 2568 5504 maximam
2607 5451 2837 5504 lucratus
2877 5465 2934 5504 es
2961 5451 3300 5519 voluptatem.
3328 5450 3381 5505 Si
3411 5449 3476 5504 de
3515 5449 3772 5508 fratribus

2199 5543 2364 5612 lapsis
2384 5541 2733 5603 contristeris,
2763 5541 2986 5608 teipsum
3016 5539 3252 5595 hortatus
3275 5555 3334 5596 es
3357 5549 3410 5594 et
3437 5541 3768 5607 consolatus,

2198 5644 2250 5690 et
2293 5636 2410 5688 illos
2453 5649 2659 5688 rursum
2709 5631 3026 5700 recuperasti
3057 5647 3072 5686 :
3103 5631 3242 5700 quod
3288 5631 3334 5684 si
3375 5631 3504 5685 nihil
3532 5637 3588 5686 et
3633 5631 3769 5699 ipsis

2267 5748 2280 5776 ³
2317 5746 2386 5794 sic
2406 5744 2540 5794 Savil.
2561 5751 2608 5792 tn
2632 5751 2700 5803 ιλ,
2723 5741 2866 5804 lucro,
2899 5754 3000 5804 pro,
3034 5739 3182 5790 luctu.
