3920 6224
49 340 203 399 183

43 456 427 514 ἀλλοιοῦται
459 461 652 532 ῥᾳδίως
676 479 687 491 ·
727 463 819 515 καὶ⁸
860 462 920 513 οὐ
953 462 1112 516 τοῦτο
1152 464 1314 534 μόνον
1354 464 1467 535 ἔχει
1501 464 1563 517 τὸ
1589 464 1783 525 δεινὸν,

45 542 218 594 ἀλλ’
258 546 346 600 ὅτι
386 546 479 600 καὶ
515 547 747 615 μένοντα
789 548 851 600 οὐ
903 548 1135 620 παρέχει
1181 548 1456 622 τοσαύτην
1502 550 1634 621 ἡμῖν
1686 548 1786 621 τὴν

44 630 337 704 ἡδονὴν,
360 632 435 696 ὡς
448 633 545 705 τὴν
561 634 627 688 ὲκ
642 634 750 687 τῶν
774 634 953 689 ἄλλων
978 638 1111 707 ἡμῖν
1133 638 1523 710 ὲπιγινομένην
1546 636 1786 709 ἀθυμίαν

49 715 547 788 διακρούεσθαιι
593 723 689 774 καὶ¹
728 721 1079 786 συσκιάζειν·
1115 726 1144 777 ὁ
1184 724 1240 777 δὲ
1284 723 1380 778 τοῦ
1428 725 1564 777 Θεοῦ
1621 724 1786 794 φόϐος

49 802 401 877 ἀμφότερα
422 806 594 861 ταῦτα
617 807 752 877 ἔχει,
788 808 1006 878 βέϐαιός
1042 810 1103 861 τέ
1137 810 1255 863 ἐστι
1279 811 1373 864 καὶ
1395 811 1670 882 ἀκίνητος,
1689 812 1786 864 καὶ

48 892 382 962 τοσαύτην
412 892 563 965 βρύει
585 894 778 966 χαρὰν,
805 895 882 959 ὡς
916 896 1186 968 μηδεμίαν
1219 900 1365 969 ἡμᾶς
1396 898 1647 969 αἴσθησιν
1676 899 1784 952 τῶν
1830 932 1849 948 τ

51 975 286 1031 ἄλλων
340 978 635 1050 λαμϐάνειν
694 981 905 1036 δεινῶν.
953 983 1013 1036 ’0
1060 984 1170 1055 γὰρ
1221 986 1315 1038 τὸν
1346 985 1501 1048 Θεὸν,
1539 985 1616 1049 ὡς
1655 985 1780 1057 χρὴ,

54 1063 467 1135 φοϐούμενος,
501 1068 598 1121 καὶ
628 1069 715 1121 ἐπ’
743 1069 894 1140 αὐτῷ
928 1069 1169 1142 θαρρῶν,
1210 1071 1311 1143 τὴν
1345 1072 1503 1142 ῥίζαν
1529 1072 1785 1141 ἐκαρπώ-

58 1164 237 1202 σατο
283 1151 389 1221 τῆς
430 1152 657 1223 ήδονῆς,
710 1156 805 1208 καὶ
845 1159 1025 1210 πᾶσαν
1066 1157 1169 1227 τῆς
1213 1157 1477 1227 εὐθυμίας
1523 1158 1635 1229 ἔχει
1683 1158 1782 1230 τὴν

55 1238 317 1309 πηγήν.
372 1240 483 1292 Καὶ
543 1241 796 1315 καθάπερ
838 1245 921 1307 εἰς
970 1245 1207 1315 πέλαγος
1267 1245 1495 1318 ἄπειρον
1547 1248 1782 1322 σπινθὴρ

60 1325 310 1394 μικρὸς
345 1325 602 1397 ἐμπεσὼν
644 1329 964 1399 ἀφανίζεται
1000 1331 1220 1402 ῥᾳδίως,
1260 1332 1435 1398 οὕτως
1474 1336 1684 1406 ὅσαπερ
1716 1337 1783 1391 ἂν

54 1412 399 1485 προσπέσῃ
422 1414 499 1485 τῷ
518 1415 840 1487 φοϐουμένῳ
861 1417 953 1470 τὸν
982 1418 1135 1483 Θεὸν,
1167 1420 1419 1493 καθάπερ
1442 1421 1523 1484 είς
1548 1422 1784 1492 πέλαγος

57 1496 306 1567 ἀχανὲς
339 1499 603 1571 εὐθυμίας
635 1502 980 1572 ἐμπίπτοντα
1014 1505 1449 1561 κατασϐέννυται
1479 1509 1573 1562 καὶ
1614 1510 1783 1562 ἀπό).-

54 1582 285 1639 λυται.
333 1586 437 1640 Καὶ
460 1589 521 1642 τὸ
567 1588 632 1660 δὴ
684 1589 999 1661 θαυμαστὸν
1042 1593 1279 1664 μάλιστα
1305 1593 1465 1649 τοῦτό
1493 1598 1660 1661 ἐστιν,
1696 1598 1779 1651 ὅτι

52 1666 205 1720 τῶν
234 1668 559 1725 λυπούντων
594 1673 878 1743 παρόντων
914 1675 1066 1745 μένει
1105 1678 1311 1749 χαίρων
1360 1679 1543 1743 αὐτός.
1578 1680 1640 1733 Εἰ
1679 1682 1780 1751 μὲν

54 1753 208 1826 γὰρ
235 1757 411 1827 μηδὲν
438 1753 506 1829 ἦν
532 1760 593 1812 τὸ
612 1759 836 1827 λυποῦν,
864 1763 963 1815 οὐκ
984 1757 1052 1834 ἦν
1085 1765 1233 1835 αὐτῷ
1266 1766 1407 1837 μέγα
1439 1768 1499 1821 τὸ
1520 1767 1777 1823 δύνασθαι

54 1840 374 1911 διηνεκῶς
418 1846 659 1917 χαίρειν⁰
709 1847 771 1900 τὸ
821 1848 878 1901 δὲ
912 1849 1123 1903 πολλῶν
1156 1852 1519 1924 ἐπικειμένων
1562 1854 1669 1907 τῶν
1695 1855 1778 1918 είς

63 1928 353 1999 ἀθυμίαν
389 1930 844 2001 ὲμϐιϐαζόντωνδ
878 1936 1151 2009 ἀνώτερον
1196 1935 1335 1992 εἶναι
1377 1941 1654 2009 ἁπάντων,
1686 1942 1778 1995 καὶ

65 2014 145 2065 ὲν
200 2015 399 2085 μέσοις
440 2021 552 2081 τοῖς
599 2018 865 2092 λυπηροῖς
911 2022 1323 2094 εὐφραίνεσθαι,
1360 2025 1516 2080 τοῦτό
1548 2028 1666 2082 ἐστι
1715 2027 1777 2081 τὸ

68 2101 434 2170 παράδοξον.
465 2106 573 2159 Καὶ
603 2107 853 2179 καθάπερ
884 2111 1012 2172 τοὺς
1043 2112 1237 2175 παῖδας
1265 2114 1392 2177 τούς
1419 2118 1569 2185 τρεῖς
1600 2115 1777 2181 οὐδεὶς

69 2188 158 2242 ἂν
191 2191 479 2263 ἐθαύμασε
506 2193 580 2265 μὴ
597 2197 995 2260 κατακαέντας,
1014 2199 1063 2251 εί
1089 2199 1277 2270 πόρρω
1302 2201 1401 2270 τῆς
1427 2202 1775 2267 Βαϐυλωνίας

62 2275 242 2350 ἦσαν
270 2281 501 2350 καμίνου
535 2282 625 2353 (τὸ
654 2282 764 2354 γὰρ
800 2285 1077 2356 ὲκπλῆξαν
1116 2286 1365 2353 ἅπαντας
1401 2290 1559 2344 τοῦτὸ
1603 2293 1771 2359 ἐστιν,

68 2368 174 2421 ὅτι
230 2368 317 2439 τῷ
354 2369 488 2441 πυρὶ
542 2370 797 2425 τοσοῦτον
851 2373 1215 2445 ὁμιλήσαντες
1251 2377 1464 2448 χρόνον,
1518 2378 1628 2431 τῶν
1676 2379 1775 2452 οὐχ

67 2454 460 2527 ὡμιληκότων
503 2456 771 2529 ἐξέϐησαν
803 2459 1185 2532 ἀλυπότεροι)’
1248 2463 1391 2518 οὕτω
1419 2465 1514 2519 καὶ
1544 2465 1637 2519 ἐπὶ
1665 2466 1773 2519 τῶν

72 2542 279 2611 ἁγίων
302 2542 446 2597 ἐστιν
488 2546 683 2609 εἰπεῖν,
720 2546 802 2601 ὅτι
840 2549 889 2600 εί
922 2547 1114 2619 μηδεὶς
1158 2550 1341 2616 αὐτοῖς
1381 2553 1620 2624 ἐπήγετο
1654 2570 1775 2607 πει-

74 2629 338 2700 ρασμὸς,
355 2630 455 2684 οὐκ
469 2630 537 2686 ἂν
555 2632 752 2697 αὐτοὺς
773 2634 1163 2707 ἐθαυμάσαμεν
1177 2636 1439 2709 διηνεκῶς
1459 2642 1770 2714 χαίρονταςο

72 2714 149 2769 τὸ
180 2714 248 2768 δὲ
280 2715 594 2788 ἐκπλήξεως
627 2718 776 2783 ἀξιον
810 2720 907 2775 καὶ⁵
940 2720 1099 2790 φύσιν
1132 2724 1480 2798 ἀνθρωπίνην
1508 2728 1773 2799 ὑπερϐαῖ-

71 2816 187 2858 νον
246 2803 406 2856 τοῦτό
433 2807 602 2872 ἐστιν,
624 2807 706 2860 ὅτι
728 2807 943 2879 μυρίοις
959 2809 1318 2882 κυκλούμενοι
1347 2812 1553 2886 κύμασι
1576 2816 1773 2870 πάντο-

74 2888 218 2956 θεν,
252 2891 361 2946 τῶν
385 2892 621 2965 γαλήνης
664 2895 910 2966 καθαρᾶς
942 2896 1330 2955 ἀπολαυόντων
1372 2903 1503 2974 ῥᾷον
1532 2903 1772 2958 διάκειν-

75 2994 213 3034 ται.

159 3066 299 3122 ὀτι
335 3070 434 3141 μὲν
458 3064 551 3126 οὖν
579 3070 767 3127 οὐδένα
798 3073 912 3146 βίον
941 3076 1051 3130 τῶν
1097 3077 1296 3145 ἔξωθεν
1331 3079 1510 3152 εὑρεῖν
1547 3081 1771 3137 δυνατὸν

78 3153 340 3229 εὐθυμία
383 3160 905 3232 συγκεκληρωμένον
953 3164 1217 3235 διηνεκῶς
1251 3178 1298 3230 ο,
1343 3167 1500 3238 δῆλον
1545 3170 1609 3221 ὲκ
1661 3169 1770 3223 τῶν

80 3242 413 3312 εἰρημένων
435 3262 447 3275 ·
501 3247 583 3299 ὅτι
629 3248 686 3301 δὲ
715 3248 807 3301 τὸν
846 3252 1036 3305 πιστὸν
1068 3254 1350 3324 ἀμήχανον
1384 3254 1460 3326 μὴ
1488 3254 1770 3328 διηνεκοῦς

79 3328 398 3383 ἀπολαύειν
425 3332 642 3404 ήδονῆς,
673 3335 768 3390 καὶ
795 3337 953 3391 τοῦτο
978 3340 1110 3394 αὐτὸ
1148 3342 1311 3395 πάλιν
1352 3342 1629 3409 ἀποδεῖξαι
1649 3361 1769 3398 πει-

83 3415 362 3487 ράσομαι,
386 3420 483 3490 οὐχ
511 3420 598 3474 ἵνα
625 3422 831 3494 μάθητε
860 3425 1040 3495 μόνον,
1071 3427 1186 3480 ἀλλ’
1215 3430 1302 3482 ἵνα
1358 3431 1454 3484 καὶ
1486 3429 1767 3503 ζηλώσητε

82 3504 188 3555 τὸν
216 3504 423 3558 ἄλυπον
451 3507 638 3561 τοῦτον
677 3509 811 3579 βίον.
854 3514 1034 3566 Ἔστω
1074 3516 1184 3587 γάρ
1221 3533 1305 3580 τις
1358 3518 1525 3589 μηδὲν
1571 3518 1766 3573 ἑαυτοῦ

82 3592 482 3660 κατεγνωκὼς,
509 3596 624 3648 ἀλλ’
653 3598 843 3669 ἀγαθῷ
874 3601 1134 3656 συνειδότι
1167 3605 1627 3676 συντρεφόμενος,
1673 3609 1768 3661 καὶ

85 3679 239 3749 πρὸς
273 3680 344 3734 τὰ
386 3682 653 3751 μέλλοντα
695 3686 962 3757 κεχηνὼς,
1004 3689 1098 3742 καὶ
1149 3690 1246 3754 τὰς
1299 3692 1509 3756 ἀγαθὰς
1552 3693 1767 3760 ὲκείνας

82 3765 390 3838 ἀναμένων
423 3770 667 3837 ἐλπίδας,
707 3773 759 3824 τί
787 3773 996 3841 τοῦτον,
1050 3777 1172 3830 είπέ
1231 3795 1344 3849 μοι,
1399 3780 1480 3843 είς
1526 3779 1766 3850 ἀθυμίαν

83 3852 358 3937 ἐμϐαλεῖν
388 3856 674 3928 δυνήσεται
695 3875 710 3925 ;
730 3860 803 3913 Ού
831 3861 1047 3915 πάντων
1068 3864 1471 3937 ἀφορητότατον
1490 3869 1519 3920 ὀ
1539 3867 1766 3934 θάνατος

84 3934 237 3993 εἶναι
277 3940 447 4010 δοκεῖ;
481 3943 599 3997 ἀλλ’
624 3946 657 4016 ή
685 3945 876 4000 τούτου
904 3950 1199 4020 προσδοκία
1222 3934 1282 4004 οὐ
1320 3953 1480 4023 μόνον
1508 3955 1671 4008 αὐτὸν
1703 3957 1764 4009 οὐ

82 4026 280 4093 λυπεῖ,
337 4029 472 4085 ἀλλά
519 4032 611 4084 καὶ
658 4033 944 4105 εὐφραίνει
983 4035 1283 4107 μειζόνως’
1318 4037 1426 4093 οἶδε
1464 4040 1571 4115 γὰρ
1612 4042 1694 4096 ὅτι
1732 4045 1765 4115 ἠ

85 4116 187 4169 τοῦ
215 4114 449 4171 θανάτου
476 4120 745 4190 παρουσία
765 4121 942 4176 πόνων
970 4124 1116 4176 ἐστὶν
1134 4125 1440 4199 ἀπαλλαγὴ,
1457 4129 1550 4182 καὶ
1568 4114 1765 4200 δρόμος

88 4206 190 4258 ἐπὶ
218 4208 345 4270 τοὺς
385 4210 682 4277 στεφάνους
717 4211 810 4263 καὶ
841 4211 911 4264 τά
942 4211 1169 4282 βραϐεῖα
1198 4212 1266 4266 τὰ
1291 4214 1627 4285 ἀποκείμενα
1655 4217 1766 4280 τοῖς

90 4293 241 4366 ὑπὲρ
261 4295 543 4360 εὐσεϐείας
569 4299 663 4351 καὶ
685 4299 885 4369 ἀρετῆς
902 4300 1355 4371 ἀγωνισαμένοις.
1383 4300 1541 4355 Ἀλλά
1558 4302 1765 4355 παίδων

86 4380 277 4451 ἄωρος
322 4383 589 4454 τελευτή;
634 4384 771 4438 ἀλλά
804 4385 899 4439 καὶ
939 4385 1099 4439 τοῦτο
1149 4386 1304 4457 φέρει
1356 4387 1638 4455 γενναίως,
1669 4388 1765 4442 καὶ

87 4468 215 4539 ἐρεῖ
240 4469 307 4521 τά
338 4469 430 4523 τοῦ
473 4469 594 4524 Ἰὼϐ
624 4473 878 4544 ῥήματα·
921 4473 986 4526 '0
1023 4473 1240 4541 Κύριος
1275 4474 1516 4542 ἔδωκεν,
1569 4478 1604 4529 ὀ
1644 4477 1762 4530 Κύ-

80 4571 223 4622 ριος
246 4556 534 4624 ἀφέίλατο
555 4574 568 4589 ·
611 4560 692 4625 ὡς
720 4557 800 4626 τῷ
828 4561 1020 4629 Κυρίῳ
1046 4560 1283 4625 ἔδοξεν,
1318 4561 1471 4615 οὕτω
1512 4562 1611 4617 καί
1643 4563 1763 4634 ἐγέ-

87 4658 271 4696 νετο·
313 4643 407 4710 εἵη
443 4644 511 4697 τὸ
546 4646 734 4716 ὄνομα
772 4649 996 4716 Κυρίου
1025 4648 1435 4719 εὐλογημένον
1483 4652 1572 4715 είς
1619 4650 1763 4718 τοὺς

87 4727 341 4794 αἰῶνας.
389 4732 452 4783 El
478 4732 535 4784 δὲ
570 4732 799 4798 θάνατος
840 4736 934 4788 καὶ
980 4735 1184 4789 παίδων
1212 4733 1454 4805 ἀποϐολὴ
1483 4734 1671 4789 λυπεῖν
1699 4739 1761 4791 οὐ

87 4815 372 4883 δύνανται,
400 4819 579 4891 πολλῷ
616 4821 817 4891 μᾶλλον
852 4822 1026 4894 ζημία
1046 4825 1362 4895 χρημάτων,
1395 4824 1489 4878 καὶ
1520 4824 1759 4894 ἀτιμίαι,

89 4903 189 4956 καὶ
224 4905 573 4976 κατηγορίαι,
609 4907 702 4960 καὶ
752 4907 995 4962 διαϐολαὶ
1025 4910 1124 4979 τῆς
1171 4908 1313 4963 οὕτω
1371 4910 1614 4982 μεγάλης
1664 4913 1761 4965 καὶ

89 4993 351 5061 γενναίας
386 4995 562 5068 ψυχῆς
595 4999 697 5053 οὐκ
734 4999 800 5054 ἀν
847 5018 980 5054 ποτε
1017 5001 1263 5071 ἅψαιντο,
1299 5003 1420 5056 οὐδὲ
1458 5003 1617 5075 ὀδύνη
1651 5005 1759 5058 σώ-

95 5096 304 5150 ματος·
352 5082 475 5136 ἐπεὶ
525 5084 621 5138 καὶ
660 5088 709 5139 οί
741 5087 1029 5141 ἀπόστολοι
1058 5090 1454 5160 ὲμαστιγοῦντο
1480 5092 1611 5162 μὲν,
1660 5093 1760 5146 οὐκ

92 5167 341 5240 ἠθύμουν
371 5170 448 5223 δέ.
474 5169 624 5245 [184]
647 5173 807 5242 Μέγα
829 5175 928 5245 μὲν
953 5172 1046 5230 οὖν
1077 5177 1172 5229 καὶ
1196 5178 1377 5231 τοῦτο·
1410 5179 1470 5231 τὸ
1502 5178 1558 5231 δὲ
1580 5180 1756 5251 πολλῷ

96 5257 303 5327 μεῖζον,
345 5260 424 5312 ὅτι
463 5260 526 5313 οὐ
560 5262 720 5333 μόνον
751 5263 853 5316 οὐκ
876 5263 1141 5335 ἠθύμουν,
1173 5264 1308 5319 ἀλλά
1335 5267 1427 5320 καὶ
1460 5267 1630 5330 αὐτάς
1659 5269 1759 5333 τὰς

96 5345 368 5415 μάστιγας
398 5346 654 5403 ὑπόθεσιν
688 5351 968 5405 ἐποιοῦντο
1005 5351 1248 5423 μείζονος
1271 5353 1483 5424 ήδονῆς,
1518 5355 1610 5408 καὶ
1651 5355 1756 5409 ὐπ-

98 5432 365 5505 έστρεφον
386 5434 495 5488 ἀπὸ
541 5434 835 5510 προσώπου
866 5437 960 5492 τοῦ
997 5441 1272 5512 συνεδρίου
1310 5441 1622 5513 χαίροντες,
1675 5443 1756 5498 δτι

98 5520 514 5592 κατηξιώθησαν
547 5524 687 5596 ὑπὲρ
714 5526 806 5578 τοῦ
855 5526 1120 5598 ὀνόματος
1146 5527 1242 5582 τοῦ
1286 5530 1526 5601 Χριστοῦ
1556 5533 1755 5602 ἀτιμα-
1809 5563 1831 5585 .

100 5608 307 5678 σθῆναι.
333 5608 565 5681 ’Ύϐρισέ
602 5627 687 5675 τις
720 5615 814 5666 καὶ
844 5613 1151 5686 ἐλοιδόρησε
1188 5617 1279 5671 τὸν
1315 5617 1591 5682 τοιοῦτον;
1638 5619 1753 5674 ἀλλ’

98 5694 386 5766 ὶπαιδεύθη
419 5697 568 5767 παρά
594 5698 688 5751 τοῦ
725 5700 963 5771 Χριστοῦ
998 5702 1211 5773 χαίρειν
1244 5704 1337 5757 ἰπὶ
1364 5706 1485 5768 ταῖς
1542 5704 1749 5777 ὕϐρεσι.

157 5788 405 5859 Ϋᾼίῇιιιιοί
426 5804 540 5859 φ-εε.
563 5793 759 5857 ἀθυμίαν
779 5796 1141 5859 ἀποκρούεσθαι.

153 5848 182 5893 b
201 5848 658 5915 Αιὶἰῖμϐαλλόντωνξ

152 5915 180 5976 9
202 5912 376 5965 Μαι-θί.
402 5920 455 5964 ει
476 5915 674 5979 quidam
695 5929 815 5968 mss.
842 5919 1083 5983 διηνεκῶς,
1108 5921 1189 5977 alii
1214 5921 1431 5981 διηνεκεῖ.

1071 296 1163 404 AD
1203 346 1528 406 Ρορίιυιι
1567 342 2066 402 ANTIOCHENUM
2131 346 2360 403 HOMIL.
2401 344 2586 402 XVIII.

3455 345 3560 403 κει

1896 462 2138 531 Χαίρετε
2158 463 2286 536 γὰρ,
2318 462 2473 532 φησὶ,
2497 460 2597 515 καί
2623 460 3012 531 ἀγαλλιᾶσθε,
3041 457 3188 513 ὅταν
3208 458 3421 515 εἴπωσι
3449 456 3576 520 πᾶν

1894 549 2165 617 πονηρὸν
2196 548 2362 618 ῥῆμα
2392 545 2521 602 καθ’
2548 545 2711 617 ὑμῶν
2737 545 3100 617 ψευδόμενοι
3144 546 3356 602 ἕνεκεν
3389 544 3560 618 ἐμοῦ,

1893 633 1981 686 ὅτι
2010 637 2042 688 ὁ
2074 636 2294 705 μισθὸς
2336 635 2505 705 ὑμῶν
2537 634 2732 701 πολὺς
2773 635 2846 689 ἐν
2872 633 2999 701 τοῖς
3051 634 3353 704 οὐρανοῖς.
3397 634 3562 690 Ἀλλά

1891 719 2031 790 νόσῳ
2062 720 2388 791 περιέπεσεν
2410 738 2425 782 ;
2451 720 2566 775 ἀλλ’
2595 720 2827 791 ἤκουσεν
2847 720 3035 793 ἑτέρου
3059 719 3452 794 παραινοῦντος
3466 721 3563 775 καὶ⁸

1890 803 2172 873 λέγοντοςο
2228 807 2325 859 Ἑν
2357 806 2524 873 νόσῳ
2577 806 2676 860 καί
2709 808 2886 875 πενίᾳ
2929 806 3022 859 ἐπ’
3063 805 3224 873 αὑτῷ
3263 806 3563 875 πεποιθὼς

1889 893 2084 962 γίνου,
2108 892 2197 947 ὅτι
2227 892 2431 962 ὥσπερ
2467 893 2537 947 ἐν
2552 894 2692 962 πυρὶ
2715 892 3079 962 δοκιμάζεται
3099 894 3348 964 χρυσὸς,
3368 894 3556 961 οὕτως

1890 976 2187 1047 ἄνθρωποι
2217 979 2416 1034 δεκτοί
2444 981 2512 1033 ἐν
2544 980 2770 1049 καμίνῳ
2790 979 3229 1048 ταπεινώσεως.
3262 982 3434 1035 Ὅταν
3463 978 3559 1036 οὖν

1894 1066 2038 1138 μήτε
2061 1066 2309 1131 θάνατος.
2343 1070 2479 1138 μήτε
2510 1066 2683 1139 ζημία
2716 1067 3041 1140 χρημάτων,
3091 1067 3230 1140 μήτε
3270 1068 3426 1133 νόσος
3452 1066 3559 1122 σώ-

1892 1168 2080 1222 ματος,
2118 1155 2254 1227 μήτε
2294 1154 2483 1225 ἀτιμία
2504 1195 2518 1218 ,
2554 1155 2690 1226 μήτε
2724 1153 2992 1226 λοιδορία,
3025 1154 3163 1227 μήτε
3203 1154 3332 1208 ἀλλο
3362 1169 3416 1208 τι
3442 1155 3554 1210 τῶν

1887 1241 2147 1296 τοιούτων
2184 1243 2352 1315 μηδὲν
2380 1243 2619 1314 λυπῆσαι
2666 1243 2828 1298 αὐτὸν
2882 1243 3128 1315 δύνηται,
3164 1242 3302 1298 ἀλλά
3338 1244 3434 1298 καὶ
3465 1244 3558 1297 εὐ-

1887 1329 2088 1401 φραίνῃ
2127 1329 2346 1402 μᾶλλον,
2387 1331 2546 1384 ποίαν
2583 1330 2820 1402 ἀθυμίας
2847 1330 3102 1385 ὑπόθεσιν
3151 1330 3262 1398 ἕξει
3289 1330 3452 1399 ποτέ;
3487 1331 3557 1386 Τί

1886 1413 1999 1479 οῦν,
2033 1416 2134 1469 οὐκ
2164 1416 2409 1487 ἠθύμουν
2450 1419 2497 1470 οἱ
2538 1416 2703 1486 ἀγιοι,
2752 1418 2947 1489 φησίν;
2973 1418 3072 1471 οὐκ
3095 1417 3316 1483 ἀκούεις
3339 1417 3553 1473 Παύλου

1886 1502 2156 1572 λέγοντος,
2194 1505 2365 1572 Λύπη
2405 1505 2511 1573 μοί
2552 1505 2683 1558 ἐστι
2723 1504 2979 1574 μεγάλη,
3031 1505 3131 1560 καί
3174 1504 3558 1573 ἀδιάλειπτος

1887 1588 2073 1657 ὀδύνη
2126 1588 2204 1657 τῇ
2251 1590 2466 1659 καρδίᾳ
2493 1608 2653 1661 μου;
2707 1591 2851 1645 Αὐτὸ
2901 1590 3000 1663 μὲν
3028 1588 3119 1646 οὖν
3168 1590 3326 1648 τοῦτό
3352 1594 3469 1646 ἐστι
3493 1592 3556 1646 τὸ

1887 1675 2226 1746 θαυμαστὸν,
2255 1677 2336 1729 δτι
2367 1678 2400 1747 ή
2447 1677 2593 1749 λύπη
2625 1677 2817 1750 κέρδος
2861 1678 2954 1732 καὶ
2992 1678 3186 1750 ἡδονήν
3216 1679 3318 1751 τὴν
3356 1680 3421 1733 ὲκ
3458 1678 3557 1733 τοῦ

1883 1763 2113 1827 πένθους
2146 1762 2173 1803 ἀ
2227 1763 2442 1835 ἔφερεν,
2483 1765 2693 1836 Ὠσπερ
2712 1765 2821 1836 γὰρ
2842 1766 2897 1818 αί
2928 1766 3189 1835 μάστιγες
3215 1767 3316 1821 οὐκ
3341 1766 3554 1830 ὀδύνας,

1882 1850 2017 1905 ἀλλὰ
2056 1850 2252 1922 χαρὰν,
2291 1850 2431 1905 οὓτω
2480 1855 2576 1905 καὶ
2620 1853 2653 1922 ἠ
2698 1851 2842 1923 λύπη
2892 1853 3056 1907 πάλιν
3115 1854 3242 1917 τούς
3273 1854 3547 1926 μεγάλους

1882 1936 2122 1998 ἐκείνους
2153 1935 2431 2007 προεξένει
2476 1937 2795 2006 στεφάνους.
2828 1937 2940 1992 Καὶ
2985 1937 3049 1991 τὸ
3069 1937 3369 2009 παράδοξον
3393 1939 3555 1994 τοῦτό

1882 2026 2049 2088 ἐστιν,
2067 2024 2147 2077 δτι
2166 2024 2258 2078 τοῦ
2299 2025 2503 2096 κόσμου
2537 2025 2634 2095 μὲν
2664 2025 2762 2097 οὐχ
2787 2026 2818 2095 ή
2851 2025 3058 2097 ἀθυμία
3099 2027 3278 2097 μόνον,
3299 2026 3435 2081 ἀλλά
3457 2028 3553 2083 καὶ

1881 2111 1914 2179 ἡ
1931 2110 2072 2182 χαρά
2094 2109 2294 2183 ζημίαν
2309 2110 2422 2182 ἔχει
2451 2111 2549 2184 τήν
2570 2112 2824 2183 ὲσχάτηψ
2850 2113 2942 2166 ἐπὶ
2961 2113 3017 2166 δὲ
3036 2113 3145 2167 τῶν
3165 2113 3551 2185 πνευματικῶν

1879 2197 2187 2251 τούναντίον
2219 2196 2387 2265 ἅπαν,
2431 2198 2529 2267 οὐχ
2555 2199 2588 2269 ἡ
2612 2198 2757 2269 χαρά
2786 2199 2967 2269 μόνον,
3004 2199 3139 2254 ἀλλὰ
3156 2200 3250 2253 καὶ
3276 2201 3310 2271 ή
3334 2199 3547 2271 ἀθυμία

1882 2285 2047 2338 πολὺν
2077 2286 2188 2356 ἔχει
2236 2286 2346 2340 τῶν
2388 2286 2609 2355 ἀγαθῶν
2640 2286 2732 2339 τὸν
2772 2286 3079 2358 θησαυρόνο
3116 2287 3211 2341 καὶ
3251 2286 3388 2353 πῶς,
3434 2286 3546 2357 ἐγὼ

1880 2370 2043 2439 λέγω.
2093 2371 2288 2443 Χαίρει
2319 2388 2403 2435 τις
2447 2374 2504 2425 ὲν
2545 2372 2624 2443 τῷ
2658 2373 2846 2444 κόσμῳ
2887 2373 3148 2436 πολλάκις
3186 2373 3382 2445 ἐχθρὸν
3420 2373 3548 2427 δυσ-

1879 2460 2189 2532 ημεροῦντα
2247 2460 2401 2525 ἰδὼν,
2451 2462 2546 2515 καὶ
2579 2460 2667 2515 διά
2713 2461 2813 2532 τῆς
2870 2464 3046 2534 χαρᾶς
3096 2462 3302 2534 ταύτης
3343 2462 3550 2537 πολλὴν

1879 2546 2183 2599 ἐπισπᾶται
2216 2546 2395 2618 ἑαυτῷ
2429 2546 2529 2618 τήν
2562 2547 2787 2600 κόλασιν
2808 2563 2823 2578 ο
2856 2548 3015 2616 ἀλγεῖ
3040 2564 3126 2611 τις
3167 2549 3329 2602 πάλιν
3363 2548 3550 2621 ἕτερος

1878 2632 1968 2686 τὸν
1992 2633 2222 2704 ἀδελφὸν
2251 2635 2485 2688 πεσόντα
2530 2633 2675 2702 ίδὼν,
2715 2635 2811 2688 καὶ
2836 2634 2925 2689 διὰ
2950 2636 3051 2707 τῆς
3080 2634 3320 2706 ἀθυμίας
3343 2635 3551 2708 ταύτης

1878 2718 2078 2791 πολλὴν
2108 2719 2287 2790 ἑαυτῷ
2321 2720 2475 2792 παρά
2510 2720 2589 2790 τῷ
2610 2721 2730 2792 Θεῷ
2748 2720 3001 2793 προξενεῖ
3019 2719 3121 2791 τὴν
3145 2720 3382 2776 εὔνοιαν.

1958 2806 2120 2878 Ὁρᾷς
2154 2807 2326 2879 πῶςή
2362 2807 2502 2861 κατά
2536 2807 2667 2861 Θεὸν
2694 2807 2839 2879 λύπη
2867 2808 2966 2879 τῆς
3002 2807 3100 2861 τοῦ
3135 2808 3343 2880 κόσμου
3372 2810 3549 2881 χαρᾶς

1878 2890 2103 2961 βελτίων
2135 2891 2228 2943 καὶ
2264 2890 2692 2962 χρησιμωτέρας
2736 2890 2891 2945 οὕτω
2922 2893 3015 2944 καὶ
3048 2889 3261 2955 Παῦλος
3301 2890 3551 2946 ιλυπεῖτο

1875 2976 1962 3031 διὰ
1987 2979 2112 3041 τούς
2144 2976 2580 3048 ἁμαρτάνοντας,
2608 2976 2696 3030 διὰ
2725 2978 2853 3042 τοὺς
2901 2975 3267 3041 ἀπιστοῦντας
3295 2977 3374 3050 τῷ
3403 2978 3546 3050 θεῷ,

1876 3067 2094 3138 καὶτῆς
2137 3064 2315 3135 λύπης
2345 3065 2549 3135 ταύτης
2584 3064 2750 3119 πολὺν
2795 3058 2935 3135 εἶχεν
2994 3064 3356 3135 ἀποκείμενον
3398 3066 3551 3139 αὐτῷ

1875 3155 1965 3209 τὸν
2004 3153 2216 3226 μισθόν.
2250 3153 2367 3207 Ἵνα
2420 3153 2477 3205 δὲ
2526 3153 2858 3225 σαφέστερον
2904 3154 2932 3206 δ
2982 3152 3127 3222 λέγω
3177 3156 3409 3226 ποιήσω,
3453 3156 3549 3209 καὶ

1878 3241 2107 3313 μάθητε,
2133 3240 2230 3304 ὡς,
2261 3242 2309 3294 εί
2347 3242 2457 3294 καὶ
2477 3239 2779 3311 παράδοξον
2818 3240 2877 3293 τὸ
2918 3241 3226 3311 εἰρημένον,
3256 3241 3370 3295 ἀλλ’
3396 3243 3553 3313 ὅμως·

1874 3328 2021 3380 ἐστὶν
2050 3326 2269 3397 ἀληθὲς,
2297 3326 2392 3380 καὶ
2432 3322 2573 3379 οἶδεν
2599 3328 2627 3379 ὀ
2656 3325 2855 3396 θρῆνος
2895 3327 3155 3391 πολλάκις
3203 3328 3546 3382 ἀνακτᾶσθαι

1872 3413 1970 3476 τὰς
1998 3412 2341 3482 ὀδυνωμένας
2373 3412 2571 3483 ψυχὰς,
2599 3413 2695 3465 καὶ⁸
2722 3410 3002 3482 κουφίζειν
3032 3413 3274 3477 συνειδὸς
3312 3413 3545 3486 βεϐαρηο

1876 3499 2057 3568 μένον,
2104 3498 2298 3552 πολλαὶ
2344 3498 2604 3562 πολλάκις
2630 3500 2889 3567 γυναῖκες
2937 3499 3310 3554 ἀποϐαλοῦσαι
3356 3502 3549 3567 παῖδας

1874 3585 2308 3651 ποθεινοτάτους,
2360 3585 2428 3639 ἂν
2469 3586 2569 3656 μὲν
2623 3584 2906 3639 κωλυθῶσι
2950 3585 3219 3657 δακρῦσαι
3261 3588 3358 3642 καὶ
3409 3592 3544 3662 θρηκ

1872 3673 2032 3744 νῆσαι
2079 3674 2174 3727 καὶ
2226 3672 2627 3744 ὀλοφύρασθαι,
2672 3672 3095 3745 διαῤῥήγνυνται
3142 3675 3239 3729 καὶ
3273 3676 3543 3732 ἀπόλλυν-

1871 3778 1989 3814 ται·
2044 3762 2108 3815 ἂν
2146 3762 2201 3815 δὲ
2236 3762 2304 3815 τὰ
2340 3761 2448 3816 τῶν
2510 3761 2866 3833 ἀθυμούντων
2920 3765 3220 3834 ποιήσωσιν
3288 3764 3540 3833 ἅπαντα,

1874 3850 2220 3919 κουφίζονται
2260 3850 2355 3903 καὶ
2394 3848 2748 3921 παραμυθίαν
2781 3848 3143 3919 λαμϐάνουσι.
3170 3851 3283 3905 Καὶ
3322 3852 3376 3904 τί
3408 3852 3541 3906 θαυ-

1875 3936 2097 4007 μαστὸν,
2143 3939 2190 3989 εί
2224 3936 2315 3989 ἐπὶ
2359 3935 2632 4005 γυναικῶν
2658 3935 2819 3989 τοῦτο
2847 3936 3151 4007 συμϐαίνει,
3183 3937 3336 3993 οδπου
3357 3952 3420 4005 γε
3447 3939 3541 3993 καὶ

1873 4023 2035 4076 αὐτὸν
2077 4024 2166 4076 τὸν
2213 4024 2499 4094 προφήτην
2543 4022 2639 4076 ῖδοι
2667 4040 2750 4086 τις
2797 4020 2863 4075 ἀν
2897 4021 3058 4076 τοῦτο
3090 4022 3405 4092 πάσχοντα;
3440 4024 3540 4078 Διά

1871 4109 2028 4163 τοῦτο
2057 4110 2295 4181 συνεχῶς
2323 4109 2509 4179 ἔλεγεν
2527 4125 2541 4141 ’
2564 4109 2771 4179 Ἄφετέ
2791 4127 2887 4178 με,
2915 4110 3136 4178 πικρῶς
3163 4110 3535 4180 κλαύσομαι-

1864 4197 1951 4266 μὴ
1986 4200 2392 4268 κατισχύσητε
2438 4196 2924 4266 παρακαλοῦντες
2952 4197 3050 4251 ἐπὶ
3093 4196 3160 4252 τὸ
3200 4197 3539 4269 σύντριμμα

1869 4285 1982 4355 τῆς
2016 4288 2307 4358 θυγατρὸς
2340 4286 2448 4342 τοῦ
2484 4286 2698 4358 γένους
2744 4302 2887 4356 μου.
2917 4286 3079 4339 Ὥστε
3127 4286 3245 4340 ἐστὶ
3279 4287 3535 4349 πολλάκις

1870 4373 2015 4446 λύπη
2039 4374 2394 4446 παραμυθίαν
2414 4374 2655 4446 φέρουσα
2669 4388 2682 4402 ·
2705 4375 2753 4425 εί
2772 4372 2830 4427 δὲ
2861 4373 2954 4425 ἐπὶ
2970 4371 3065 4426 τοῦ
3085 4372 3292 4444 κόσμου
3312 4372 3471 4428 τοῦτο
3486 4386 3533 4438 ο,

1869 4460 2050 4532 πολλῷ
2090 4461 2289 4533 μᾶλλον
2335 4462 2428 4515 ἐπὶ
2454 4460 2563 4515 τῶν
2594 4459 2980 4530 πνευματικῶν
3027 4460 3391 4531 πραγμάτων.
3431 4461 3534 4515 Διά

1868 4546 2023 4600 τοῦτό
2062 4564 2259 4618 φησιν’
2303 4548 2365 4606 Ἠ
2396 4546 2466 4601 δὲ
2509 4547 2662 4601 κατὰ
2701 4546 2849 4601 Θεὸν
2878 4547 3046 4614 λύπη
3089 4543 3416 4615 μετάνοιαν
3443 4548 3534 4613 είς

1867 4636 2171 4704 σωτηρίαν
2222 4634 2632 4704 ἀμετάϐλητον
2663 4633 2683 4673 ί
2738 4631 3167 4704 κατεργάζεται.
3217 4633 3328 4688 Καὶ
3384 4633 3533 4688 δοκεῖ

1871 4722 1969 4793 μὲν
2023 4721 2180 4775 τοῦτο
2237 4722 2446 4792 ἀσαφὲς
2501 4717 2675 4775 εἶναι’
2730 4720 2883 4794 [185]
2924 4721 2953 4774 δ
2988 4721 3046 4775 δὲ
3093 4719 3241 4790 λέγει
3291 4721 3533 4776 τοιοῦτόν

1868 4813 2048 4863 ἐστιν·
2084 4810 2181 4864 “Av
2216 4809 2463 4881 λυπηθῇς
2493 4810 2906 4881 ἐπίχρήμασιν,
2936 4808 3089 4863 οὐδὲν
3120 4809 3439 4882 ὠφέλησας
3465 4810 3532 4865 ἂν

1866 4896 2114 4968 λυπηθῇς
2156 4897 2249 4950 ἐπὶ
2312 4899 2616 4968 νοσήματι,
2658 4896 2811 4951 οὐδὲν
2875 4897 3172 4969 ὲκέρδανας
3196 4937 3212 4964 ,
3257 4898 3397 4954 ἀλλά
3436 4902 3531 4955 καὶ

1866 4984 2160 5056 ἐπέτριψας
2185 4983 2380 5037 σαυτὸν
2410 4986 2436 5025 κ
2465 4983 2683 5055 μᾶλλον.

1934 5081 2003 5141 γ’.
2027 5074 2136 5127 Καὶ
2181 5072 2392 5126 πολλῶν
2443 5072 2619 5143 ἔγωγε
2672 5072 2883 5144 ήκουσα
2935 5071 3075 5144 μετὰ
3123 5071 3224 5145 τὴν
3273 5072 3528 5145 τοιαύτην

1864 5163 2061 5233 πεῖραν
2102 5159 2442 5231 αἰτιωμένων
2470 5160 2565 5213 κα)⁵
2596 5159 2733 5230 πρὸς
2765 5159 2989 5223 ἑαυτοὺς
3025 5157 3290 5227 λεγόντων
3312 5176 3326 5189 ·
3359 5159 3423 5211 Τί
3461 5160 3525 5213 τὸ

1863 5246 2073 5317 δφελος,
2103 5248 2185 5301 ὅτι
2232 5246 2481 5318 ήλγησας
2518 5244 2643 5299 οὔτε
2683 5246 2942 5317 χρήματα
2972 5244 3375 5331 ἀνεκτησάμην,
3406 5247 3524 5331 καὶ

1865 5336 2098 5407 ἐμαυτὸν
2143 5334 2371 5406 ἔϐλαψα.
2406 5336 2505 5389 Ἂν
2535 5336 2592 5390 δὲ
2618 5334 2864 5407 λυπηθῇς
2898 5334 2982 5402 ἐφ’
3010 5330 3276 5403 ἁμαρτία,
3317 5330 3523 5404 ταύτην

1862 5437 1922 5475 τε
1957 5420 2246 5493 ὲξήλειψας
2284 5421 2377 5475 καὶ
2415 5421 2725 5496 ὲκαρπώσω
2757 5420 3018 5491 μεγίστην
3061 5418 3258 5489 ἡδονήν
3278 5435 3293 5450 ’
3327 5418 3397 5473 ἂν
3431 5419 3525 5475 λυ-

1865 5507 2043 5579 πηθῇς
2091 5509 2184 5562 ἐπὶ
2233 5510 2346 5571 τοῖς
2389 5508 2639 5577 ἀδελφοῖς
2686 5510 2801 5571 τοῖς
2848 5504 3180 5569 πεπτωκόσι,
3212 5506 3408 5561 σαυτόν
3459 5526 3525 5565 τι

1861 5597 2247 5669 παρεκάλεσας
2298 5598 2393 5652 καὶ
2445 5597 2847 5669 παρεμυθήσω,
2894 5594 3185 5658 κάκείνους
3237 5595 3524 5673 ἀνεκτήτω

1925 5682 1955 5724 ἆ
1973 5684 2056 5747 Sic
2075 5683 2373 5747 Savil_.ang.
2400 5684 2455 5747 ἐκ
2474 5681 2559 5732 τοῦ
2578 5684 2785 5747 κέρδους.
2801 5681 2936 5731 Em.

1927 5749 1951 5804 ἒ
1979 5745 2062 5795 δίο
2084 5745 2236 5794 Savil.
2262 5741 2430 5804 etilli,
2454 5749 2607 5793 recte.
2622 5741 2816 5793 Edilum
2849 5747 2958 5792 erat
2972 5741 3159 5793 τούτου.
3176 5742 3323 5804 Em.

1934 5803 1959 5868 ζ
1982 5807 2132 5855 Savil.
2167 5810 2221 5868 εξ
2259 5803 2601 5868 ιΙίιγσωτηρίαν
2626 5805 3018 5868 ἀμεταμέλητον,
3058 5813 3114 5854 ει
3143 5803 3215 5855 sic
3248 5804 3430 5868 legitur
3461 5807 3516 5856 in

1865 5866 2151 5934 quibgadam
2160 5864 2511 5934 _Ep§§lolarutp'
2521 5865 2659 5934 ιζαυιι
2675 5864 3061 5934 λεχεὼριξτίὺιιε.

1930 5932 1956 5972 ς
1982 5927 2134 5979 Recte
2157 5925 2306 5978 Sai'il.
2338 5926 2525 5977 σαυτόν.
2543 5925 2974 5989 ιεειιὺειιιιιδ“αὑτό.
3004 5926 3134 5979 Enn.
