3912 6230
397 366 498 422 185

399 485 580 540 πάλινο
649 481 752 536 κᾶν
788 480 953 552 μηδὲν
1005 476 1296 551 ὠφελήσῃς
1340 480 1559 545 αὐτοὺς,
1605 480 1868 552 μεγίστην
1920 480 2063 551 ἔχεις

398 568 686 627 ἀντίδοσιν.
713 564 823 622 Καὶ
863 568 949 621 ἵνα
996 567 1194 638 μάθῃς,
1237 568 1321 620 ὃτι
1362 566 1521 622 τοῦτο
1561 568 1622 622 τὸ
1652 568 1938 623 λυπεῖσθαι
1972 567 2064 622 ἐπὶ

399 662 512 722 τοῖς
554 657 891 721 πεπτωκόσι,
919 656 1020 710 κᾶν
1063 656 1230 727 μηδὲν
1278 656 1598 727 ὼφελῶμεν,
1634 657 1896 729 μεγίστην
1934 658 2065 729 ἡμῖν

399 748 498 817 τὴν
541 745 775 817 ἀμοιϐὴν
825 744 1011 815 φέρει,
1069 743 1300 797 ἄκουσον
1351 743 1448 797 τοῦ
1485 744 1747 817 Ἰεζεκιὴλ
1792 745 2059 814 λέγοντοςζ

403 833 604 905 μᾶλλον
638 832 694 886 δὲ
728 831 820 885 τοῦ
852 830 987 884 Θεοῦ
1030 829 1098 884 δι’
1129 830 1340 885 ἐκείνου
1387 830 1705 897 λαλοῦντος’
1739 833 1924 905 ἐπειδὴ
1957 833 2066 905 γὰρ

398 920 611 991 ἔπεμψέ
646 936 798 985 τινας
846 918 1196 988 κατασκάψαι
1234 918 1333 990 τὴν
1379 918 1556 982 πόλιν,
1587 920 1682 972 καὶ
1732 920 1936 992 σιδήρῳ
1973 920 2067 973 καὶ

398 1010 531 1079 πυρὶ
558 1006 867 1078 δαπανῆσαι
922 1007 992 1060 τὰ
1044 1007 1452 1079 οἰκοδομήματα
1507 1006 1724 1061 ἅπαντα
1770 1008 1911 1079 μετά
1956 1006 2065 1061 τῶν

396 1092 747 1148 ἐνοικούντων
786 1092 983 1157 αὐτῶν,
1022 1092 1231 1147 κελεύει
1262 1095 1372 1148 τινὶ
1404 1093 1579 1164 λέγων
1616 1092 1818 1157 οὕτως·
1850 1093 1964 1161 Δὸς
1994 1092 2063 1147 τὸ

394 1181 650 1253 σημεῖον
678 1181 776 1235 ἐπὶ
814 1179 882 1235 τὸ
913 1180 1237 1248 πρόσωπον
1263 1180 1384 1235 τῶν
1415 1179 1653 1249 ἀνδρῶν
1693 1179 1813 1235 τῶν
1845 1195 2063 1237 στενα-

395 1270 614 1331 ζόντων
650 1269 749 1323 καί
783 1268 1305 1338 κατοδυνωμένων.
1341 1269 1452 1322 Καὶ
1482 1272 1598 1333 τοῖς
1632 1269 1840 1342 ἑτέροις
1877 1269 2065 1323 κελεύ-

396 1374 515 1421 σας,
563 1356 659 1410 καὶ
707 1354 906 1422 εἰπὼν,
952 1358 1035 1409 ὅτι
1073 1354 1205 1410 Ἀπό
1254 1355 1373 1409 τῶν
1404 1356 1588 1425 ἁγίων
1628 1374 1748 1426 μου
1777 1356 2062 1424 ἆρξασθε,

394 1444 643 1513 ἐπήγαγε
695 1443 892 1513 λέγων,
930 1442 1055 1496 Ἐπί
1095 1441 1164 1496 δὲ
1210 1442 1315 1509 οὓς
1368 1442 1501 1496 ἐστι
1546 1442 1614 1497 τὸ
1663 1443 1935 1512 σημεῖον,
1974 1443 2062 1514 μὴ

392 1530 635 1601 ἄψησθε
676 1531 891 1586 αὐτῶν.
942 1531 1099 1594 Τίνος
1130 1530 1339 1597 ἕνεκεν,
1385 1532 1507 1585 είπέ
1543 1547 1668 1602 μοις
1717 1531 1842 1585 Ὀτι
1870 1534 1919 1586 εἰ
1969 1532 2064 1587 καὶ

396 1619 565 1690 μηδὲν
601 1618 921 1688 ὠφελοῦσιν,
950 1619 1065 1672 ἀλλ’
1093 1622 1243 1690 ὅμως
1276 1618 1523 1673 στένουσι
1563 1620 1634 1673 τὰ
1667 1621 1925 1691 γινόμενα
1971 1621 2064 1676 καὶ

391 1704 763 1777 ὀλοφύρονται.
798 1706 908 1759 Καὶ
938 1705 1145 1777 ἑτέροις
1172 1707 1229 1759 δὲ
1252 1706 1511 1774 ἐγκαλεῖο
1561 1706 1736 1776 λέγων
1764 1707 1949 1776 πάλιν,
1980 1709 2062 1761 ὅτι

390 1791 711 1863 τρυφῶντες
745 1793 838 1846 καὶ
868 1794 1312 1864 γαστριζόμενοι,
1340 1795 1436 1847 καὶ
1469 1793 1669 1865 πολλῆς
1697 1793 2064 1861 ἀπολαύοντες

393 1884 600 1948 ἀδείας,
632 1884 831 1948 ἰδόντες
857 1885 983 1948 τοὺς
1021 1884 1307 1949 Ἰουδαίους
1337 1887 1417 1950 εἰς
1450 1884 1829 1956 αἰχμαλωσίαν
1860 1887 2065 1954 ἀπαγο-

396 1971 611 2042 μένους,
654 1972 754 2026 οὐκ
782 1972 1048 2043 ἤλγησαν,
1079 1972 1179 2024 οὐκ
1227 1971 1593 2042 ἐκοινώνησαν
1640 1972 1738 2042 τῆς
1787 1971 2059 2044 ἀθυμίας·

392 2060 489 2113 καὶ
520 2058 769 2129 ἐγκαλῶν
818 2060 1004 2124 αὐτοῖς
1038 2077 1227 2132 φησιν,
1260 2064 1381 2114 Οὐκ
1425 2062 1702 2130 ἔπασχον
1735 2059 1917 2115 οὐδὲν
1962 2061 2062 2117 ἐπὶ

390 2146 466 2215 τῇ
521 2147 814 2216 συντριϐῇ
860 2146 964 2201 τοῦ
1005 2147 1240 2217 Ἰωσὴφ,
1297 2148 1495 2219 Ἰωσὴφ
1545 2147 1638 2201 τὸν
1698 2147 1828 2201 λαὸν
1885 2147 2063 2203 καλῶν

391 2235 638 2289 ἅπαντα·
675 2235 771 2288 καὶ
803 2235 984 2298 πάλιν,
1022 2237 1144 2290 Οὐκ
1186 2235 1408 2304 ἐξῆλθε
1445 2235 1812 2290 κατοικοῦσα
1853 2236 2061 2302 Αὶνὰν,

391 2324 697 2391 κόψασθαι
730 2319 898 2377 οἶκον
927 2322 1219 2393 ἐχόμενον
1271 2321 1481 2391 αὐτῆς.
1523 2322 1643 2377 Κᾶν
1690 2322 1801 2395 γάρ
1841 2322 2065 2388 δικαίως

389 2409 747 2476 κολάζωνται,
787 2409 1036 2480 βούλεται
1063 2409 1350 2478 συναλγεῖν
1377 2411 1546 2482 ἡμᾶς,
1571 2411 1710 2465 ἀλλά
1744 2410 1820 2482 μὴ
1851 2410 2064 2482 χαίρειν

392 2499 527 2570 μηδὲ
572 2498 883 2569 ἐφήδεσθαι.
948 2500 1012 2553 Εἰ
1058 2498 1170 2570 γάρ
1216 2497 1349 2568 ἐγὼ,
1406 2500 1593 2571 φησὶν,
1642 2502 1671 2554 6
1716 2500 1961 2565 κολάζων
2001 2501 2062 2554 οὐ

391 2585 598 2658 χαίρων
616 2586 781 2639 τοῦτο
809 2585 949 2638 ποιῶ
968 2587 996 2627 b
1011 2627 1025 2650 ,
1044 2586 1166 2641 οὐδὲ
1187 2586 1387 2657 ἥδομαι
1416 2587 1596 2641 αὐτῶν
1626 2588 1719 2641 ἐπὶ
1732 2590 1798 2659 τῇ
1823 2588 2065 2661 τιμωρίᾳ

390 2675 500 2743 (οὺ
537 2674 645 2746 γὰρ
684 2672 930 2741 θελήσει
983 2673 1138 2748 θέλω
1177 2672 1288 2728 τὸν
1339 2673 1601 2729 θάνατον
1640 2674 1747 2729 τοῦ
1797 2675 2063 2744 άμιιρτω-

388 2759 548 2829 λοῦ),
576 2759 654 2812 δεῖ
690 2761 783 2813 καὶ
816 2759 876 2812 σὲ
910 2759 1019 2827 ζτὸν
1046 2760 1324 2832 Δεσπότην
1371 2759 1683 2830 μιμεῖσθαι,
1720 2761 1816 2815 καὶ
1841 2761 1909 2815 δι’
1933 2762 2064 2817 αὐτὸ

393 2847 492 2917 μὲν
528 2841 622 2901 οὖν
648 2846 806 2900 τοῦτο
852 2846 1060 2916 ἀλγεῖν,
1101 2848 1187 2902 ὅτι
1231 2847 1447 2911 δικαίας
1501 2848 1778 2914 κολάσεως
1808 2849 2063 2906 ὑπόθεσιν

389 2935 634 3006 παρέσχε
668 2936 763 2989 καὶ
797 2935 1089 3008 πρόφασιν.
1123 2935 1289 2989 Ὥστε
1336 2925 1443 2990 κᾶν
1493 2934 1731 3007 λυπῆταί
1787 2953 1869 3001 τις
1923 2937 2066 2993 κατὰ

387 3025 543 3090 Θεὸν,
607 3025 848 3096 μεγάλην
904 3023 1155 3078 ἐντεῦθεν
1204 3022 1516 3098 καρποῦται
1563 3024 1853 3093 ὠφέλειαν.
1895 3026 2064 3081 Ὀταν

388 3106 484 3167 οὖν
518 3114 569 3167 οἰ
604 3111 990 3185 μαστιζόμενοι
1018 3111 1129 3165 τῶν
1162 3111 1535 3183 μαστιζόντων
1577 3112 1687 3165 εἰσὶ
1719 3115 2065 3186 μακαριώτε-

391 3219 498 3273 ροι,
539 3202 633 3255 καὶ
669 3202 720 3254 οί
760 3200 1067 3271 θλιϐόμενοι
1107 3202 1238 3274 παρ’
1272 3202 1404 3272 ἡμῖν
1450 3199 1558 3254 τῶν
1590 3202 1649 3255 ἐν
1692 3200 1874 3256 ἀνέσει
1915 3203 2065 3274 παρά

386 3292 502 3354 τοῖς
547 3286 770 3355 ἔξωθεν,
823 3290 919 3343 καὶ
969 3290 1020 3342 οἱ
1084 3287 1426 3358 ἀθυμοῦντες
1471 3287 1579 3341 τῶν
1628 3287 1924 3359 ἡδομένων,
1981 3291 2065 3356 τίς

389 3376 543 3431 ἔσται
574 3376 760 3430 λοιπὸν
791 3375 1022 3446 θλίψεως
1065 3377 1196 3447 ἡμῖν
1224 3375 1486 3447 ἀφορμή;
1534 3375 1633 3429 Διά
1676 3375 1833 3430 τοῦτο
1873 3377 2064 3432 οὐδένα

386 3466 494 3538 χρὴ
545 3464 889 3536 μακαρίζειν,
922 3464 1036 3517 ἀλλ’
1071 3463 1104 3535 ἣ
1144 3463 1238 3517 τὸν
1283 3463 1426 3518 κατά
1472 3463 1605 3517 Θεὸν
1657 3463 1837 3529 ζῶντα
1882 3464 2060 3535 μόνον.

390 3552 621 3616 Τούτους
666 3552 761 3604 καὶ
816 3552 850 3622 ἡ
892 3549 1083 3621 Γραφὴ
1135 3549 1433 3620 μακαρίζει
1484 3550 1710 3620 μόνους·
1761 3550 2064 3620 Μακάριος

389 3640 520 3712 γὰρ,
547 3638 731 3708 φησὶν,
749 3638 925 3704 ἀνὴρ,
947 3637 1015 3703 ὃς
1040 3639 1152 3691 οὐκ
1176 3636 1468 3704 ἐπορεύθη
1491 3636 1778 3707 ἐνβουλῇ
1797 3636 2058 3693 άσεϐὧνο

390 3725 693 3794 Μακάριος
715 3725 789 3779 ὃν
813 3724 890 3779 ἂν
914 3723 1274 3791 παιδεύσῃς,
1302 3724 1498 3793 Κύριε,
1521 3724 1622 3777 καὶ
1642 3725 1711 3778 ἐκ
1737 3725 1844 3780 τοῦ
1875 3727 2062 3794 νόμου

389 3827 508 3867 σου
551 3812 794 3881 διδάξῃς
846 3813 1064 3866 αὐτόν’
1095 3809 1384 3878 Μακάριοι
1429 3813 1484 3864 οἱ
1514 3811 1740 3881 ἄμωμοι
1793 3812 1865 3866 ἐν
1908 3813 2057 3880 ὁδῷο

391 3898 679 3969 Μακάριοι
708 3899 931 3965 πάντες
962 3900 1017 3953 οὶ
1041 3898 1392 3965 πεποιθότες
1422 3898 1515 3952 ἐπ’
1544 3899 1733 3967 αὐτῷ’
1763 3900 2063 3970 Μακάριος

390 3991 426 4043 ὁ
448 3989 620 4055 λαός,
646 3983 718 4045 οὗ
751 3989 968 4055 Κύριος
996 3989 1029 4041 ό
1064 3986 1208 4053 Θεὸς
1232 3986 1420 4041 αὐτοῦ
1453 3998 1476 4026 ο
1495 4002 1509 4017 ⁸
1539 3987 1855 4058 Μακάριος,
1892 3985 1964 4047 οὗ
1990 3993 2062 4044 οὐ

393 4077 657 4147 κατέγνω
698 4077 737 4145 ἡ
778 4076 949 4146 ψυχὴ
982 4076 1169 4130 αὐτοῦ
1191 4093 1205 4109 ο
1239 4076 1542 4145 Μακάριος
1576 4076 1752 4146 ἀνὴρ,
1780 4081 1814 4133 ὀ
1846 4081 2063 4149 φοϐού-

388 4182 574 4235 μενος
599 4163 707 4218 τὸν
729 4165 966 4231 Κύριον.
996 4162 1107 4217 Καὶ
1129 4164 1158 4216 6
1184 4163 1420 4233 Χριστὸς
1446 4163 1608 4218 πάλιν
1632 4165 1831 4229 οὕτως·
1863 4164 2065 4221 Μακὰ-

389 4272 507 4323 ριοι
551 4256 606 4307 οἱ
650 4254 1032 4319 πενθοῦντες,
1071 4252 1349 4322 μακάριοι
1376 4255 1431 4307 οἱ
1459 4253 1747 4319 ταπεινοί,
1783 4254 2063 4325 μακάριοι

393 4344 448 4395 οἱ
473 4340 700 4410 πραεῖς,
723 4335 871 4411 [186]
893 4339 1166 4409 μακάριοι
1188 4343 1243 4394 οί
1281 4340 1667 4408 εἰρηνοποιοί,
1701 4342 1979 4411 μακάριοι
2009 4345 2062 4396 οἱ

392 4425 771 4496 δεδιωγμένοι
806 4425 1015 4480 ἕνεκεν
1057 4425 1467 4494 δικαιοσύνης.
1508 4427 1671 4499 Ὁρᾷς
1704 4427 1821 4491 πῶς
1860 4445 2064 4483 παντα-

394 4513 491 4584 χοῦ
522 4514 715 4568 οὐδένα
753 4512 860 4566 τῶν
910 4512 1302 4575 πλουτούντων,
1327 4514 1390 4566 οὐ
1431 4512 1538 4568 τῶν
1577 4515 1635 4567 ὲν
1684 4515 1954 4586 εὐγενείᾳ,
1998 4517 2060 4569 οὐ

392 4599 503 4653 τῶν
541 4600 700 4673 δόξης
752 4599 1135 4654 ἀπολαυόντων
1186 4600 1581 4673 μακαρίζουσιν
1614 4603 1665 4655 οί
1707 4600 1838 4656 θεῖοι
1883 4603 2058 4673 νόμοι,

396 4689 536 4743 ἀλλά
576 4688 669 4742 τὸν
711 4688 915 4760 ἀρετῆς
968 4687 1404 4759 ἐπειλημμένον;
1448 4690 1522 4743 Τὸ
1556 4690 1664 4762 γὰρ
1709 4689 2060 4761 ζητούμενον,

396 4776 616 4831 πάντων
647 4769 723 4829 ὧν
749 4774 814 4829 ἀν
842 4774 1087 4845 ποιῶμεν
1110 4775 1143 4846 ἢ
1175 4775 1495 4848 πάσχωμεν,
1526 4778 1783 4834 ὑπόθεσιν
1809 4774 1946 4833 εἶναι
1971 4779 2062 4834 τὸν

392 4862 487 4917 τοῦ
520 4860 654 4917 Θεοῦ
702 4862 886 4931 φόϐον,
917 4860 1022 4916 κᾶν
1049 4860 1254 4932 ταύτην
1281 4864 1705 4937 προκαταϐάλῃς
1738 4866 1835 4939 τὴν
1884 4866 2058 4937 ῥίζαν,

393 4952 496 5007 οὐκ
537 4951 721 5013 ἄνεσις
759 4950 939 5021 μόνον,
986 4950 1106 5003 οὐδὲ
1155 4953 1342 5022 τιμαὶ,
1390 4954 1485 5007 καὶ
1539 4953 1723 5019 δόξαι,
1768 4955 1862 5010 καὶ
1900 4956 2063 5027 θερα-

397 5042 568 5105 πεῖαι,
599 5038 737 5095 ἀλλὰ
765 5040 861 5093 καὶ
888 5039 1163 5112 ἐπήρειαι,
1194 5041 1288 5093 καὶ
1316 5041 1692 5110 συκοφαντίαι,
1728 5044 1821 5096 καὶ
1850 5043 2058 5115 ὐϐρεις,

394 5127 493 5183 καὶ
539 5126 790 5198 ἀτιμίαι,
835 5126 932 5181 καὶ
971 5125 1228 5196 βάσανοι,
1271 5128 1366 5181 καὶ
1404 5128 1583 5183 πάντα
1630 5129 1819 5194 ἁπλῶς
1871 5130 2059 5202 ἡδονῆς
2098 5176 2135 5200 _,

396 5231 480 5270 σοι
516 5215 807 5286 βλαστήσει
855 5215 1125 5286 καρπούς.
1155 5215 1266 5269 Καὶ
1296 5215 1550 5288 καθάπερ
1588 5215 1697 5270 τῶν
1735 5217 1974 5289 δένδρων
2004 5220 2060 5271 αί

399 5301 545 5370 ῥίζαι
591 5301 755 5356 αὐταὶ
807 5302 905 5373 μέν
946 5304 1052 5355 εἰσι
1103 5302 1320 5372 πικραὶ,
1362 5302 1611 5373 ἠδίστους
1655 5302 1713 5356 δὲ
1754 5305 1883 5373 ἡμῖν
1934 5304 2062 5370 τοὺς

396 5390 644 5461 καρποὺς
695 5388 972 5460 φέρουσιν,
1023 5387 1166 5442 οὓτω
1209 5388 1273 5460 δὴ
1323 5389 1419 5443 καὶ
1465 5391 1499 5460 ἡ
1537 5389 1679 5444 κατά
1728 5389 1860 5443 Θεὸν
1917 5391 2060 5466 λύπη

395 5476 599 5548 πολλὴ)
633 5480 767 5548 ἡμῖν
808 5477 946 5531 οίσει
987 5476 1085 5547 τὴν
1125 5476 1341 5547 ἡδονήν.
1369 5466 1597 5543 Ἴωσιν,
1644 5477 1758 5531 ὅσοι
1803 5478 2061 5546 πολλάκις

400 5563 517 5633 μετ’
540 5563 734 5635 ὀδύνης
771 5562 1005 5635 ηὐξαντο
1048 5564 1142 5617 καὶ
1174 5563 1385 5634 δάκρυα
1417 5562 1660 5635 ἐξέχεαν,
1694 5564 1867 5637 πόσην
1900 5567 2064 5638 ἐκαρ-

456 5685 488 5749 ξ
508 5682 659 5733 Sani.
682 5690 736 5749 εἰ
756 5684 951 5749 quidam
978 5686 1059 5735 alii
1081 5686 1225 5749 μηδὲν
1247 5686 1479 5749 ὠφέλουν,
1498 5686 1605 5749 an:
1623 5685 1750 5747 ὅμως
1778 5686 1964 5737 ἔστενον
2002 5691 2063 5740 τὰ

392 5744 610 5821 γινέμίεχα
630 5747 709 5819 καὶ
732 5744 1044 5821 ὠλοφύροντο.
1082 5744 1173 5820 καὶ
1196 5744 1368 5810 ἑτέροις
1392 5748 1443 5796 δὲ
1464 5744 1688 5796 ἐνεκάλει.

453 5802 601 5870 ξ’ῥίὶἱ
625 5806 679 5870 οὐ
700 5802 851 5870 χαίρω
872 5802 1014 5855 τοῦτο
1037 5810 1204 5870 ποιῶν.

452 5868 476 5896 ο
506 5864 738 5925 Ριετὶιιιιὲ
777 5864 892 5915 fms.
916 5876 971 5916 ut
990 5868 1198 5919 edimus.
1225 5867 1375 5920 Savil.
1400 5873 1563 5919 autem
1593 5875 1644 5919 el
1681 5869 1851 5921 Morel.
1877 5871 1933 5921 οὖ
1959 5873 2058 5923 Κύ-

393 5940 492 5984 ριος
516 5931 544 5976 ὁ
566 5925 683 5979 Θεὸς
706 5928 869 5985 {301366;
890 5927 1051 5978 αὐτοῦ,
1860 5934 1869 5939 ’

1204 363 1262 418 S.
1302 362 1586 421 JOANNIS
1624 362 2103 420 CHRYSOSTOMI
2141 361 2461 426 ARCIIIEP.
2501 356 3057 422 CONSTANTINOP:
3748 352 3837 407 13‘}

2180 480 2430 533 πώσαντο
2479 483 2578 552 τὴν
2628 482 2987 554 εὐφροσύνην,
3029 480 3147 545 πῶς
3194 479 3539 553 ἐξεκάθηραν
3569 482 3636 536 τὸ
3669 497 3839 536 συνειά

2168 567 2276 632 δὸς,
2326 568 2442 633 πῶς
2475 570 2616 641 μετά
2662 570 2905 641 χρηστῆς
2932 570 3233 639 ἀνέστησαν
3259 568 3492 632 ἐλπίδος.
3520 569 3711 640 Ὅπερ
3740 571 3839 642 γὰρ

2170 655 2256 709 ἀεὶ
2284 656 2448 725 λέγω,
2486 658 2585 728 οὐχ
2613 659 2646 728 ἡ
2677 657 2785 712 τῶν
2817 656 3160 730 πραγμάτων
3193 656 3375 726 φύσις,
3404 656 3521 711 ἀλλ’
3547 657 3583 728 ἡ
3630 657 3841 712 διάνοια

2168 743 2202 813 ἡ
2258 742 2502 814 ἡμετέρα
2557 743 2748 798 λυπεῖν
2793 745 2940 816 ἡμᾶς
2999 743 3158 798 εἴωθε
3214 744 3309 798 καί⁵
3366 744 3710 815 εὐφραίνειν.
3750 747 3841 801 ‘Av

2168 830 2349 884 τοίνυν
2380 831 2584 903 ταύτην
2622 832 3146 903 κατασκευάσωμεν,
3173 833 3292 887 οἷαν
3323 828 3463 886 εἶναι
3493 833 3627 905 χρὴ,
3662 834 3841 907 πάσης

2169 917 2436 989 εὐθυμίας
2457 916 2485 957 ἀ
2514 920 2766 993 ἐνέχυρον
2795 918 2989 991 ἕξομεν
3008 936 3023 951 ·
3048 921 3143 975 καὶ
3163 920 3417 993 καθάπερ
3445 921 3508 975 τὸ
3546 922 3722 993 σῶμα
3748 924 3842 993 οὐχ

2168 1003 2340 1070 οὕτως
2389 1008 2421 1077 ἡ
2466 1007 2574 1061 τῶν
2619 1008 2797 1079 ἀέρων
2829 1008 2989 1077 φύσις
3017 1009 3139 1063 οὐδὲ
3178 1009 3235 1060 αἰ
3267 1008 3466 1074 ἔξωθεν
3505 1008 3841 1080 προσϐολαὶ,

2166 1090 2303 1164 ὼςὴ
2343 1093 2518 1147 οἰκεία
2571 1095 2881 1166 κατασκευὴ
2909 1096 3005 1148 καὶ
3044 1094 3268 1165 βλάπτει
3308 1096 3402 1149 καὶ⁸
3440 1095 3673 1166 ὠφελεῖ,
3702 1094 3843 1150 οὕτω

2169 1181 2265 1234 καί⁵
2294 1181 2388 1234 ἐπὶ
2432 1180 2534 1251 τῆς
2570 1180 2780 1253 ψυχῆς·
2831 1183 2926 1235 καὶ
2976 1181 3156 1253 πολλῷ
3207 1181 3387 1236 πλέον.
3423 1181 3701 1237 Ἐνταῦθα
3750 1184 3843 1254 μέν

2169 1267 2278 1337 γάρ
2320 1267 2534 1338 φύσεώς
2568 1270 2717 1323 ἐστιν
2740 1269 2975 1342 ἀνάγκη,
3019 1271 3137 1323 ἐκεῖ
3167 1269 3223 1322 δὲ
3250 1269 3312 1323 τὸ
3337 1271 3447 1324 πᾶν
3476 1271 3571 1323 ἐπὶ
3597 1272 3672 1342 τῇ
3708 1288 3843 1343 προ-

2170 1355 2383 1427 αιρέσει
2421 1359 2620 1411 κεῖται.
2652 1357 2753 1410 Διά
2782 1357 2941 1411 τοῦτο
2981 1357 3010 1410 6
3059 1356 3271 1422 Παῦλος
3322 1357 3494 1429 μυρία
3533 1358 3843 1429 ὑπομείνας

2166 1442 2336 1508 δεινὰ,
2387 1445 2646 1514 ναυάγια,
2705 1444 2995 1516 πολέμους,
3047 1446 3463 1512 ἐπαναστάσεις,
3516 1445 3837 1510 ἐπιϐουλὰς,

2166 1530 2381 1603 λῃστῶν
2419 1533 2663 1602 ἐφόδους,
2694 1533 2789 1587 καὶ
2826 1535 2926 1587 ὅσα
2963 1534 3084 1588 οὐδὲ
3120 1533 3610 1606 ἀπαριθμήσασθαι
3653 1533 3739 1587 ἔνι
3765 1534 3839 1603 τῷ
3892 1530 3893 1577 1

2166 1619 2330 1692 λόγῳ,
2362 1620 2482 1697 ,καὶ
2539 1620 2944 1693 καθημερινούς
3014 1621 3276 1685 θανάτους
3340 1620 3732 1692 ἀποθνήσκων,
3779 1622 3834 1674 οὐ

2171 1708 2331 1778 μόνον
2361 1709 2461 1763 οὐκ
2491 1708 2647 1781 ῆλγει
2682 1709 2804 1762 οὐδὲ
2847 1707 3241 1779 ἐδυσχέραινεν,
3273 1707 3411 1760 ἀλλά
3437 1708 3533 1762 καὶ⁵
3564 1711 3835 1778 ἐκαυχᾶτο

2178 1796 2275 1851 καὶ
2302 1796 2507 1868 ἔχαιρε,
2540 1797 2636 1851 καὶ
2668 1797 2848 1866 λέγει’
2879 1796 3008 1851 Νῦν
3039 1797 3223 1866 χαίρω
3256 1795 3327 1849 ἐν
3361 1794 3486 1861 τοῖς
3518 1795 3836 1864 παθήμασι

2161 1906 2303 1958 μου,
2344 1889 2441 1942 καὶ
2506 1887 2946 1957 ἀνταναπληρῶ
2990 1890 3063 1942 τὰ
3102 1886 3486 1957 ὑστερήματα
3543 1886 3670 1941 τῶν
3712 1887 3839 1942 θλίο

2167 1976 2473 2045 ψεωνκεοῦ
2515 1974 2772 2046 Χριστοῦ
2800 1976 2870 2031 ἐν
2906 1973 2980 2044 τῇ
3008 1975 3188 2043 σαρκί
3219 1990 3368 2044 μουο
3403 1975 3497 2028 καὶ
3526 1973 3728 2028 πάλιν·
3757 1976 3841 2029 ού

2161 2063 2355 2132 μόνον
2383 2062 2472 2129 δὲ,
2507 2063 2670 2117 ἀλλὰ
2715 2062 2812 2117 καὶ
2850 2059 3203 2131 καυχώμεθα
3234 2061 3305 2114 ἐν
3342 2058 3473 2127 ταῖς
3509 2060 3838 2131 θλίιψέσιν⁵

2166 2150 2197 2222 ἡ
2231 2150 2287 2204 δὲ
2316 2150 2585 2222 καύχησις
2614 2149 2809 2223 ἡδονῆς
2840 2151 2986 2202 ἐστιν
3020 2148 3289 2211 ἐπίτασις.

2236 2238 2300 2291 δ’.
2332 2239 2430 2292 Ἂν
2462 2237 2642 2290 τοίνυν
2679 2236 2944 2306 εὐθυμίας
2975 2233 3280 2307 ἐπιθυμῇς,
3320 2235 3394 2307 μὴ
3419 2236 3718 2309 χρήματα,
3767 2236 3845 2312 μὴ

2167 2323 2421 2396 σώματος
2465 2324 2698 2394 ὐγίειαν,
2738 2323 2813 2395 μὴ
2863 2322 3040 2387 δόξαν,
3088 2322 3164 2394 μὴ
3197 2323 3531 2389 δυναστείαν,
3586 2323 3664 2395 μὴ
3701 2341 3843 2396 τρυ-

2169 2411 2295 2483 φὴν,
2337 2410 2413 2483 μὴ
2457 2411 2738 2482 τραπέζας
2793 2411 3132 2478 πολυτελεῖς,
3173 2409 3246 2483 μή
3303 2410 3541 2484 σηρικῶν
3603 2413 3846 2483 ἱματίων

2167 2499 2483 2571 περιϐολὰς,
2527 2499 2601 2570 μὴ
2630 2497 2941 2563 πολυτελεῖς
2974 2497 3206 2569 ἀγροὺς,
3253 2497 3328 2570 μὴ
3365 2498 3543 2562 οἰκίας
3572 2497 3844 2573 λαμπρὰς

2166 2587 2261 2641 καὶ
2312 2590 2663 2660 περιφανεῖς,
2712 2586 2846 2659 μηδὲ
2888 2586 3018 2640 ἀλλο
3071 2604 3125 2640 τι
3175 2585 3283 2639 τῶν
3357 2585 3615 2639 τοιούτων
3670 2587 3845 2643 δίωκε

2171 2673 2338 2747 μηδέν
2360 2691 2376 2705 ·
2419 2674 2560 2729 ἀλλά
2603 2674 2922 2744 φιλοσοφίαν
2963 2673 3186 2745 μέτελθε
3221 2672 3321 2746 τὴν
3368 2674 3509 2728 κατὰ
3544 2671 3705 2740 Θεὸν,
3741 2676 3845 2728 καὶ

2165 2763 2370 2834 ἀρετῆς
2408 2761 2669 2816 ἐπιλαϐοῦ
2689 2778 2703 2792 ο
2742 2762 2835 2815 καὶ
2872 2761 3025 2814 οὐδέν
3069 2778 3130 2814 σε
3169 2761 3230 2814 οὐ
3263 2759 3378 2815 τῶν
3409 2760 3599 2825 ὅντων,
3629 2761 3697 2815 οὐ
3729 2762 3844 2816 τῶν

2164 2849 2537 2922 ἐλπιζομένων
2586 2849 2825 2919 λυπῆσαι
2892 2848 3215 2920 δυνήσεται·
3251 2846 3307 2902 τί
3353 2847 3495 2918 λέγω
3546 2848 3841 2920 λυπῆσαι;

2167 2938 2456 3012 προσθήκη
2506 2937 2605 3009 μὲν
2641 2934 2735 2992 οὖν
2778 2937 2972 3010 ἡδονῆς
3007 2954 3089 2990 σοι
3133 2937 3426 3008 γενήσεται
3462 2935 3533 2990 τά
3579 2936 3714 3001 τούς
3743 2937 3843 2991 ἄλ-

2164 3027 2289 3093 λους
2332 3025 2639 3081 λυποῦντα·
2676 3024 2768 3079 καί
2821 3024 2929 3098 γὰρ
2973 3023 3270 3096 μάστιγες,
3303 3023 3398 3078 καὶ
3442 3022 3707 3090 θάνατος,
3742 3025 3841 3079 καὶ

2166 3112 2397 3185 ζημίαι,
2429 3113 2525 3167 καὶ
2573 3112 2939 3184 κακηγορίαι,
2985 3112 3079 3166 καὶ
3107 3112 3168 3165 τὸ
3201 3111 3390 3176 κακῶς
3448 3111 3704 3182 πάσχειν,
3741 3114 3841 3165 καὶ

2167 3202 2346 3256 πάντα
2387 3201 2458 3255 τά
2495 3200 2741 3267 τοιαῦτα,
2778 3201 2907 3253 ὅταν
2937 3199 3026 3254 διά
3051 3200 3142 3254 τὸν
3170 3199 3303 3253 Θεὸν
3347 3200 3480 3271 ἡμῖν
3516 3199 3836 3272 ἐπάγηται,

2167 3292 2258 3345 καὶ
2284 3289 2488 3361 ταύτην
2519 3288 2615 3360 ἔχῃ
2645 3288 2742 3359 τὴν
2787 3287 2962 3359 ῥίζαν,
2991 3286 3191 3357 πολλὴν
3226 3288 3357 3358 ἡμῖν
3397 3288 3474 3350 εἰς
3509 3284 3612 3358 τὴν
3654 3287 3839 3359 ψυχὴν

2165 3378 2375 3446 εἰσάγει
2401 3376 2500 3449 τὴν
2526 3376 2737 3446 ἡδονήν.

2236 3464 2426 3529 Οὐδείς
2478 3463 2588 3535 γὰρ
2640 3463 2788 3534 ἡμᾶς
2820 3461 3040 3525 ἀθλίους
3091 3461 3317 3532 ποιῆσαι
3366 3462 3697 3534 δυνήσεται,
3741 3466 3837 3518 ὲάν
3892 3452 3893 3455 ¹

2169 3553 2244 3626 μὴ
2287 3554 2513 3615 ἑαυτοὺς
2557 3553 2905 3621 ποιήσωμενο
2941 3549 3131 3620 ὥσπερ
3178 3545 3269 3603 οὖν
3321 3550 3445 3603 οὐδὲ
3492 3552 3830 3623 μακαρίους,

2165 3641 2260 3694 ἐὰν
2311 3639 2385 3711 μὴ
2436 3638 2660 3702 ἑαυτοὺς
2723 3636 3084 3709 ἐργασώμεθα
3109 3676 3123 3700 ,
3185 3636 3323 3708 μετὰ
3376 3638 3479 3710 τὴν
3550 3638 3646 3692 τοῦ
3699 3639 3832 3695 Θεού

2165 3728 2344 3799 χάριν.
2394 3725 2503 3781 Καὶ
2551 3725 2638 3777 ἵνα
2679 3723 2904 3795 μάθητε,
2955 3724 3036 3776 δτι
3075 3717 3231 3787 οὗτος
3268 3724 3429 3794 μόνος
3478 3725 3601 3778 ἐστὶ
3653 3727 3832 3797 μακά-

2170 3833 2302 3887 ριος,
2338 3816 2367 3868 6
2411 3812 2747 3883 φοϐούμενος
2792 3811 2884 3865 τὸν
2919 3811 3145 3882 Κύριον,
3187 3810 3289 3864 οὐκ
3336 3811 3445 3869 ἀπὸ
3485 3812 3597 3865 τῶν
3633 3815 3836 3887 παρελ.

2166 3903 2386 3967 θόντων,
2418 3901 2530 3956 ἀλλ’
2555 3900 2664 3954 ἀπὸ
2693 3899 2801 3953 τῶν
2828 3900 2961 3970 ἡμῖν
2988 3898 3313 3971 συμϐάντων
3339 3897 3494 3973 [187]
3521 3899 3684 3954 τοῦτο
3707 3903 3834 3973 ὑμῖν

2166 3990 2431 4058 ἀποδείξω
2460 3989 2573 4044 νῦν.
2633 3982 3033 4045 Ἐκινδύνευσεν
3059 3988 3188 4058 ἡμῖν
3223 3988 3257 4058 ἡ
3281 3987 3438 4050 πόλις
3464 3989 3835 4060 ἀφανισθῆναι

2166 4080 2351 4145 πᾶσα,
2398 4079 2494 4133 καί⁵
2532 4076 2641 4130 τῶν
2676 4076 2773 4147 μὲν
2820 4073 3194 4128 πλουτούντων
3238 4074 3332 4129 καὶ
3382 4075 3704 4145 περιφανῶν
3740 4080 3830 4131 καὶ

2166 4162 2696 4237 ἐπισήμωνχάνδρῶν
2727 4162 2900 4226 οὐδεὶς
2935 4160 3238 4232 ἐτόλμησεν
3267 4163 3325 4214 ἐν
3355 4161 3436 4235 τῷ
3475 4162 3632 4233 μέσῳ
3664 4164 3835 4235 φανῆ.

2165 4271 2272 4319 ναι,
2298 4251 2433 4306 ἀλλά
2465 4252 2666 4313 πάντες
2696 4249 2896 4319 ἔφυγον
2926 4249 3021 4302 καὶ
3052 4248 3344 4320 ἀπεπήδων
3363 4266 3377 4280 ο
3412 4250 3460 4302 οἰ
3489 4249 3546 4303 δὲ
3573 4250 3670 4303 τὸν
3701 4251 3831 4305 Θεὸν

2166 4340 2524 4412 φοϐούμενοι,
2582 4338 2630 4391 οἱ
2682 4338 2740 4389 ἐν
2805 4336 3185 4407 μοναστηρίοις
3242 4334 3650 4407 διατρίϐοντες,
3691 4333 3831 4391 οὗτοι

2169 4427 2309 4501 μετὰ
2361 4426 2564 4497 πολλῆς
2619 4426 2717 4496 τῆς
2773 4423 3085 4496 παρρησίας
3152 4423 3600 4495 καταδραμόντες
3653 4425 3834 4481 πάντα

2165 4518 2380 4583 ἔλυσαν,
2411 4516 2506 4570 καὶ
2529 4513 2783 4569 τοσοῦτον
2811 4514 3046 4584 ἀπέσχον
3079 4513 3278 4576 αὐτοὺς
3314 4512 3549 4584 φοϐῆσαι
3608 4515 3709 4567 καὶ
3758 4515 3834 4578 εἰς

2165 4606 2404 4673 ἀγωνίαν
2450 4602 2705 4675 ἐμϐαλεῖν
2741 4602 2810 4656 τὰ
2859 4602 3139 4673 συμϐάντα
3175 4600 3322 4654 δεινά
3365 4601 3456 4654 καὶ¹
3494 4601 3552 4653 αί
3604 4602 3836 4672 προσδο⁶

2165 4691 2408 4764 κώμεναι
2441 4691 2691 4758 ἀπειλαὶ,
2721 4691 2803 4744 ὅτι
2846 4690 3034 4762 πόρρω
3072 4687 3368 4760 καθήμενοι
3399 4687 3497 4758 τῆς
3541 4688 3834 4759 συμφοράς

2166 4780 2260 4835 καὶ
2298 4780 2451 4834 οὐδὲν
2491 4778 2668 4832 κοινὸν
2695 4777 2931 4848 ἔχοντες,
2962 4775 3181 4839 ἑκόντες
3221 4775 3448 4837 ἑαυτοὺς
3477 4774 3718 4846 ἔρριψαν
3756 4777 3834 4837 εἰς

2171 4868 2344 4941 μέσην
2388 4867 2488 4939 τὴν
2537 4865 2736 4937 πυρὰν,
2778 4866 2873 4919 καὶ¹
2919 4863 3125 4927 πάντας
3186 4862 3467 4929 ἐξείλοντο,
3494 4861 3593 4916 καὶ
3627 4862 3659 4915 ὃ
3704 4865 3834 4915 πᾶσι
3888 4862 3894 4883 ’

2165 4958 2315 5013 δοκεῖ
2349 4952 2577 5027 φοϐερὸν
2612 4948 2753 5006 εἶναι
2789 4953 2883 5005 καὶ
2933 4950 3200 5022 φρικῶδες
3224 4991 3238 5016 ,
3284 4951 3311 5002 6
3359 4950 3588 5014 θάνατος
3611 4992 3625 5015 ,
3676 4950 3836 5003 τοῦτο

2166 5040 2312 5101 οὗτοι
2343 5042 2480 5115 μετά
2508 5043 2689 5112 πάσης
2717 5039 3029 5106 ἀνεδέξαντο
3060 5038 3161 5108 τῆς
3197 5037 3504 5108 προθυμίας
3527 5056 3541 5068 ·
3572 5038 3675 5091 καὶ
3699 5039 3837 5110 μετά

2167 5134 2416 5196 πλείονος
2480 5131 2701 5202 ἔτρεχον
2739 5129 2832 5181 ἐπὶ
2858 5127 2920 5180 τὸ
2954 5127 3187 5198 πρᾶγμα
3228 5124 3445 5195 ἡδονῆς,
3473 5124 3507 5195 ἢ
3538 5124 3628 5177 ἐπ’
3660 5126 3835 5197 ἀρχὰς

2167 5222 2345 5292 ἕτεροι
2376 5222 2470 5275 καὶ
2496 5217 2688 5289 τιμάς·
2743 5216 2937 5287 ᾔδεσαν
2975 5213 3083 5284 γάρ
3114 5214 3195 5266 ὅτι
3229 5212 3462 5284 μεγίστη
3490 5211 3656 5267 τοῦτο
3692 5214 3836 5284 ἀρχὴ

2168 5311 2263 5364 καὶ
2290 5309 2444 5381 τιμὴ,
2472 5307 2566 5361 καὶ
2598 5305 2664 5359 δι’
2705 5302 2884 5357 αὐτῶν
2922 5302 3030 5354 τῶν
3071 5300 3249 5374 ἔργων
3287 5300 3516 5366 ἔδειξαν,
3555 5301 3642 5354 ὅτι
3683 5297 3839 5366 οὗτος

2171 5388 2330 5469 μόνος
2369 5392 2636 5468 μακάριός
2670 5394 2816 5447 ἐστιν
2842 5394 2871 5447 6
2915 5391 3236 5461 φιλοσοφίας
3280 5388 3695 5460 ἐπειλημμένος
3738 5390 3838 5459 τῆς

2168 5489 2301 5552 ἄνω,
2338 5486 2431 5541 καὶ
2483 5482 2785 5556 μεταϐολήν
2830 5480 3085 5553 οὐδεμίαν
3130 5480 3367 5551 δέχεται,
3415 5479 3538 5532 οὐδέ
3580 5479 3832 5552 δυσημεο

2170 5576 2292 5648 ρίαν
2325 5573 2580 5645 ὑπομένει
2628 5570 2783 5635 τινὰ,
2831 5569 2966 5625 ἀλλὰ
3016 5568 3295 5640 διηνεκοῦς
3343 5566 3647 5640 εὐημερίας
3702 5571 3841 5622 ἀπο-

2168 5661 2343 5724 λαύει,
2382 5660 2476 5715 καὶ
2509 5660 2726 5713 πάντων
2764 5656 3038 5728 καταγελᾷ
3070 5656 3176 5711 τῶν
3220 5655 3523 5710 δοκούντων
3552 5651 3699 5710 εἶναι
3747 5656 3844 5709 λυ.

2172 5747 2382 5820 πηρῶν.
2422 5744 2538 5800 Νῦν
2568 5745 2698 5815 γοῦν
2727 5746 2778 5799 οἰ
2822 5744 2920 5825 μέν
2952 5746 3010 5801 ἐν
3046 5743 3384 5808 δυναστείαις
3417 5742 3632 5815 ἀθυμία
3666 5743 3846 5819 πολλῇ

2228 5931 2253 5972 δ
2270 5932 2367 5984 Alii
2386 5930 2541 5989 πάσης
2564 5931 2714 5983 εὐνοία
2723 5949 2761 5988 ς.

3888 2944 3894 3169 ι

3890 3228 3894 3443 ἵ
