3912 6230
140 265 252 320 185

137 380 418 449 profueris
439 422 453 447 ,
491 381 774 434 maximam
799 380 963 434 babes
989 380 1309 434 mercedem.
1346 379 1412 433 Et
1441 388 1497 433 ut
1520 378 1693 433 discas
1715 420 1732 445 ,

134 473 292 543 quod
323 472 391 528 de
438 472 598 542 lapsis
633 472 866 538 tristari,
894 472 993 527 etsi
1023 472 1155 526 nihil
1205 486 1520 541 prosumns,
1562 472 1733 525 maxi-

137 580 297 618 mam
353 562 505 617 nobis
556 561 959 616 retributionem
1004 562 1187 625 alfert,
1221 562 1344 615 audi
1399 562 1731 617 Ezechielem

135 655 449 718 dicentem,
494 654 602 705 imo
654 667 780 705 vere
827 652 994 705 Deum
1052 667 1146 720 per
1183 652 1354 720 ipsum
1405 652 1732 721 loquentem.

140 743 438 812 Postquam
490 742 632 796 enim
683 742 828 796 misit
868 743 1123 811 quosdam
1186 742 1254 797 ad
1319 742 1730 796 subvertendqu

136 835 337 889 urbem
355 876 370 895 ,
397 842 452 889 et
476 833 619 888 ferro
647 843 701 889 et
724 833 830 902 igni
860 833 1278 888 consumendum
1309 834 1528 888 aedilicia
1555 834 1732 887 omnia

136 940 272 979 cum
300 925 683 979 habitatoribus
711 924 838 993 ipsis
862 966 876 986 ,
901 924 1126 992 imperat
1156 924 1364 979 cuidam
1392 924 1470 977 sic
1505 923 1690 978 dicens
1715 939 1729 976 :

142 1015 230 1069 Da
269 1017 468 1084 signant
509 1016 563 1068 iu
604 1015 733 1084 facie
769 1016 991 1068 virorum
1032 1016 1333 1084 gementium
1370 1023 1416 1067 et
1458 1016 1733 1068 dolentium

141 1106 363 1177 (Ezeclt.
396 1106 450 1161 9.
481 1104 558 1177 4).
590 1107 801 1160 Etcum
842 1105 959 1158 aliis
997 1106 1339 1174 imperasset,
1369 1114 1423 1159 et
1464 1106 1687 1161 dixisset
1714 1123 1730 1161 :

134 1197 189 1249 Α
230 1199 421 1251 sanctis
459 1198 584 1249 meis
628 1197 836 1265 incipite
862 1211 882 1249 :
908 1196 1083 1250 intulit
1124 1196 1348 1250 dicens:
1388 1196 1562 1266 Supra
1609 1212 1733 1266 quos

136 1296 314 1341 mitem
339 1297 411 1341 est
434 1288 654 1357 signant,
687 1304 750 1340 ne
785 1287 920 1356 ipsos
948 1287 1138 1357 tangite
1168 1287 1271 1357 (1b.
1304 1302 1352 1340 υ.
1374 1286 1453 1358 6).
1485 1288 1617 1356 Qua,
1646 1289 1734 1344 dic

136 1379 279 1432 mihi
307 1418 322 1442 ,
346 1378 544 1432 causa?
567 1376 826 1444 Quoniam
857 1377 955 1430 etsi
987 1376 1115 1430 nihil
1147 1386 1404 1446 prosunt,
1434 1386 1611 1432 tamen
1640 1393 1734 1448 ge-

137 1479 304 1523 munt
332 1485 447 1538 qua:
472 1472 730 1539 geruntur
756 1475 810 1523 et
835 1467 1131 1537 deplorant.
1166 1468 1233 1522 Et
1260 1468 1392 1523 alios
1422 1483 1607 1523 rursus
1636 1483 1731 1522 ac-

134 1568 298 1614 cusat
324 1600 338 1623 ,
368 1559 589 1616 dicens:
620 1559 805 1614 Ventri
846 1567 902 1613 et
945 1557 1154 1613 deliciis
1191 1567 1460 1625 vacantes,
1490 1568 1544 1613 et
1569 1559 1732 1614 multa

138 1654 414 1720 potientes
452 1652 730 1717 libertate,
754 1651 997 1706 videntes
1022 1650 1236 1705 Judaeos
1285 1650 1336 1704 in
1367 1650 1729 1720 captivitatem

137 1744 362 1809 deduci,
390 1758 495 1796 non
526 1742 826 1805 doluerunt,
851 1757 955 1795 non
985 1741 1269 1811 participes
1294 1741 1442 1796 fuere
1464 1741 1689 1795 tristitia:
1715 1759 1730 1797 :

136 1846 201 1890 ct
224 1836 371 1904 ipsos
398 1849 654 1890 accusans
698 1836 811 1889 ait:
844 1833 995 1888 Nihil
1018 1835 1156 1906 passi
1181 1844 1299 1889 sunt
1339 1836 1393 1888 in
1432 1835 1730 1889 contritione

136 1924 344 1995 Ioseph
389 1925 607 1994 (Amos.
640 1924 694 1979 6.
738 1924 843 1995 6),
903 1925 1100 1994 Joseph
1147 1923 1422 1993 appellans
1475 1925 1730 1992 populum

138 2030 384 2069 onmem.
413 2015 481 2070 Et
519 2031 727 2069 rursum
761 2032 775 2067 :
817 2014 939 2068 Non
972 2015 1092 2068 exiit
1137 2029 1250 2080 qua:
1291 2014 1479 2067 habitat
1509 2013 1689 2068 [Euan
1711 2056 1728 2081 ,

143 2107 391 2177 plangere
417 2106 618 2159 domum
644 2120 751 2159 sure
770 2106 1090 2174 conjunctam
1117 2103 1299 2176 (Miclt.
1326 2102 1502 2175 1.11).
1530 2104 1730 2170 Quam-

142 2196 231 2250 vis
273 2195 412 2249 enim
457 2196 598 2264 juste
625 2195 909 2263 puniantur
933 2235 946 2258 ,
977 2194 1091 2247 vult
1116 2194 1253 2247 Deus
1283 2207 1379 2246 nos
1407 2193 1729 2261 condolere,

144 2301 259 2340 non
308 2294 482 2340 autem
512 2285 743 2354 gaudere
789 2293 844 2338 et
884 2283 1161 2338 insultare.
1190 2282 1245 2337 Si
1289 2283 1464 2347 enim,
1495 2283 1598 2348 ait,
1631 2297 1732 2352 ego

145 2379 378 2449 pruriens
407 2391 509 2430 non
541 2377 694 2431 laetus
723 2375 823 2430 hoc
851 2374 1010 2442 facio,
1040 2390 1139 2430 nec
1167 2376 1219 2429 in
1250 2375 1484 2445 ipsorum
1523 2375 1729 2430 ultione

142 2470 391 2524 delector
433 2467 578 2538 (Non
622 2469 762 2524 enim
787 2470 1041 2523 voluntate
1068 2468 1179 2523 volo
1204 2478 1413 2522 mortem
1459 2469 1732 2539 peccatoris

145 2559 363 2632 [Haecin
383 2561 469 2615 18.
497 2560 618 2633 25])
642 2578 657 2627 ;
686 2569 896 2630 oportet
924 2570 978 2616 et
1005 2569 1058 2615 te
1097 2560 1376 2615 Dominum
1420 2560 1649 2625 imitari,
1678 2569 1733 2615 et

146 2662 434 2722 propterea
481 2652 664 2723 lugere
688 2693 702 2717 ,
731 2654 979 2723 quoniam
1032 2662 1279 2723 peccator
1318 2652 1474 2723 justze
1516 2653 1732 2709 ultionis

146 2745 427 2799 materiam
451 2744 676 2814 praebuit
700 2752 753 2798 et
773 2745 1127 2799 occasionem.
1155 2743 1332 2814 Itaque
1357 2744 1400 2798 si
1424 2743 1542 2813 quis
1568 2745 1728 2799 etiam

142 2837 442 2892 secundum
488 2836 652 2892 Deum
681 2836 918 2891 tristetur
943 2876 959 2902 ,
986 2853 1228 2908 magnam
1252 2837 1375 2892 inde
1406 2832 1568 2892 Sumit
1592 2837 1733 2891 utili-

147 2939 340 2983 tatem.
362 2927 494 2981 Cum
531 2927 689 2998 igitur
711 2928 976 2983 beatiores
1010 2929 1116 2983 sint
1144 2927 1390 2997 ﬂagellati
1416 2927 1732 2998 ﬂagellanti-

156 3020 260 3074 bus
282 3062 297 3087 ,
322 3027 375 3074 et
399 3020 490 3090 qui
530 3019 668 3088 apud
710 3034 808 3073 nos
848 3018 1172 3089 afﬂiguntur,
1205 3020 1403 3075 exteris
1455 3019 1642 3089 positis
1677 3018 1729 3073 in

149 3112 500 3177 remissione,
526 3120 581 3166 et
603 3111 843 3167 dolentes
865 3111 1216 3181 gaudentibus
1246 3129 1260 3165 :
1290 3126 1409 3181 quae
1440 3111 1595 3165 nobis
1619 3126 1733 3165 am-

149 3202 296 3270 plius
334 3201 440 3256 erit
498 3201 848 3256 tribulationis
891 3202 1143 3256 occasio?
1186 3201 1472 3271 Propterea
1517 3201 1731 3256 beatum

150 3291 339 3346 haberi
376 3291 628 3347 convenit
664 3293 964 3357 neminem,
991 3292 1093 3346 nisi
1129 3291 1422 3346 secundum
1449 3293 1615 3348 Deum
1650 3293 1731 3347 vio

149 3392 369 3436 ventem
399 3382 592 3437 solum.
617 3382 725 3437 Hos
740 3398 952 3453 quoque
979 3383 1122 3438 solos
1152 3382 1423 3453 Scriptura
1439 3383 1622 3438 beatos
1642 3398 1735 3437 vo.

152 3483 279 3527 cat:
302 3472 471 3542 inquit
504 3473 644 3526 enim
669 3490 683 3525 :
710 3471 897 3527 Beatus
924 3474 1017 3539 vir,
1048 3474 1134 3544 qui
1156 3489 1258 3527 non
1285 3472 1403 3526 abiit
1445 3474 1499 3527 in
1525 3473 1733 3527 consilio

153 3565 427 3631 impiorum
455 3562 624 3636 (Psal.
652 3565 704 3618 1.
738 3566 789 3633 1)
818 3583 831 3618 :
863 3562 1046 3618 Beatus
1069 3581 1216 3636 quem
1241 3574 1296 3618 tu
1327 3566 1586 3631 erudieris,
1625 3566 1730 3619 Do-

154 3656 313 3716 mine,
341 3664 387 3707 et
412 3656 475 3708 de
497 3656 605 3723 lege
629 3664 717 3707 tua
737 3655 968 3709 docueris
995 3672 1105 3708 eum
1125 3671 1143 3708 :
1163 3654 1306 3708 Beati
1342 3656 1655 3710 inmaculati
1680 3657 1733 3710 in

151 3746 237 3798 via
255 3761 276 3799 :
307 3743 451 3798 Beati
476 3761 648 3798 omnes
675 3746 761 3815 qui
792 3745 1052 3814 conﬁdunt
1084 3747 1138 3798 in
1176 3762 1233 3799 eo
1256 3761 1276 3800 :
1304 3744 1490 3799 Beatus
1518 3748 1735 3817 populus

154 3838 305 3907 cujus
334 3835 579 3889 Dominus
605 3834 742 3889 Deus
769 3839 880 3905 ejus
906 3837 924 3868 ¹
949 3836 1116 3908 (Psal.
1148 3839 1236 3894 95.
1259 3838 1344 3893 12.
1377 3847 1424 3893 et
1457 3840 1580 3894 118.
1608 3839 1660 3893 1.
1685 3847 1736 3893 et

155 3927 212 3981 Ξ.
266 3928 352 3981 15.
394 3937 440 3980 et
480 3926 569 3980 '52.
619 3927 725 3995 12)
756 3945 770 3981 :
802 3926 986 3981 Beatus
1035 3944 1180 3992 quem
1236 3944 1335 3982 non
1386 3927 1736 3983 condemnavit

154 4017 330 4070 anima
357 4017 464 4085 ejus
495 4015 679 4088 (Eccli.
712 4018 797 4071 14.
815 4017 870 4088 2)
902 4016 1123 4071 :Beatus
1152 4019 1246 4083 vir,
1273 4019 1361 4087 qui
1395 4020 1531 4073 timet
1556 4018 1735 4073 Domi-

156 4122 283 4159 num
311 4105 477 4174 (Paul.
498 4108 619 4161 111.
646 4106 714 4177 I).
745 4107 812 4162 Et
839 4123 1044 4161 rursum
1066 4108 1144 4163 sic
1165 4108 1443 4163 Christus:
1478 4108 1623 4163 Beati
1649 4109 1736 4178 qui

155 4199 331 4268 lugent
350 4240 367 4263 ,
394 4198 524 4252 beati
556 4198 797 4262 humiles,
829 4198 955 4252 beati
976 4200 1154 4265 mites,
1186 4200 1315 4253 beati
1342 4200 1542 4271 paciﬁci
1561 4243 1575 4262 ,
1606 4200 1735 4254 beati

156 4287 246 4357 qui
272 4288 699 4355 persequutionem
728 4290 989 4357 patiuntur
1012 4302 1216 4360 prapter
1228 4292 1483 4362 justitiam
1511 4290 1732 4363 (Matth.

158 4377 214 4430 5.
239 4376 417 4447 5-10).
451 4376 613 4433 Vides
636 4379 900 4448 quomodo
927 4380 1113 4435 nullibi
1138 4380 1357 4435 divitum
1386 4397 1733 4452 quemquam,

160 4482 269 4523 non
290 4480 630 4537 generosum,
651 4485 755 4523 non
778 4469 944 4538 gloria
973 4471 1196 4540 potitum
1220 4471 1521 4526 beatiﬁcant
1544 4472 1736 4529 divinae

160 4558 342 4628 leges,
369 4555 463 4612 sed
491 4557 738 4613 virtutem
769 4566 971 4613 tantum
1012 4572 1355 4629 assequutum
1380 4561 1404 4615 ?
1429 4560 1578 4627 Quod
1602 4578 1738 4633 quato

157 4650 296 4702 ritur
334 4647 477 4702 enim
500 4688 516 4713 ,
557 4648 609 4702 in
635 4648 882 4704 omnibus
904 4688 919 4714 ,
951 4665 1071 4720 quae
1112 4649 1332 4705 facimus
1361 4651 1445 4707 vel
1472 4652 1732 4720 patimur,

158 4739 255 4792 Dei
285 4736 528 4793 timorem
553 4753 673 4794 esse
695 4740 944 4795 convenit
965 4779 980 4803 ,
1004 4751 1059 4795 et
1086 4741 1131 4794 si
1174 4741 1310 4795 hanc
1336 4745 1632 4812 praemittas
1660 4758 1739 4798 ra-

158 4833 335 4885 dicem
365 4870 381 4897 ,
409 4844 514 4885 non
558 4832 803 4886 remissio
852 4842 1055 4888 tantum
1081 4874 1094 4898 ,
1127 4850 1227 4890 nec
1272 4835 1503 4890 honores
1525 4875 1540 4899 ,
1568 4850 1739 4905 neque

157 4926 329 4996 gloria
378 4935 538 4995 atque
587 4926 918 4993 ministeria,
959 4943 1144 4984 verum
1189 4937 1246 4983 et
1285 4927 1647 4984 infestatians
1687 4938 1740 4984 et

157 5017 464 5081 calumuim,
482 5025 540 5072 et
561 5018 916 5084 contumelia},
940 5027 995 5073 et
1014 5019 1336 5087 ignominias,
1365 5028 1419 5074 et
1450 5029 1735 5083 tormenta,

158 5117 213 5163 et
238 5108 418 5162 omnia
448 5109 766 5178 generaliter
790 5110 1073 5179 voluptatis
1100 5110 1301 5165 fructus
1341 5111 1434 5166 tibi
1475 5112 1740 5180 germina-

160 5202 313 5255 bunt.
348 5200 414 5254 Et
458 5202 595 5255 sicut
632 5202 880 5257 arborum
929 5203 1168 5268 radices,
1199 5203 1327 5273 ipsa:
1378 5204 1588 5273 quidem
1618 5212 1740 5259 sunt

160 5309 390 5352 tunam,
415 5293 829 5362 jucundissimos
870 5305 1048 5350 autem
1081 5296 1235 5349 nobis
1272 5296 1474 5351 fructus
1517 5295 1695 5351 ferunt
1723 5314 1737 5349 :

159 5385 237 5438 sic
260 5382 498 5454 profecto
522 5393 577 5438 et
593 5384 882 5439 secundum
913 5386 1077 5441 Deum
1106 5386 1316 5441 tristitia
1347 5386 1565 5441 multam
1589 5387 1739 5444 nobis

160 5474 352 5530 afferet
378 5474 722 5542 voluptatem.
745 5475 946 5531 Norant
984 5477 1300 5546 quicumque
1328 5491 1470 5546 saepe
1496 5492 1614 5531 cum
1644 5477 1740 5532 ἀο-

226 5609 243 5676 ξ
279 5607 353 5656 sic
376 5616 588 5676 maxima
599 5618 715 5676 pars
735 5614 841 5655 Mss.
866 5607 1004 5657 savil.
1030 5617 1196 5659 autem
1212 5618 1265 5659 et
1287 5606 1431 5658 Morel
1455 5646 1468 5668 ,
1488 5612 1628 5669 cuius
1650 5617 1737 5660 Do-

164 5667 320 5718 minus
341 5667 541 5727 adjutor
562 5667 682 5724 ejus.

501 5751 767 5811 Parnm.
817 5753 931 5814 Gn.
977 5750 1206 5812 XLIX.

1078 266 1164 321 ΑΙ)
1203 264 1523 322 POPUI.UM
1564 264 2051 321 ANTIOCHENUM
2112 266 2342 323 HOMIL.
2385 264 2566 322 XVIII.

3314 275 3413 329 188

1850 379 1963 434 lore
1986 389 2272 435 oravcrunt
2296 389 2349 436 et
2368 380 2627 453 lacrymas
2659 379 2958 435 effuderunt
2978 423 2991 447 ,
3019 394 3267 452 quantam
3307 389 3416 440 sint

1840 467 2026 523 Iucrati
2057 469 2312 535 lzetitiam,
2336 468 2604 537 quomodo
2637 470 3019 526 conscientiam
3050 475 3411 544 expurgariut,

1835 559 2104 628 quomodo
2149 560 2550 615 exsurrexerint
2596 575 2717 614 cum
2746 559 2881 615 bona
2912 576 3007 632 Spe
3041 579 3053 591 ·
3085 563 3224 632 quod
3269 565 3411 619 enim

1835 666 2046 721 semper
2070 650 2209 717 dico,
2238 667 2344 705 non
2374 667 2551 705 rerum
2576 661 2785 718 natura,
2813 655 2906 707 sed
2932 670 3082 707 mens
3110 666 3286 711 nostra
3316 672 3414 711 nos

1833 744 2153 798 contristare
2207 744 2292 797 vel
2328 743 2601 799 laetiﬁcare
2633 745 2929 800 consuevit.
2961 746 3015 801 Si
3064 746 3224 815 igitur
3274 751 3409 802 hanc

1837 832 1995 886 talem
2043 832 2348 897 reddamus,
2378 834 2586 902 qualem
2633 849 2753 890 esse
2791 835 2960 903 decet,
3001 838 3175 891 omnis
3218 839 3415 893 Ia.-titi.-e

1834 922 2024 991 pignus
2051 922 2363 978 habebimus
2393 942 2408 979 ε
2452 932 2505 978 et
2527 924 2666 979 sicut
2690 940 2885 995 corpus
2913 943 3018 981 non
3048 936 3249 982 tantum
3273 933 3415 983 aeris

1837 1023 2026 1068 natura
2056 1024 2144 1068 aut
2165 1016 2454 1069 exteriores
2485 1015 2750 1083 incursus,
2782 1030 3036 1088 quantum
3068 1021 3276 1089 prepria
3300 1021 3414 1074 dis-

1837 1106 2029 1177 positio
2052 1118 2107 1162 et
2135 1106 2282 1162 laedit
2307 1117 2360 1162 et
2388 1108 2603 1177 adjuvat
2633 1127 2647 1163 :
2676 1110 2753 1164 sic
2777 1120 2831 1165 et
2859 1112 2909 1165 in
2937 1112 3133 1177 anima,
3161 1121 3216 1167 et
3242 1113 3414 1168 multo

1836 1198 2019 1268 magis.
2054 1198 2151 1253 Hic
2187 1201 2384 1253 etenim
2428 1210 2630 1256 natura:
2669 1212 2752 1256 est
2779 1204 3067 1259 necessitas
3092 1246 3106 1267 ,
3138 1204 3244 1259 illic
3286 1220 3414 1258 vero

1836 1295 2004 1342 totum
2051 1288 2102 1342 in
2132 1289 2402 1344 voluntate
2437 1291 2598 1346 situm
2646 1302 2748 1346 est.
2779 1292 3066 1362 Propterea
3096 1295 3286 1350 Paulus
3333 1297 3417 1349 iu-

1833 1389 2055 1430 numera
2086 1393 2271 1446 passus
2299 1381 2471 1446 mala,
2503 1381 2772 1452 naufragia
2795 1423 2808 1446 ,
2840 1384 2976 1438 bella
2997 1427 3011 1451 ,
3043 1388 3407 1456 persequutio-

1836 1481 1931 1520 nes
1949 1507 1965 1531 ,
1993 1467 2206 1524 insidias
2226 1511 2242 1535 ,
2273 1468 2536 1525 latronum
2574 1472 2834 1540 incursus,
2869 1485 2922 1530 et
2942 1492 3287 1549 quamcumque
3315 1495 3414 1533 nec

1834 1556 2076 1612 oratione
2122 1574 2404 1616 numerare
2450 1561 2605 1628 licet,
2635 1574 2688 1618 et
2721 1566 2957 1634 quotidie
2999 1568 3234 1622 moriens
3257 1611 3273 1635 ,
3306 1585 3410 1623 non

1832 1655 2039 1700 tantum
2071 1663 2175 1701 non
2201 1648 2415 1705 dolebat
2440 1666 2539 1707 nec
2565 1652 2933 1723 indignabatur
2955 1696 2971 1721 ,
3000 1671 3182 1711 verum
3217 1666 3272 1713 et
3308 1660 3415 1723 glo-

1836 1738 2072 1792 riabatur
2117 1748 2171 1793 et
2216 1740 2521 1809 gaudebat,
2550 1742 2865 1814 dicebatque
2895 1763 2908 1798 :
2941 1744 3093 1800 Nunc
3133 1748 3330 1816 gaudeo
3361 1750 3414 1801 iu

1835 1828 2148 1897 passianibus
2165 1831 2305 1895 meis,
2328 1840 2373 1885 et
2391 1832 2600 1902 suppleo
2620 1833 2840 1904 defectus
2860 1834 3239 1890 tribulationum
3262 1836 3411 1892 Chri-

1834 1918 1899 1972 sti
1924 1920 1978 1972 in
2004 1936 2156 1974 carne
2182 1937 2293 1974 mea
2322 1920 2536 1993 (Coloss.
2568 1924 2620 1978 1.
2642 1924 2757 1994 24).
2795 1925 2860 1978 Et
2881 1925 3071 1980 iterum
3105 1945 3119 1981 :
3149 1925 3268 1981 Non
3295 1938 3413 1981 tau-

1836 2021 1941 2065 tum
1962 2022 2147 2078 autem,
2171 2029 2341 2067 verum
2364 2024 2410 2069 et
2434 1998 2715 2087 gloriantur
2731 2018 2785 2071 in
2804 2018 3207 2073 tribulationibus
3232 2020 3412 2088 (Rom.

1834 2104 1888 2159 5.
1918 2104 1956 2160 3
2039 2103 2296 2159 Gloriatio
2321 2121 2446 2160 vero
2476 2106 2760 2176 voluptatis
2781 2116 2863 2162 est
2884 2109 3126 2164 intentio.

1905 2194 1959 2246 4.
1998 2192 2052 2249 Si
2068 2193 2302 2249 laetitiam
2324 2195 2500 2265 itaque
2521 2196 2691 2265 cupis,
2713 2211 2816 2251 non
2850 2199 3119 2266 pecunias,
3147 2213 3251 2252 non
3276 2214 3398 2252 cor-

1838 2282 1986 2352 poris
2011 2285 2288 2340 sanitatem
2311 2326 2325 2349 ,
2351 2300 2456 2339 non
2491 2286 2715 2356 gloriam
2737 2328 2752 2351 ,
2790 2302 2896 2342 non
2935 2289 3219 2356 potentiam
3241 2330 3256 2355 ,
3306 2304 3411 2342 non

1835 2372 2076 2441 delicias,
2104 2389 2209 2429 non
2246 2377 2417 2431 lautas
2442 2392 2652 2431 mensas
2672 2417 2687 2440 ,
2716 2393 2819 2431 non
2853 2378 3142 2433 sericarum
3187 2380 3412 2433 vestium

1832 2466 2061 2521 amictus
2125 2483 2334 2537 quaeras
2385 2484 2399 2521 :
2448 2484 2555 2523 non
2621 2469 2880 2538 pretiosos
2936 2485 3092 2540 agros
3156 2469 3409 2524 domosvo

1835 2557 2139 2627 splendidas
2160 2567 2213 2613 et
2242 2559 2494 2625 illustres,
2516 2567 2609 2614 aut
2635 2560 2778 2615 aliud
2808 2560 3107 2630 huiusmodi
3124 2561 3411 2631 quidquam

1836 2657 2075 2714 sectare;
2107 2649 2201 2705 sed
2228 2649 2613 2720 philosOphiam
2633 2693 2647 2715 ,
2677 2666 2794 2722 qua:
2817 2661 2899 2706 est
2915 2651 3202 2707 secundum
3227 2653 3413 2718 Deum,

1835 2753 2046 2807 exerce,
2074 2741 2414 2811 apprehende
2443 2743 2689 2798 virtutem
2710 2784 2725 2808 ,
2765 2752 2819 2797 et
2848 2744 2918 2797 nil
2940 2760 3123 2799 eorum
3150 2761 3268 2814 quae
3293 2757 3417 2799 sunt

1835 2839 1926 2884 aut
1965 2840 2374 2899 exspectantur,
2405 2841 2459 2888 te
2502 2835 2697 2903 poterit
2735 2835 3056 2891 contristare
3085 2853 3099 2890 :
3128 2836 3250 2905 quid
3293 2837 3413 2891 dico

1835 2922 2200 2977 contristare?
2235 2924 2342 2978 imo
2372 2926 2612 2980 accessio
2641 2926 2733 2979 tibi
2764 2927 3049 2997 voluptatis
3093 2937 3251 2982 erunt
3293 2944 3412 2997 qute

1836 3012 1968 3065 alios
1997 3014 2315 3069 contristant
2346 3034 2360 3068 :
2388 3016 2586 3070 etenim
2614 3015 2816 3085 ﬂagella
2839 3056 2855 3082 ,
2887 3026 3087 3072 mortes
3111 3058 3126 3080 ,
3158 3018 3371 3089 mulcto:
3390 3055 3409 3083 ,

1835 3104 2201 3158 accusationes
2220 3143 2236 3170 ,
2281 3119 2555 3171 aerumnae,
2586 3115 2639 3159 et
2667 3105 2844 3160 omnia
2876 3107 3019 3172 talia,
3050 3121 3170 3162 cum
3198 3117 3416 3177 propter

1838 3192 2005 3247 Deum
2052 3192 2206 3246 nobis
2255 3192 2567 3259 inferantur,
2609 3204 2663 3248 et
2708 3193 2846 3248 hanc
2890 3195 3116 3250 habeant
3156 3197 3411 3261 radicem,

1836 3282 2057 3336 multam
2088 3274 2242 3337 nobis
2266 3284 2320 3337 in
2346 3283 2574 3337 animam
2603 3284 2861 3339 inducunt
2880 3287 3225 3355 voluptatem.

1909 3372 2074 3428 Nemo
2094 3391 2184 3430 nos
2199 3376 2405 3430 miseros
2420 3378 2542 3446 facit
2567 3376 2664 3430 nisi
2674 3393 2763 3431 nos
2780 3378 3080 3445 ipst.-—Nos
3095 3380 3234 3433 enim
3255 3379 3416 3434 mise-

1838 3480 1927 3520 ros
1944 3465 2117 3522 facere
2133 3467 2322 3536 poterit
2344 3482 2521 3533 nemo,
2543 3468 2642 3523 nisi
2674 3484 2770 3523 nos
2795 3469 2937 3538 ipsos
2966 3468 3253 3525 faciamus:
3275 3472 3415 3527 sicut

1836 3555 2041 3611 scilicet
2079 3574 2250 3629 neque
2285 3558 2488 3626 beatos,
2531 3561 2632 3614 nisi
2673 3576 2772 3616 nos
2797 3560 3120 3630 efﬁciamus,
3157 3574 3274 3634 post
3310 3565 3406 3619 Dei

1838 3649 2081 3718 gratiam.
2112 3649 2287 3720 thue
2313 3650 2530 3707 discatis
2557 3666 2679 3707 eum
2700 3652 2874 3708 solum
2899 3667 3018 3710 esse
3046 3653 3259 3710 beatum
3278 3696 3294 3721 ,
3321 3656 3413 3725 qui

1840 3741 1990 3796 timct
2025 3743 2304 3799 Dominum
2338 3760 2351 3795 :
2382 3760 2486 3799 non
2532 3760 2597 3799 ex
2643 3747 2948 3815 praeteritis,
2981 3762 3162 3801 verum
3213 3763 3278 3802 ex
3326 3748 3409 3810 iis,

1839 3849 1959 3902 qua:
1977 3831 2312 3905 scutigerunt
2336 3837 2509 3897 nobis,
2535 3835 2639 3891 hoc
2657 3837 2809 3892 vobis
2837 3853 2978 3893 nunc
3005 3837 3404 3892 demonstrabo.

1840 3924 2139 3980 Periculum
2164 3924 2280 3987 fuit,
2309 3941 2377 3981 ne
2405 3926 2533 3980 urbs
2565 3926 2718 3981 nobis
2735 3936 2842 3981 tota
2871 3927 3159 3990 deleretur,
3186 3935 3241 3981 et
3273 3927 3411 3981 divi-

1839 4022 1950 4068 tum
1974 4015 2211 4085 quidem,
2234 4016 2515 4071 illustrium
2547 4017 2933 4087 insigniumque
2960 4019 3190 4072 virorum
3221 4018 3271 4071 iu
3301 4035 3404 4071 inc-

1838 4104 1928 4160 dio
1952 4120 2212 4175 apparere
2234 4121 2394 4161 ausus
2413 4117 2492 4161 est
2524 4121 2681 4161 nemo
2699 4149 2716 4174 ,
2752 4107 2847 4161 sed
2875 4106 3120 4176 fugerunt
3144 4122 3332 4162 omnes
3354 4119 3407 4161 et

1840 4206 2215 4253 recesserunt:
2247 4198 2337 4268 qui
2365 4213 2494 4253 vero
2537 4199 2703 4252 Deum
2744 4198 3031 4264 timebant,
3068 4213 3410 4253 commoran-

1843 4298 1923 4344 tes
1948 4289 2001 4343 in
2030 4289 2384 4354 monasteriis,
2414 4288 2464 4342 hi
2495 4288 2659 4343 multa
2681 4303 2801 4343 cum
2820 4287 3009 4343 fiducia
3046 4299 3406 4352 accurrcntcs,

1838 4380 2015 4435 omnia
2040 4381 2349 4435 solverunt:
2375 4388 2429 4434 et
2454 4388 2655 4434 tantum
2677 4378 2843 4434 abfuit
2863 4388 2921 4433 ut
2956 4379 3246 4433 accidentia
3277 4379 3412 4431 mala

1839 4480 1896 4526 et
1933 4479 2254 4543 exspectata
2291 4470 2733 4529 comminationes
2786 4469 2932 4540 ipsos
2963 4478 3223 4524 terrerent
3266 4478 3315 4524 et
3361 4470 3414 4525 in

1840 4564 2163 4619 anxietatem
2194 4562 2472 4633 injicerent
2493 4603 2509 4624 ,
2541 4570 2599 4616 ut
2622 4561 2777 4632 longe
2796 4577 2825 4616 a
2849 4562 3148 4617 calamitate
3169 4561 3416 4615 sedentes

1838 4665 1894 4712 et
1912 4655 2043 4711 nihil
2061 4653 2314 4710 habentes
2339 4667 2640 4716 commune,
2669 4663 2858 4723 sponte
2884 4653 3085 4722 seipsOs
3108 4654 3157 4710 in
3183 4653 3413 4708 medium

1840 4746 2113 4800 mitterent
2153 4743 2487 4808 incendium,
2529 4751 2585 4798 et
2608 4757 2795 4798 omnes
2840 4743 3147 4812 eriperent:
3178 4753 3233 4797 et
3273 4745 3414 4813 quod

1840 4836 2086 4892 omnibus
2104 4834 2339 4890 terribile
2365 4841 2424 4889 et
2452 4833 2776 4889 horrendum
2799 4848 2920 4889 esse
2937 4834 3159 4902 videtur,
3187 4846 3415 4890 mortem

1841 4928 1940 4997 ipsi
1968 4941 2090 4981 cum
2107 4924 2251 4979 omni
2291 4925 2562 4979 alacritate
2587 4934 3047 4994 exspectaverunt,
3074 4934 3129 4979 et
3156 4941 3274 4981 cum
3303 4943 3416 4980 ma-

1835 5018 1940 5087 jori
1967 5017 2034 5071 ad
2062 5031 2181 5073 eam
2210 5017 2477 5085 voluptate
2507 5025 2890 5080 cucurrerunt,
2926 5032 3083 5086 quam
3135 5017 3199 5071 ad
3245 5020 3412 5085 magi-

1842 5118 2044 5163 stratus
2081 5107 2169 5161 alii
2206 5114 2261 5161 et
2299 5106 2551 5161 honores.
2586 5105 2787 5160 Norant
2821 5107 2984 5170 enim,
3017 5122 3265 5176 magnum
3293 5122 3414 5161 esse

1842 5201 1982 5255 hunc
2007 5200 2367 5270 magistratum
2392 5209 2445 5252 et
2460 5200 2734 5263 honorem,
2761 5206 2815 5252 et
2836 5214 2929 5267 per
2946 5198 3056 5267 ipsa
3075 5200 3411 5255 domOnstra-

1840 5300 1965 5346 runt
1991 5304 2173 5362 opera,
2204 5290 2344 5361 quod
2384 5290 2470 5345 hic
2506 5289 2650 5345 solus
2690 5298 2773 5343 est
2812 5289 3014 5351 beatus,
3056 5290 3143 5360 qui
3177 5289 3411 5359 philoso-

1841 5383 2019 5453 phiam
2044 5381 2396 5452 apprehendit
2422 5396 2487 5435 ex
2507 5395 2737 5444 sursum,
2762 5389 2819 5436 et
2845 5382 3188 5435 mutationem
3210 5382 3407 5435 nullam

1841 5474 2082 5543 suscipit,
2110 5488 2210 5528 nec
2235 5474 2394 5527 ullam
2425 5472 2648 5526 sustinet
2670 5470 3040 5526 adversitatem
3062 5512 3077 5533 ,
3112 5470 3204 5525 sed
3234 5470 3405 5524 contio

1840 5580 1944 5620 nua
1977 5564 2352 5633 tranquillitate
2383 5562 2592 5626 fruitur,
2621 5570 2674 5615 et
2698 5561 2872 5615 omnia
2909 5560 3134 5626 deridet,
3174 5576 3294 5629 qua:
3325 5561 3407 5613 vi.

1840 5659 2032 5715 dentur
2058 5672 2174 5713 esse
2202 5655 2389 5711 tristia.
2412 5654 2561 5710 Nunc
2587 5655 2724 5709 enim
2746 5653 2832 5723 qui
2859 5661 2979 5708 sunt
3007 5653 3058 5705 in
3089 5653 3270 5720 primis
3297 5669 3404 5710 mav

3049 5744 3133 5805 12'
