  <div class='ocr_page' id='page_1' title='image "/cluster/home/n/w/nwhite01/storage/ocr_20150623/49/mdp.39015028539461/191.png"; bbox 0 0 3920 6224; ppageno 0'>
   <div class='ocr_carea' id='block_1_1' title="bbox 546 315 644 371">
    <p class='ocr_par' dir='ltr' id='par_1_1' title="bbox 546 315 644 371">
     <span class='ocr_line' id='line_1_1' title="bbox 546 315 644 371; baseline -0.01 0"><span class='ocrx_word' id='word_1_1' title='bbox 546 315 644 371; x_wconf 81' lang='grc'><strong>187</strong></span> 
     </span>
    </p>
   </div>
   <div class='ocr_carea' id='block_1_2' title="bbox 541 422 2114 499">
    <p class='ocr_par' dir='ltr' id='par_1_2' title="bbox 541 422 2114 499">
     <span class='ocr_line' id='line_1_2' title="bbox 541 422 2114 499; baseline -0.007 -15"><span class='ocrx_word' id='word_1_2' title='bbox 541 429 847 499; x_wconf 85' lang='lat' dir='ltr'><strong>gistratibus</strong></span> <span class='ocrx_word' id='word_1_3' title='bbox 867 469 881 496; x_wconf 88' lang='lat'><strong>,</strong></span> <span class='ocrx_word' id='word_1_4' title='bbox 914 427 1121 482; x_wconf 86' lang='lat' dir='ltr'><strong>tristitia</strong></span> <span class='ocrx_word' id='word_1_5' title='bbox 1165 426 1329 479; x_wconf 88' lang='lat' dir='ltr'><strong>multa</strong></span> <span class='ocrx_word' id='word_1_6' title='bbox 1359 433 1625 487; x_wconf 87' lang='lat' dir='ltr'><strong>tenentur,</strong></span> <span class='ocrx_word' id='word_1_7' title='bbox 1669 438 1936 481; x_wconf 85' lang='lat' dir='ltr'><strong>carcerem</strong></span> <span class='ocrx_word' id='word_1_8' title='bbox 1963 422 2114 475; x_wconf 91' lang='lat' dir='ltr'><strong>habi-</strong></span> 
     </span>
    </p>
   </div>
   <div class='ocr_carea' id='block_1_3' title="bbox 547 516 2113 588">
    <p class='ocr_par' dir='ltr' id='par_1_3' title="bbox 547 516 2113 588">
     <span class='ocr_line' id='line_1_3' title="bbox 547 516 2113 588; baseline -0.003 -15"><span class='ocrx_word' id='word_1_9' title='bbox 547 532 737 588; x_wconf 90' lang='lat' dir='ltr'><strong>tantes,</strong></span> <span class='ocrx_word' id='word_1_10' title='bbox 765 521 967 576; x_wconf 76' lang='lat' dir='ltr'><strong>catenis</strong></span> <span class='ocrx_word' id='word_1_11' title='bbox 996 518 1255 583; x_wconf 86' lang='lat' dir='ltr'><strong>obstricti,</strong></span> <span class='ocrx_word' id='word_1_12' title='bbox 1283 517 1516 587; x_wconf 79' lang='lat' dir='ltr'><strong>quotidie</strong></span> <span class='ocrx_word' id='word_1_13' title='bbox 1545 516 1677 570; x_wconf 92' lang='lat' dir='ltr'><strong>mori</strong></span> <span class='ocrx_word' id='word_1_14' title='bbox 1709 525 2113 587; x_wconf 76' lang='lat' dir='ltr'><strong>exspecmntes;</strong></span> 
     </span>
    </p>
   </div>
   <div class='ocr_carea' id='block_1_4' title="bbox 543 606 2118 679">
    <p class='ocr_par' dir='ltr' id='par_1_4' title="bbox 543 606 2118 679">
     <span class='ocr_line' id='line_1_4' title="bbox 543 606 2118 679; baseline -0.002 -15"><span class='ocrx_word' id='word_1_15' title='bbox 543 611 748 666; x_wconf 84' lang='lat' dir='ltr'><strong>hivero</strong></span> <span class='ocrx_word' id='word_1_16' title='bbox 794 610 1071 679; x_wconf 89' lang='lat' dir='ltr'><strong>purissima</strong></span> <span class='ocrx_word' id='word_1_17' title='bbox 1100 607 1344 661; x_wconf 87' lang='lat' dir='ltr'><strong>fruuntur</strong></span> <span class='ocrx_word' id='word_1_18' title='bbox 1389 609 1676 677; x_wconf 86' lang='lat' dir='ltr'><strong>voluptate,</strong></span> <span class='ocrx_word' id='word_1_19' title='bbox 1716 608 1872 662; x_wconf 91' lang='lat' dir='ltr'><strong>etiam</strong></span> <span class='ocrx_word' id='word_1_20' title='bbox 1904 606 1947 661; x_wconf 93' lang='lat' dir='ltr'><strong>si</strong></span> <span class='ocrx_word' id='word_1_21' title='bbox 1993 606 2118 675; x_wconf 90' lang='lat' dir='ltr'><strong>quid</strong></span> 
     </span>
    </p>
   </div>
   <div class='ocr_carea' id='block_1_5' title="bbox 547 698 2118 771">
    <p class='ocr_par' dir='ltr' id='par_1_5' title="bbox 547 698 2118 771">
     <span class='ocr_line' id='line_1_5' title="bbox 547 698 2118 771; baseline -0.003 -16"><span class='ocrx_word' id='word_1_22' title='bbox 547 717 704 771; x_wconf 85' lang='lat' dir='ltr'><strong>grave</strong></span> <span class='ocrx_word' id='word_1_23' title='bbox 737 702 841 770; x_wconf 90' lang='lat' dir='ltr'><strong>pati</strong></span> <span class='ocrx_word' id='word_1_24' title='bbox 867 699 1070 754; x_wconf 89' lang='lat' dir='ltr'><strong>accidat</strong></span> <span class='ocrx_word' id='word_1_25' title='bbox 1103 718 1115 751; x_wconf 91' lang='lat'><strong>:</strong></span> <span class='ocrx_word' id='word_1_26' title='bbox 1149 708 1333 768; x_wconf 68' lang='lat' dir='ltr'><strong>etquae</strong></span> <span class='ocrx_word' id='word_1_27' title='bbox 1360 699 1475 752; x_wconf 90' lang='lat' dir='ltr'><strong>aliis</strong></span> <span class='ocrx_word' id='word_1_28' title='bbox 1504 698 1751 753; x_wconf 89' lang='lat' dir='ltr'><strong>terribilia</strong></span> <span class='ocrx_word' id='word_1_29' title='bbox 1783 714 1901 752; x_wconf 91' lang='lat' dir='ltr'><strong>esse</strong></span> <span class='ocrx_word' id='word_1_30' title='bbox 1927 698 2118 752; x_wconf 86' lang='lat' dir='ltr'><strong>viden-</strong></span> 
     </span>
    </p>
   </div>
   <div class='ocr_carea' id='block_1_6' title="bbox 552 788 2118 859">
    <p class='ocr_par' dir='ltr' id='par_1_6' title="bbox 552 788 2118 859">
     <span class='ocr_line' id='line_1_6' title="bbox 552 788 2118 859; baseline -0.004 -13"><span class='ocrx_word' id='word_1_31' title='bbox 552 802 672 857; x_wconf 88' lang='lat' dir='ltr'><strong>tur,</strong></span> <span class='ocrx_word' id='word_1_32' title='bbox 715 792 828 844; x_wconf 74' lang='lat' dir='ltr'><strong>hace</strong></span> <span class='ocrx_word' id='word_1_33' title='bbox 876 790 1004 859; x_wconf 89' lang='lat' dir='ltr'><strong>ipsis</strong></span> <span class='ocrx_word' id='word_1_34' title='bbox 1039 797 1162 843; x_wconf 92' lang='lat' dir='ltr'><strong>sunt</strong></span> <span class='ocrx_word' id='word_1_35' title='bbox 1198 788 1605 843; x_wconf 88' lang='lat' dir='ltr'><strong>desiderabilia:</strong></span> <span class='ocrx_word' id='word_1_36' title='bbox 1636 800 1829 842; x_wconf 88' lang='lat' dir='ltr'><strong>norunt</strong></span> <span class='ocrx_word' id='word_1_37' title='bbox 1874 788 2014 843; x_wconf 88' lang='lat' dir='ltr'><strong>enim</strong></span> <span class='ocrx_word' id='word_1_38' title='bbox 2055 789 2118 841; x_wconf 90' lang='lat' dir='ltr'><strong>ad</strong></span> 
     </span>
    </p>
   </div>
   <div class='ocr_carea' id='block_1_7' title="bbox 552 877 2118 950">
    <p class='ocr_par' dir='ltr' id='par_1_7' title="bbox 552 877 2118 950">
     <span class='ocr_line' id='line_1_7' title="bbox 552 877 2118 950; baseline -0.001 -17"><span class='ocrx_word' id='word_1_39' title='bbox 552 880 676 950; x_wconf 89' lang='lat' dir='ltr'><strong>quid</strong></span> <span class='ocrx_word' id='word_1_40' title='bbox 705 887 944 940; x_wconf 88' lang='lat' dir='ltr'><strong>currunt,</strong></span> <span class='ocrx_word' id='word_1_41' title='bbox 977 888 1031 933; x_wconf 93' lang='lat' dir='ltr'><strong>et</strong></span> <span class='ocrx_word' id='word_1_42' title='bbox 1059 880 1177 947; x_wconf 85' lang='lat' dir='ltr'><strong>quis</strong></span> <span class='ocrx_word' id='word_1_43' title='bbox 1203 878 1341 944; x_wconf 90' lang='lat' dir='ltr'><strong>linis,</strong></span> <span class='ocrx_word' id='word_1_44' title='bbox 1386 888 1662 948; x_wconf 85' lang='lat' dir='ltr'><strong>postquam</strong></span> <span class='ocrx_word' id='word_1_45' title='bbox 1708 877 1830 932; x_wconf 91' lang='lat' dir='ltr'><strong>hinc</strong></span> <span class='ocrx_word' id='word_1_46' title='bbox 1856 879 2118 932; x_wconf 85' lang='lat' dir='ltr'><strong>discesse-</strong></span> 
     </span>
    </p>
   </div>
   <div class='ocr_carea' id='block_1_8' title="bbox 552 962 2123 1039">
    <p class='ocr_par' dir='ltr' id='par_1_8' title="bbox 552 962 2123 1039">
     <span class='ocr_line' id='line_1_8' title="bbox 552 962 2123 1039; baseline 0.001 -15"><span class='ocrx_word' id='word_1_47' title='bbox 552 975 676 1038; x_wconf 86' lang='lat' dir='ltr'><strong>rint,</strong></span> <span class='ocrx_word' id='word_1_48' title='bbox 731 973 981 1039; x_wconf 77' lang='lat' dir='ltr'><strong>suscipiet</strong></span> <span class='ocrx_word' id='word_1_49' title='bbox 1016 989 1028 1026; x_wconf 91' lang='lat'>:</span> <span class='ocrx_word' id='word_1_50' title='bbox 1062 978 1116 1023; x_wconf 86' lang='lat' dir='ltr'><strong>et</strong></span> <span class='ocrx_word' id='word_1_51' title='bbox 1162 986 1279 1024; x_wconf 90' lang='lat' dir='ltr'><strong>cum</strong></span> <span class='ocrx_word' id='word_1_52' title='bbox 1332 962 1477 1024; x_wconf 85' lang='lat' dir='ltr'><strong>tanto</strong></span> <span class='ocrx_word' id='word_1_53' title='bbox 1526 972 1760 1025; x_wconf 77' lang='lat' dir='ltr'><strong>viventes</strong></span> <span class='ocrx_word' id='word_1_54' title='bbox 1813 972 2021 1036; x_wconf 90' lang='lat' dir='ltr'><strong>studio,</strong></span> <span class='ocrx_word' id='word_1_55' title='bbox 2068 981 2123 1027; x_wconf 91' lang='lat' dir='ltr'><strong>et</strong></span> 
     </span>
    </p>
   </div>
   <div class='ocr_carea' id='block_1_9' title="bbox 552 1063 2124 1131">
    <p class='ocr_par' dir='ltr' id='par_1_9' title="bbox 552 1063 2124 1131">
     <span class='ocr_line' id='line_1_9' title="bbox 552 1063 2124 1131; baseline 0.002 -15"><span class='ocrx_word' id='word_1_56' title='bbox 552 1073 774 1116; x_wconf 85' lang='lat' dir='ltr'><strong>mortem</strong></span> <span class='ocrx_word' id='word_1_57' title='bbox 804 1063 1125 1129; x_wconf 88' lang='lat' dir='ltr'><strong>deridentes,</strong></span> <span class='ocrx_word' id='word_1_58' title='bbox 1153 1079 1246 1131; x_wconf 87' lang='lat' dir='ltr'><strong>pro</strong></span> <span class='ocrx_word' id='word_1_59' title='bbox 1271 1064 1389 1116; x_wconf 90' lang='lat' dir='ltr'><strong>aliis</strong></span> <span class='ocrx_word' id='word_1_60' title='bbox 1413 1073 1585 1118; x_wconf 89' lang='lat' dir='ltr'><strong>tamen</strong></span> <span class='ocrx_word' id='word_1_61' title='bbox 1610 1063 1791 1118; x_wconf 89' lang='lat' dir='ltr'><strong>dolent</strong></span> <span class='ocrx_word' id='word_1_62' title='bbox 1810 1107 1824 1128; x_wconf 96' lang='lat'><strong>,</strong></span> <span class='ocrx_word' id='word_1_63' title='bbox 1851 1072 1904 1118; x_wconf 85' lang='lat' dir='ltr'><strong>et</strong></span> <span class='ocrx_word' id='word_1_64' title='bbox 1928 1081 1992 1118; x_wconf 77' lang='lat' dir='ltr'><strong>ex</strong></span> <span class='ocrx_word' id='word_1_65' title='bbox 2025 1067 2124 1119; x_wconf 86' lang='lat' dir='ltr'><strong>hoc</strong></span> 
     </span>
    </p>
   </div>
   <div class='ocr_carea' id='block_1_10' title="bbox 553 1154 2123 1225">
    <p class='ocr_par' dir='ltr' id='par_1_10' title="bbox 553 1154 2123 1225">
     <span class='ocr_line' id='line_1_10' title="bbox 553 1154 2123 1225; baseline 0.001 -18"><span class='ocrx_word' id='word_1_66' title='bbox 553 1154 786 1207; x_wconf 74' lang='lat' dir='ltr'><strong>vicissim</strong></span> <span class='ocrx_word' id='word_1_67' title='bbox 817 1169 1059 1222; x_wconf 79' lang='lat' dir='ltr'><strong>magnam</strong></span> <span class='ocrx_word' id='word_1_68' title='bbox 1092 1154 1304 1221; x_wconf 86' lang='lat' dir='ltr'><strong>capiunt</strong></span> <span class='ocrx_word' id='word_1_69' title='bbox 1342 1156 1644 1208; x_wconf 82' lang='lat' dir='ltr'><strong>utilitatem.</strong></span> <span class='ocrx_word' id='word_1_70' title='bbox 1682 1155 1996 1209; x_wconf 85' lang='lat' dir='ltr'><strong>Studeamus</strong></span> <span class='ocrx_word' id='word_1_71' title='bbox 2025 1157 2123 1225; x_wconf 90' lang='lat' dir='ltr'><strong>igi-</strong></span> 
     </span>
    </p>
   </div>
   <div class='ocr_carea' id='block_1_11' title="bbox 556 1243 2122 1315">
    <p class='ocr_par' dir='ltr' id='par_1_11' title="bbox 556 1243 2122 1315">
     <span class='ocr_line' id='line_1_11' title="bbox 556 1243 2122 1315; baseline 0.003 -19"><span class='ocrx_word' id='word_1_72' title='bbox 556 1256 639 1297; x_wconf 87' lang='lat' dir='ltr'><strong>tttr</strong></span> <span class='ocrx_word' id='word_1_73' title='bbox 664 1245 853 1297; x_wconf 72' lang='lat' dir='ltr'><strong>anima:</strong></span> <span class='ocrx_word' id='word_1_74' title='bbox 884 1254 1077 1297; x_wconf 72' lang='lat' dir='ltr'><strong>nostra:</strong></span> <span class='ocrx_word' id='word_1_75' title='bbox 1105 1259 1283 1297; x_wconf 82' lang='lat' dir='ltr'><strong>curant</strong></span> <span class='ocrx_word' id='word_1_76' title='bbox 1312 1243 1526 1307; x_wconf 83' lang='lat' dir='ltr'><strong>habere,</strong></span> <span class='ocrx_word' id='word_1_77' title='bbox 1558 1254 1611 1298; x_wconf 88' lang='lat' dir='ltr'><strong>et</strong></span> <span class='ocrx_word' id='word_1_78' title='bbox 1646 1246 2122 1315; x_wconf 81' lang='lat' dir='ltr'><strong>incxspectatorum</strong></span> 
     </span>
    </p>
   </div>
   <div class='ocr_carea' id='block_1_12' title="bbox 555 1333 2123 1403">
    <p class='ocr_par' dir='ltr' id='par_1_12' title="bbox 555 1333 2123 1403">
     <span class='ocr_line' id='line_1_12' title="bbox 555 1333 2123 1403; baseline 0.001 -16"><span class='ocrx_word' id='word_1_79' title='bbox 555 1334 683 1387; x_wconf 81' lang='lat' dir='ltr'><strong>nihil</strong></span> <span class='ocrx_word' id='word_1_80' title='bbox 716 1350 811 1386; x_wconf 84' lang='lat' dir='ltr'><strong>nos</strong></span> <span class='ocrx_word' id='word_1_81' title='bbox 847 1333 1036 1401; x_wconf 86' lang='lat' dir='ltr'><strong>poterit</strong></span> <span class='ocrx_word' id='word_1_82' title='bbox 1067 1334 1411 1398; x_wconf 84' lang='lat' dir='ltr'><strong>contristare;</strong></span> <span class='ocrx_word' id='word_1_83' title='bbox 1444 1343 1494 1387; x_wconf 92' lang='lat' dir='ltr'><strong>et</strong></span> <span class='ocrx_word' id='word_1_84' title='bbox 1523 1350 1618 1403; x_wconf 88' lang='lat' dir='ltr'><strong>pro</strong></span> <span class='ocrx_word' id='word_1_85' title='bbox 1644 1337 1928 1389; x_wconf 87' lang='lat' dir='ltr'><strong>carceratis</strong></span> <span class='ocrx_word' id='word_1_86' title='bbox 1962 1337 2123 1389; x_wconf 89' lang='lat' dir='ltr'><strong>Deum</strong></span> 
     </span>
    </p>
   </div>
   <div class='ocr_carea' id='block_1_13' title="bbox 556 1424 2122 1495">
    <p class='ocr_par' dir='ltr' id='par_1_13' title="bbox 556 1424 2122 1495">
     <span class='ocr_line' id='line_1_13' title="bbox 556 1424 2122 1495; baseline 0.003 -18"><span class='ocrx_word' id='word_1_87' title='bbox 556 1441 797 1489; x_wconf 89' lang='lat' dir='ltr'><strong>oremus,</strong></span> <span class='ocrx_word' id='word_1_88' title='bbox 824 1436 879 1478; x_wconf 92' lang='lat' dir='ltr'><strong>ut</strong></span> <span class='ocrx_word' id='word_1_89' title='bbox 905 1439 997 1479; x_wconf 90' lang='lat' dir='ltr'><strong>eos</strong></span> <span class='ocrx_word' id='word_1_90' title='bbox 1028 1424 1094 1478; x_wconf 87' lang='lat' dir='ltr'><strong>ab</strong></span> <span class='ocrx_word' id='word_1_91' title='bbox 1120 1426 1411 1479; x_wconf 88' lang='lat' dir='ltr'><strong>imminenti</strong></span> <span class='ocrx_word' id='word_1_92' title='bbox 1444 1427 1569 1495; x_wconf 83' lang='lat' dir='ltr'><strong>ipsis</strong></span> <span class='ocrx_word' id='word_1_93' title='bbox 1598 1426 1783 1481; x_wconf 82' lang='lat' dir='ltr'><strong>liberet</strong></span> <span class='ocrx_word' id='word_1_94' title='bbox 1804 1426 2122 1481; x_wconf 79' lang='lat' dir='ltr'><strong>calamitate.</strong></span> 
     </span>
    </p>
   </div>
   <div class='ocr_carea' id='block_1_14' title="bbox 558 1517 2125 1586">
    <p class='ocr_par' dir='ltr' id='par_1_14' title="bbox 558 1517 2125 1586">
     <span class='ocr_line' id='line_1_14' title="bbox 558 1517 2125 1586; baseline 0.001 -15"><span class='ocrx_word' id='word_1_95' title='bbox 558 1518 771 1572; x_wconf 78' lang='lat' dir='ltr'><strong>Poterat</strong></span> <span class='ocrx_word' id='word_1_96' title='bbox 817 1532 1007 1586; x_wconf 88' lang='lat' dir='ltr'><strong>nempe</strong></span> <span class='ocrx_word' id='word_1_97' title='bbox 1053 1526 1219 1571; x_wconf 89' lang='lat' dir='ltr'><strong>totum</strong></span> <span class='ocrx_word' id='word_1_98' title='bbox 1246 1519 1400 1571; x_wconf 91' lang='lat' dir='ltr'><strong>simul</strong></span> <span class='ocrx_word' id='word_1_99' title='bbox 1450 1517 1654 1571; x_wconf 88' lang='lat' dir='ltr'><strong>solvere</strong></span> <span class='ocrx_word' id='word_1_100' title='bbox 1702 1519 1917 1584; x_wconf 81' lang='lat' dir='ltr'><strong>malum,</strong></span> <span class='ocrx_word' id='word_1_101' title='bbox 1964 1529 2016 1572; x_wconf 85' lang='lat' dir='ltr'><strong>et</strong></span> <span class='ocrx_word' id='word_1_102' title='bbox 2059 1535 2125 1573; x_wconf 91' lang='lat' dir='ltr'><strong>ne</strong></span> 
     </span>
    </p>
   </div>
   <div class='ocr_carea' id='block_1_15' title="bbox 560 1608 2124 1678">
    <p class='ocr_par' dir='ltr' id='par_1_15' title="bbox 560 1608 2124 1678">
     <span class='ocr_line' id='line_1_15' title="bbox 560 1608 2124 1678; baseline 0.001 -17"><span class='ocrx_word' id='word_1_103' title='bbox 560 1619 743 1663; x_wconf 89' lang='lat' dir='ltr'><strong>tenues</strong></span> <span class='ocrx_word' id='word_1_104' title='bbox 768 1608 977 1677; x_wconf 90' lang='lat' dir='ltr'><strong>quidem</strong></span> <span class='ocrx_word' id='word_1_105' title='bbox 1009 1608 1275 1663; x_wconf 86' lang='lat' dir='ltr'><strong>dimittere</strong></span> <span class='ocrx_word' id='word_1_106' title='bbox 1316 1610 1597 1678; x_wconf 79' lang='lat' dir='ltr'><strong>reliquias;</strong></span> <span class='ocrx_word' id='word_1_107' title='bbox 1641 1609 1731 1663; x_wconf 89' lang='lat' dir='ltr'><strong>sed</strong></span> <span class='ocrx_word' id='word_1_108' title='bbox 1764 1627 1828 1663; x_wconf 91' lang='lat' dir='ltr'><strong>ne</strong></span> <span class='ocrx_word' id='word_1_109' title='bbox 1855 1626 2036 1663; x_wconf 89' lang='lat' dir='ltr'><strong>rursus</strong></span> <span class='ocrx_word' id='word_1_110' title='bbox 2061 1610 2124 1664; x_wconf 91' lang='lat' dir='ltr'><strong>ad</strong></span> 
     </span>
    </p>
   </div>
   <div class='ocr_carea' id='block_1_16' title="bbox 559 1699 2124 1770">
    <p class='ocr_par' dir='ltr' id='par_1_16' title="bbox 559 1699 2124 1770">
     <span class='ocr_line' id='line_1_16' title="bbox 559 1699 2124 1770; baseline 0.003 -23"><span class='ocrx_word' id='word_1_111' title='bbox 559 1700 785 1765; x_wconf 90' lang='lat' dir='ltr'><strong>priorem</strong></span> <span class='ocrx_word' id='word_1_112' title='bbox 831 1706 1157 1750; x_wconf 86' lang='lat' dir='ltr'><strong>revertamur</strong></span> <span class='ocrx_word' id='word_1_113' title='bbox 1203 1707 1505 1766; x_wconf 79' lang='lat' dir='ltr'><strong>torporem,</strong></span> <span class='ocrx_word' id='word_1_114' title='bbox 1541 1699 1736 1751; x_wconf 76' lang='lat' dir='ltr'><strong>sensim</strong></span> <span class='ocrx_word' id='word_1_115' title='bbox 1778 1707 1830 1753; x_wconf 88' lang='lat' dir='ltr'><strong>et</strong></span> <span class='ocrx_word' id='word_1_116' title='bbox 1873 1700 2124 1770; x_wconf 79' lang='lat' dir='ltr'><strong>paulatim</strong></span> 
     </span>
    </p>
   </div>
   <div class='ocr_carea' id='block_1_17' title="bbox 564 1787 2131 1855">
    <p class='ocr_par' dir='ltr' id='par_1_17' title="bbox 564 1787 2131 1855">
     <span class='ocr_line' id='line_1_17' title="bbox 564 1787 2131 1855; baseline 0.003 -17"><span class='ocrx_word' id='word_1_117' title='bbox 564 1788 749 1839; x_wconf 89' lang='lat' dir='ltr'><strong>hormu</strong></span> <span class='ocrx_word' id='word_1_118' title='bbox 791 1795 1080 1840; x_wconf 86' lang='lat' dir='ltr'><strong>torrentem</strong></span> <span class='ocrx_word' id='word_1_119' title='bbox 1121 1787 1377 1839; x_wconf 87' lang='lat' dir='ltr'><strong>malorum</strong></span> <span class='ocrx_word' id='word_1_120' title='bbox 1409 1788 1673 1841; x_wconf 83' lang='lat' dir='ltr'><strong>remittere</strong></span> <span class='ocrx_word' id='word_1_121' title='bbox 1701 1791 1928 1855; x_wconf 88' lang='lat' dir='ltr'><strong>curavit,</strong></span> <span class='ocrx_word' id='word_1_122' title='bbox 1961 1790 2013 1843; x_wconf 90' lang='lat' dir='ltr'><strong>iu</strong></span> <span class='ocrx_word' id='word_1_123' title='bbox 2041 1805 2131 1843; x_wconf 89' lang='lat' dir='ltr'><strong>ea-</strong></span> 
     </span>
    </p>
   </div>
   <div class='ocr_carea' id='block_1_18' title="bbox 560 1876 2122 1946">
    <p class='ocr_par' dir='ltr' id='par_1_18' title="bbox 560 1876 2122 1946">
     <span class='ocr_line' id='line_1_18' title="bbox 560 1876 2122 1946; baseline 0.004 -20"><span class='ocrx_word' id='word_1_124' title='bbox 560 1876 680 1928; x_wconf 80' lang='lat' dir='ltr'><strong>tlem</strong></span> <span class='ocrx_word' id='word_1_125' title='bbox 725 1891 821 1929; x_wconf 88' lang='lat' dir='ltr'><strong>nos</strong></span> <span class='ocrx_word' id='word_1_126' title='bbox 862 1878 1091 1930; x_wconf 86' lang='lat' dir='ltr'><strong>retinens</strong></span> <span class='ocrx_word' id='word_1_127' title='bbox 1136 1878 1348 1945; x_wconf 87' lang='lat' dir='ltr'><strong>pietate.</strong></span> <span class='ocrx_word' id='word_1_128' title='bbox 1404 1877 1463 1930; x_wconf 80' lang='lat' dir='ltr'><strong>Et</strong></span> <span class='ocrx_word' id='word_1_129' title='bbox 1494 1879 1631 1946; x_wconf 88' lang='lat' dir='ltr'><strong>quod</strong></span> <span class='ocrx_word' id='word_1_130' title='bbox 1659 1879 1759 1932; x_wconf 91' lang='lat' dir='ltr'><strong>hoc</strong></span> <span class='ocrx_word' id='word_1_131' title='bbox 1801 1880 1870 1932; x_wconf 90' lang='lat' dir='ltr'><strong>sit</strong></span> <span class='ocrx_word' id='word_1_132' title='bbox 1916 1895 2122 1945; x_wconf 87' lang='lat' dir='ltr'><strong>verum,</strong></span> 
     </span>
    </p>
   </div>
   <div class='ocr_carea' id='block_1_19' title="bbox 560 1952 2127 2039">
    <p class='ocr_par' dir='ltr' id='par_1_19' title="bbox 560 1952 2127 2039">
     <span class='ocr_line' id='line_1_19' title="bbox 560 1952 2127 2039; baseline 0.005 -22"><span class='ocrx_word' id='word_1_133' title='bbox 560 1967 803 2036; x_wconf 80' lang='lat' dir='ltr'><strong>quodque</strong></span> <span class='ocrx_word' id='word_1_134' title='bbox 854 1968 1001 2021; x_wconf 88' lang='lat' dir='ltr'><strong>multi</strong></span> <span class='ocrx_word' id='word_1_135' title='bbox 1044 1968 1109 2020; x_wconf 89' lang='lat' dir='ltr'><strong>ad</strong></span> <span class='ocrx_word' id='word_1_136' title='bbox 1143 1969 1370 2037; x_wconf 88' lang='lat' dir='ltr'><strong>priorem</strong></span> <span class='ocrx_word' id='word_1_137' title='bbox 1426 1952 1704 2023; x_wconf 69' lang='lat' dir='ltr'><strong>re‘diisscnt</strong></span> <span class='ocrx_word' id='word_1_138' title='bbox 1755 1980 2039 2039; x_wconf 87' lang='lat' dir='ltr'><strong>torporem,</strong></span> <span class='ocrx_word' id='word_1_139' title='bbox 2083 1971 2127 2025; x_wconf 89' lang='lat' dir='ltr'><strong>si</strong></span> 
     </span>
    </p>
   </div>
   <div class='ocr_carea' id='block_1_20' title="bbox 563 2058 2124 2123">
    <p class='ocr_par' dir='ltr' id='par_1_20' title="bbox 563 2058 2124 2123">
     <span class='ocr_line' id='line_1_20' title="bbox 563 2058 2124 2123; baseline 0.005 -14"><span class='ocrx_word' id='word_1_140' title='bbox 563 2058 708 2114; x_wconf 86' lang='lat' dir='ltr'><strong>brevi</strong></span> <span class='ocrx_word' id='word_1_141' title='bbox 754 2067 940 2111; x_wconf 79' lang='lat' dir='ltr'><strong>cuneta</strong></span> <span class='ocrx_word' id='word_1_142' title='bbox 967 2059 1135 2112; x_wconf 88' lang='lat' dir='ltr'><strong>soluta</strong></span> <span class='ocrx_word' id='word_1_143' title='bbox 1177 2058 1435 2123; x_wconf 67' lang='lat' dir='ltr'><strong>ﬁnissent,</strong></span> <span class='ocrx_word' id='word_1_144' title='bbox 1481 2060 1602 2114; x_wconf 89' lang='lat' dir='ltr'><strong>inde</strong></span> <span class='ocrx_word' id='word_1_145' title='bbox 1642 2061 1976 2115; x_wconf 85' lang='lat' dir='ltr'><strong>manifestum</strong></span> <span class='ocrx_word' id='word_1_146' title='bbox 2007 2072 2124 2117; x_wconf 89' lang='lat' dir='ltr'><strong>est:</strong></span> 
     </span>
    </p>
   </div>
   <div class='ocr_carea' id='block_1_21' title="bbox 563 2148 2128 2218">
    <p class='ocr_par' dir='ltr' id='par_1_21' title="bbox 563 2148 2128 2218">
     <span class='ocr_line' id='line_1_21' title="bbox 563 2148 2128 2218; baseline 0.003 -18"><span class='ocrx_word' id='word_1_147' title='bbox 563 2148 735 2200; x_wconf 86' lang='lat' dir='ltr'><strong>adhuc</strong></span> <span class='ocrx_word' id='word_1_148' title='bbox 777 2150 1090 2202; x_wconf 84' lang='lat' dir='ltr'><strong>calamitatis</strong></span> <span class='ocrx_word' id='word_1_149' title='bbox 1133 2149 1368 2218; x_wconf 61' lang='lat' dir='ltr'><strong>reliquiae</strong></span> <span class='ocrx_word' id='word_1_150' title='bbox 1400 2161 1704 2216; x_wconf 89' lang='lat' dir='ltr'><strong>remanent,</strong></span> <span class='ocrx_word' id='word_1_151' title='bbox 1743 2161 1795 2205; x_wconf 91' lang='lat' dir='ltr'><strong>et</strong></span> <span class='ocrx_word' id='word_1_152' title='bbox 1822 2152 1995 2206; x_wconf 88' lang='lat' dir='ltr'><strong>adhuc</strong></span> <span class='ocrx_word' id='word_1_153' title='bbox 2024 2152 2128 2205; x_wconf 87' lang='lat' dir='ltr'><strong>lm-</strong></span> 
     </span>
    </p>
   </div>
   <div class='ocr_carea' id='block_1_22' title="bbox 564 2237 2126 2310">
    <p class='ocr_par' dir='ltr' id='par_1_22' title="bbox 564 2237 2126 2310">
     <span class='ocr_line' id='line_1_22' title="bbox 564 2237 2126 2310; baseline 0.004 -20"><span class='ocrx_word' id='word_1_154' title='bbox 564 2237 817 2305; x_wconf 78' lang='lat' dir='ltr'><strong>pcratoris</strong></span> <span class='ocrx_word' id='word_1_155' title='bbox 838 2247 917 2291; x_wconf 68' lang='lat' dir='ltr'><strong>Cal</strong></span> <span class='ocrx_word' id='word_1_156' title='bbox 941 2239 1137 2293; x_wconf 88' lang='lat' dir='ltr'><strong>incerta</strong></span> <span class='ocrx_word' id='word_1_157' title='bbox 1166 2240 1447 2304; x_wconf 87' lang='lat' dir='ltr'><strong>sententia,</strong></span> <span class='ocrx_word' id='word_1_158' title='bbox 1471 2250 1524 2294; x_wconf 93' lang='lat' dir='ltr'><strong>et</strong></span> <span class='ocrx_word' id='word_1_159' title='bbox 1544 2256 1730 2295; x_wconf 89' lang='lat' dir='ltr'><strong>omnes</strong></span> <span class='ocrx_word' id='word_1_160' title='bbox 1770 2242 1856 2310; x_wconf 91' lang='lat' dir='ltr'><strong>qui</strong></span> <span class='ocrx_word' id='word_1_161' title='bbox 1899 2243 2126 2296; x_wconf 89' lang='lat' dir='ltr'><strong>civitatis</strong></span> 
     </span>
    </p>
   </div>
   <div class='ocr_carea' id='block_1_23' title="bbox 561 2331 2129 2399">
    <p class='ocr_par' dir='ltr' id='par_1_23' title="bbox 561 2331 2129 2399">
     <span class='ocr_line' id='line_1_23' title="bbox 561 2331 2129 2399; baseline 0.003 -17"><span class='ocrx_word' id='word_1_162' title='bbox 561 2332 771 2399; x_wconf 82' lang='lat' dir='ltr'><strong>negotia</strong></span> <span class='ocrx_word' id='word_1_163' title='bbox 797 2331 1232 2387; x_wconf 80' lang='lat' dir='ltr'><strong>administrabant</strong></span> <span class='ocrx_word' id='word_1_164' title='bbox 1258 2340 1381 2387; x_wconf 89' lang='lat' dir='ltr'><strong>sunt</strong></span> <span class='ocrx_word' id='word_1_165' title='bbox 1407 2334 1457 2386; x_wconf 93' lang='lat' dir='ltr'><strong>in</strong></span> <span class='ocrx_word' id='word_1_166' title='bbox 1494 2333 1747 2399; x_wconf 88' lang='lat' dir='ltr'><strong>vinculis;</strong></span> <span class='ocrx_word' id='word_1_167' title='bbox 1776 2333 1922 2387; x_wconf 89' lang='lat' dir='ltr'><strong>multi</strong></span> <span class='ocrx_word' id='word_1_168' title='bbox 1952 2342 2129 2387; x_wconf 83' lang='lat' dir='ltr'><strong>tamen</strong></span> 
     </span>
    </p>
   </div>
   <div class='ocr_carea' id='block_1_24' title="bbox 561 2424 2130 2495">
    <p class='ocr_par' dir='ltr' id='par_1_24' title="bbox 561 2424 2130 2495">
     <span class='ocr_line' id='line_1_24' title="bbox 561 2424 2130 2495; baseline 0.004 -21"><span class='ocrx_word' id='word_1_169' title='bbox 561 2424 828 2476; x_wconf 82' lang='lat' dir='ltr'><strong>civitatem</strong></span> <span class='ocrx_word' id='word_1_170' title='bbox 857 2424 1126 2479; x_wconf 87' lang='lat' dir='ltr'><strong>nobiseum</strong></span> <span class='ocrx_word' id='word_1_171' title='bbox 1155 2426 1496 2480; x_wconf 86' lang='lat' dir='ltr'><strong>habitantium</strong></span> <span class='ocrx_word' id='word_1_172' title='bbox 1523 2427 1726 2480; x_wconf 85' lang='lat' dir='ltr'><strong>lavandi</strong></span> <span class='ocrx_word' id='word_1_173' title='bbox 1755 2427 2039 2495; x_wconf 81' lang='lat' dir='ltr'><strong>cupiditate</strong></span> <span class='ocrx_word' id='word_1_174' title='bbox 2064 2427 2130 2481; x_wconf 85' lang='lat' dir='ltr'><strong>ad</strong></span> 
     </span>
    </p>
   </div>
   <div class='ocr_carea' id='block_1_25' title="bbox 562 2515 2130 2585">
    <p class='ocr_par' dir='ltr' id='par_1_25' title="bbox 562 2515 2130 2585">
     <span class='ocr_line' id='line_1_25' title="bbox 562 2515 2130 2585; baseline 0.004 -16"><span class='ocrx_word' id='word_1_175' title='bbox 562 2515 777 2570; x_wconf 91' lang='lat' dir='ltr'><strong>ﬂuvium</strong></span> <span class='ocrx_word' id='word_1_176' title='bbox 799 2528 1036 2585; x_wconf 90' lang='lat' dir='ltr'><strong>currunt,</strong></span> <span class='ocrx_word' id='word_1_177' title='bbox 1067 2519 1360 2576; x_wconf 86' lang='lat' dir='ltr'><strong>innumeris</strong></span> <span class='ocrx_word' id='word_1_178' title='bbox 1394 2522 1498 2575; x_wconf 92' lang='lat' dir='ltr'><strong>illic</strong></span> <span class='ocrx_word' id='word_1_179' title='bbox 1522 2537 1580 2577; x_wconf 89' lang='lat' dir='ltr'><strong>se</strong></span> <span class='ocrx_word' id='word_1_180' title='bbox 1600 2523 1850 2576; x_wconf 85' lang='lat' dir='ltr'><strong>conviciis</strong></span> <span class='ocrx_word' id='word_1_181' title='bbox 1880 2524 2130 2576; x_wconf 83' lang='lat' dir='ltr'><strong>morden-</strong></span> 
     </span>
    </p>
   </div>
   <div class='ocr_carea' id='block_1_26' title="bbox 567 2610 2131 2682">
    <p class='ocr_par' dir='ltr' id='par_1_26' title="bbox 567 2610 2131 2682">
     <span class='ocr_line' id='line_1_26' title="bbox 567 2610 2131 2682; baseline 0.003 -21"><span class='ocrx_word' id='word_1_182' title='bbox 567 2620 668 2672; x_wconf 87' lang='lat' dir='ltr'><strong>tes,</strong></span> <span class='ocrx_word' id='word_1_183' title='bbox 697 2610 1046 2677; x_wconf 85' lang='lat' dir='ltr'><strong>luxuriantes,</strong></span> <span class='ocrx_word' id='word_1_184' title='bbox 1080 2611 1432 2679; x_wconf 85' lang='lat' dir='ltr'><strong>lascivientes,</strong></span> <span class='ocrx_word' id='word_1_185' title='bbox 1462 2614 1730 2676; x_wconf 88' lang='lat' dir='ltr'><strong>saltantes,</strong></span> <span class='ocrx_word' id='word_1_186' title='bbox 1767 2615 1988 2669; x_wconf 82' lang='lat' dir='ltr'><strong>feminas</strong></span> <span class='ocrx_word' id='word_1_187' title='bbox 2015 2631 2131 2682; x_wconf 82' lang='lat' dir='ltr'><strong>per-</strong></span> 
     </span>
    </p>
   </div>
   <div class='ocr_carea' id='block_1_27' title="bbox 567 2701 2131 2776">
    <p class='ocr_par' dir='ltr' id='par_1_27' title="bbox 567 2701 2131 2776">
     <span class='ocr_line' id='line_1_27' title="bbox 567 2701 2131 2776; baseline 0.006 -23"><span class='ocrx_word' id='word_1_188' title='bbox 567 2701 853 2754; x_wconf 87' lang='lat' dir='ltr'><strong>trahentes.</strong></span> <span class='ocrx_word' id='word_1_189' title='bbox 896 2701 1007 2767; x_wconf 80' lang='lat' dir='ltr'><strong>Qua</strong></span> <span class='ocrx_word' id='word_1_190' title='bbox 1054 2702 1209 2771; x_wconf 80' lang='lat' dir='ltr'><strong>igitur</strong></span> <span class='ocrx_word' id='word_1_191' title='bbox 1251 2703 1324 2757; x_wconf 89' lang='lat' dir='ltr'><strong>illi</strong></span> <span class='ocrx_word' id='word_1_192' title='bbox 1352 2704 1501 2758; x_wconf 90' lang='lat' dir='ltr'><strong>venia</strong></span> <span class='ocrx_word' id='word_1_193' title='bbox 1548 2704 1732 2775; x_wconf 83' lang='lat' dir='ltr'><strong>digni?</strong></span> <span class='ocrx_word' id='word_1_194' title='bbox 1767 2722 1866 2776; x_wconf 91' lang='lat' dir='ltr'><strong>qua</strong></span> <span class='ocrx_word' id='word_1_195' title='bbox 1910 2722 2131 2761; x_wconf 82' lang='lat' dir='ltr'><strong>excusa-</strong></span> 
     </span>
    </p>
   </div>
   <div class='ocr_carea' id='block_1_28' title="bbox 564 2790 2131 2866">
    <p class='ocr_par' dir='ltr' id='par_1_28' title="bbox 564 2790 2131 2866">
     <span class='ocr_line' id='line_1_28' title="bbox 564 2790 2131 2866; baseline 0.006 -24"><span class='ocrx_word' id='word_1_196' title='bbox 564 2790 748 2844; x_wconf 80' lang='lat' dir='ltr'><strong>tione?</strong></span> <span class='ocrx_word' id='word_1_197' title='bbox 775 2792 880 2843; x_wconf 89' lang='lat' dir='ltr'><strong>imo</strong></span> <span class='ocrx_word' id='word_1_198' title='bbox 900 2806 1028 2845; x_wconf 87' lang='lat' dir='ltr'><strong>vero</strong></span> <span class='ocrx_word' id='word_1_199' title='bbox 1045 2808 1144 2861; x_wconf 92' lang='lat' dir='ltr'><strong>qua</strong></span> <span class='ocrx_word' id='word_1_200' title='bbox 1174 2808 1280 2847; x_wconf 90' lang='lat' dir='ltr'><strong>non</strong></span> <span class='ocrx_word' id='word_1_201' title='bbox 1307 2804 1429 2848; x_wconf 91' lang='lat' dir='ltr'><strong>sunt</strong></span> <span class='ocrx_word' id='word_1_202' title='bbox 1458 2809 1610 2862; x_wconf 71' lang='lat' dir='ltr'><strong>pmna</strong></span> <span class='ocrx_word' id='word_1_203' title='bbox 1640 2805 1693 2849; x_wconf 87' lang='lat' dir='ltr'><strong>et</strong></span> <span class='ocrx_word' id='word_1_204' title='bbox 1719 2795 1918 2851; x_wconf 87' lang='lat' dir='ltr'><strong>ultione</strong></span> <span class='ocrx_word' id='word_1_205' title='bbox 1943 2796 2084 2866; x_wconf 82' lang='lat' dir='ltr'><strong>digni</strong></span> <span class='ocrx_word' id='word_1_206' title='bbox 2108 2798 2131 2851; x_wconf 89' lang='lat'><strong>?</strong></span> 
     </span>
    </p>
   </div>
   <div class='ocr_carea' id='block_1_29' title="bbox 563 2879 2127 2952">
    <p class='ocr_par' dir='ltr' id='par_1_29' title="bbox 563 2879 2127 2952">
     <span class='ocr_line' id='line_1_29' title="bbox 563 2879 2127 2952; baseline 0.004 -19"><span class='ocrx_word' id='word_1_207' title='bbox 563 2879 804 2934; x_wconf 80' lang='lat' dir='ltr'><strong>Civitatis</strong></span> <span class='ocrx_word' id='word_1_208' title='bbox 825 2890 982 2949; x_wconf 87' lang='lat' dir='ltr'><strong>caput</strong></span> <span class='ocrx_word' id='word_1_209' title='bbox 1010 2882 1060 2935; x_wconf 89' lang='lat' dir='ltr'><strong>in</strong></span> <span class='ocrx_word' id='word_1_210' title='bbox 1082 2896 1314 2948; x_wconf 88' lang='lat' dir='ltr'><strong>carcere,</strong></span> <span class='ocrx_word' id='word_1_211' title='bbox 1363 2884 1598 2938; x_wconf 89' lang='lat' dir='ltr'><strong>membra</strong></span> <span class='ocrx_word' id='word_1_212' title='bbox 1631 2894 1808 2939; x_wconf 89' lang='lat' dir='ltr'><strong>nostra</strong></span> <span class='ocrx_word' id='word_1_213' title='bbox 1838 2885 1888 2938; x_wconf 91' lang='lat' dir='ltr'><strong>in</strong></span> <span class='ocrx_word' id='word_1_214' title='bbox 1918 2887 2127 2952; x_wconf 80' lang='lat' dir='ltr'><strong>exsilio,</strong></span> 
     </span>
    </p>
   </div>
   <div class='ocr_carea' id='block_1_30' title="bbox 566 2969 2132 3044">
    <p class='ocr_par' dir='ltr' id='par_1_30' title="bbox 566 2969 2132 3044">
     <span class='ocr_line' id='line_1_30' title="bbox 566 2969 2132 3044; baseline 0.004 -21"><span class='ocrx_word' id='word_1_215' title='bbox 566 2969 763 3024; x_wconf 83' lang='lat' dir='ltr'><strong>incerta</strong></span> <span class='ocrx_word' id='word_1_216' title='bbox 791 2970 858 3024; x_wconf 91' lang='lat' dir='ltr'><strong>de</strong></span> <span class='ocrx_word' id='word_1_217' title='bbox 887 2970 967 3023; x_wconf 88' lang='lat' dir='ltr'><strong>his</strong></span> <span class='ocrx_word' id='word_1_218' title='bbox 999 2972 1257 3024; x_wconf 86' lang='lat' dir='ltr'><strong>sententia</strong></span> <span class='ocrx_word' id='word_1_219' title='bbox 1293 2989 1306 3026; x_wconf 87' lang='lat'><strong>:</strong></span> <span class='ocrx_word' id='word_1_220' title='bbox 1335 2982 1387 3026; x_wconf 88' lang='lat' dir='ltr'><strong>et</strong></span> <span class='ocrx_word' id='word_1_221' title='bbox 1416 2983 1468 3026; x_wconf 91' lang='lat' dir='ltr'><strong>tu</strong></span> <span class='ocrx_word' id='word_1_222' title='bbox 1496 2973 1580 3028; x_wconf 90' lang='lat' dir='ltr'><strong>dic</strong></span> <span class='ocrx_word' id='word_1_223' title='bbox 1603 3015 1616 3039; x_wconf 91' lang='lat'><strong>,</strong></span> <span class='ocrx_word' id='word_1_224' title='bbox 1647 2989 1845 3044; x_wconf 68' lang='lat' dir='ltr'><strong>quaeso,</strong></span> <span class='ocrx_word' id='word_1_225' title='bbox 1876 2974 2041 3028; x_wconf 88' lang='lat' dir='ltr'><strong>saltas</strong></span> <span class='ocrx_word' id='word_1_226' title='bbox 2078 2984 2132 3029; x_wconf 90' lang='lat' dir='ltr'><strong>et</strong></span> 
     </span>
    </p>
   </div>
   <div class='ocr_carea' id='block_1_31' title="bbox 564 3058 2133 3130">
    <p class='ocr_par' dir='ltr' id='par_1_31' title="bbox 564 3058 2133 3130">
     <span class='ocr_line' id='line_1_31' title="bbox 564 3058 2133 3130; baseline 0.005 -18"><span class='ocrx_word' id='word_1_227' title='bbox 564 3058 701 3114; x_wconf 86' lang='lat' dir='ltr'><strong>ludis</strong></span> <span class='ocrx_word' id='word_1_228' title='bbox 726 3069 781 3113; x_wconf 86' lang='lat' dir='ltr'><strong>et</strong></span> <span class='ocrx_word' id='word_1_229' title='bbox 804 3060 986 3114; x_wconf 87' lang='lat' dir='ltr'><strong>rides?</strong></span> <span class='ocrx_word' id='word_1_230' title='bbox 1019 3061 1150 3115; x_wconf 90' lang='lat' dir='ltr'><strong>Dicit</strong></span> <span class='ocrx_word' id='word_1_231' title='bbox 1187 3062 1374 3130; x_wconf 84' lang='lat' dir='ltr'><strong>aliquis</strong></span> <span class='ocrx_word' id='word_1_232' title='bbox 1399 3081 1411 3116; x_wconf 89' lang='lat'><strong>:</strong></span> <span class='ocrx_word' id='word_1_233' title='bbox 1434 3063 1548 3117; x_wconf 85' lang='lat' dir='ltr'><strong>Non</strong></span> <span class='ocrx_word' id='word_1_234' title='bbox 1591 3065 1721 3119; x_wconf 89' lang='lat' dir='ltr'><strong>illoti</strong></span> <span class='ocrx_word' id='word_1_235' title='bbox 1767 3081 1979 3122; x_wconf 91' lang='lat' dir='ltr'><strong>manere</strong></span> <span class='ocrx_word' id='word_1_236' title='bbox 2005 3066 2133 3121; x_wconf 90' lang='lat' dir='ltr'><strong>feri-</strong></span> 
     </span>
    </p>
   </div>
   <div class='ocr_carea' id='block_1_32' title="bbox 565 3150 2134 3219">
    <p class='ocr_par' dir='ltr' id='par_1_32' title="bbox 565 3150 2134 3219">
     <span class='ocr_line' id='line_1_32' title="bbox 565 3150 2134 3219; baseline 0.004 -13"><span class='ocrx_word' id='word_1_237' title='bbox 565 3164 706 3206; x_wconf 86' lang='lat' dir='ltr'><strong>mus.</strong></span> <span class='ocrx_word' id='word_1_238' title='bbox 737 3150 785 3206; x_wconf 84' lang='lat'>0</span> <span class='ocrx_word' id='word_1_239' title='bbox 826 3150 1179 3219; x_wconf 88' lang='lat' dir='ltr'><strong>impudentem</strong></span> <span class='ocrx_word' id='word_1_240' title='bbox 1223 3154 1571 3219; x_wconf 85' lang='lat' dir='ltr'><strong>sententiam,</strong></span> <span class='ocrx_word' id='word_1_241' title='bbox 1616 3170 1649 3208; x_wconf 90' lang='grc' dir='ltr'><strong>ο</strong></span> <span class='ocrx_word' id='word_1_242' title='bbox 1692 3156 2052 3211; x_wconf 90' lang='lat' dir='ltr'><strong>mechanieam</strong></span> <span class='ocrx_word' id='word_1_243' title='bbox 2079 3165 2134 3212; x_wconf 90' lang='lat' dir='ltr'><strong>et</strong></span> 
     </span>
    </p>
   </div>
   <div class='ocr_carea' id='block_1_33' title="bbox 567 3240 2133 3317">
    <p class='ocr_par' dir='ltr' id='par_1_33' title="bbox 567 3240 2133 3317">
     <span class='ocr_line' id='line_1_33' title="bbox 567 3240 2133 3317; baseline 0.003 -21"><span class='ocrx_word' id='word_1_244' title='bbox 567 3240 859 3311; x_wconf 75' lang='lat' dir='ltr'><strong>perditam!</strong></span> <span class='ocrx_word' id='word_1_245' title='bbox 901 3250 1034 3313; x_wconf 85' lang='lat' dir='ltr'><strong>quot</strong></span> <span class='ocrx_word' id='word_1_246' title='bbox 1079 3257 1307 3304; x_wconf 86' lang='lat' dir='ltr'><strong>menses.</strong></span> <span class='ocrx_word' id='word_1_247' title='bbox 1355 3244 1461 3310; x_wconf 87' lang='lat' dir='ltr'><strong>die,</strong></span> <span class='ocrx_word' id='word_1_248' title='bbox 1506 3260 1666 3314; x_wconf 83' lang='lat' dir='ltr'><strong>rogo,</strong></span> <span class='ocrx_word' id='word_1_249' title='bbox 1721 3244 1965 3300; x_wconf 84' lang='lat' dir='ltr'><strong>fuerunt?</strong></span> <span class='ocrx_word' id='word_1_250' title='bbox 2005 3256 2133 3317; x_wconf 86' lang='lat' dir='ltr'><strong>quot</strong></span> 
     </span>
    </p>
   </div>
   <div class='ocr_carea' id='block_1_34' title="bbox 565 3332 2133 3408">
    <p class='ocr_par' dir='ltr' id='par_1_34' title="bbox 565 3332 2133 3408">
     <span class='ocr_line' id='line_1_34' title="bbox 565 3332 2133 3408; baseline 0.006 -24"><span class='ocrx_word' id='word_1_251' title='bbox 565 3332 726 3385; x_wconf 84' lang='lat' dir='ltr'><strong>anni?</strong></span> <span class='ocrx_word' id='word_1_252' title='bbox 772 3332 1006 3387; x_wconf 89' lang='lat' dir='ltr'><strong>nondum</strong></span> <span class='ocrx_word' id='word_1_253' title='bbox 1034 3333 1213 3402; x_wconf 82' lang='lat' dir='ltr'><strong>viginti</strong></span> <span class='ocrx_word' id='word_1_254' title='bbox 1239 3334 1351 3388; x_wconf 89' lang='lat' dir='ltr'><strong>dies</strong></span> <span class='ocrx_word' id='word_1_255' title='bbox 1381 3334 1579 3390; x_wconf 85' lang='lat' dir='ltr'><strong>balneis</strong></span> <span class='ocrx_word' id='word_1_256' title='bbox 1606 3339 1848 3392; x_wconf 83' lang='lat' dir='ltr'><strong>exclusus</strong></span> <span class='ocrx_word' id='word_1_257' title='bbox 1877 3340 2048 3408; x_wconf 82' lang='lat' dir='ltr'><strong>egisti,</strong></span> <span class='ocrx_word' id='word_1_258' title='bbox 2079 3349 2133 3394; x_wconf 93' lang='lat' dir='ltr'><strong>et</strong></span> 
     </span>
    </p>
   </div>
   <div class='ocr_carea' id='block_1_35' title="bbox 564 3423 2133 3496">
    <p class='ocr_par' dir='ltr' id='par_1_35' title="bbox 564 3423 2133 3496">
     <span class='ocr_line' id='line_1_35' title="bbox 564 3423 2133 3496; baseline 0.008 -21"><span class='ocrx_word' id='word_1_259' title='bbox 564 3430 829 3493; x_wconf 81' lang='lat' dir='ltr'><strong>tamquam</strong></span> <span class='ocrx_word' id='word_1_260' title='bbox 859 3433 1025 3478; x_wconf 90' lang='lat' dir='ltr'><strong>totum</strong></span> <span class='ocrx_word' id='word_1_261' title='bbox 1052 3423 1225 3478; x_wconf 88' lang='lat' dir='ltr'><strong>illotus</strong></span> <span class='ocrx_word' id='word_1_262' title='bbox 1253 3427 1567 3496; x_wconf 82' lang='lat' dir='ltr'><strong>transegeris</strong></span> <span class='ocrx_word' id='word_1_263' title='bbox 1587 3443 1799 3494; x_wconf 89' lang='lat' dir='ltr'><strong>annum,</strong></span> <span class='ocrx_word' id='word_1_264' title='bbox 1835 3431 1911 3483; x_wconf 92' lang='lat' dir='ltr'><strong>sic</strong></span> <span class='ocrx_word' id='word_1_265' title='bbox 1937 3446 2133 3487; x_wconf 65' lang='lat' dir='ltr'><strong>maeres</strong></span> 
     </span>
    </p>
   </div>
   <div class='ocr_carea' id='block_1_36' title="bbox 566 3511 2131 3584">
    <p class='ocr_par' dir='ltr' id='par_1_36' title="bbox 566 3511 2131 3584">
     <span class='ocr_line' id='line_1_36' title="bbox 566 3511 2131 3584; baseline 0.008 -20"><span class='ocrx_word' id='word_1_266' title='bbox 566 3519 620 3565; x_wconf 87' lang='lat' dir='ltr'><strong>et</strong></span> <span class='ocrx_word' id='word_1_267' title='bbox 646 3511 974 3581; x_wconf 87' lang='lat' dir='ltr'><strong>indignaris?</strong></span> <span class='ocrx_word' id='word_1_268' title='bbox 997 3514 1224 3576; x_wconf 84' lang='lat' dir='ltr'><strong>Siccine,</strong></span> <span class='ocrx_word' id='word_1_269' title='bbox 1256 3531 1456 3584; x_wconf 63' lang='lat' dir='ltr'><strong>quaeso,</strong></span> <span class='ocrx_word' id='word_1_270' title='bbox 1483 3517 1621 3572; x_wconf 86' lang='lat' dir='ltr'><strong>fuisti</strong></span> <span class='ocrx_word' id='word_1_271' title='bbox 1648 3535 1767 3573; x_wconf 91' lang='lat' dir='ltr'><strong>eum</strong></span> <span class='ocrx_word' id='word_1_272' title='bbox 1796 3521 2019 3576; x_wconf 89' lang='lat' dir='ltr'><strong>militum</strong></span> <span class='ocrx_word' id='word_1_273' title='bbox 2050 3524 2131 3576; x_wconf 89' lang='lat' dir='ltr'><strong>in-</strong></span> 
     </span>
    </p>
   </div>
   <div class='ocr_carea' id='block_1_37' title="bbox 569 3631 1713 3658">
    <p class='ocr_par' dir='ltr' id='par_1_37' title="bbox 569 3631 1713 3658">
     <span class='ocr_line' id='line_1_37' title="bbox 569 3631 1713 3658; baseline 0.003 -12"><span class='ocrx_word' id='word_1_274' title='bbox 569 3631 1713 3658; x_wconf 47' lang='lat' dir='ltr'><strong>M—</strong></span> 
     </span>
    </p>
   </div>
   <div class='ocr_carea' id='block_1_38' title="bbox 1261 276 3802 370">
    <p class='ocr_par' dir='ltr' id='par_1_38' title="bbox 1261 276 3802 370">
     <span class='ocr_line' id='line_1_38' title="bbox 1261 276 3802 370; baseline 0 0"><span class='ocrx_word' id='word_1_275' title='bbox 1261 315 1317 370; x_wconf 88' lang='lat' dir='ltr'><strong>S.</strong></span> <span class='ocrx_word' id='word_1_276' title='bbox 1358 312 1632 369; x_wconf 68' lang='lat' dir='ltr'><strong>JOANNIS</strong></span> <span class='ocrx_word' id='word_1_277' title='bbox 1669 276 2141 368; x_wconf 67' lang='lat' dir='ltr'><strong>CllllYSOSTOMi</strong></span> <span class='ocrx_word' id='word_1_278' title='bbox 2183 306 2500 364; x_wconf 80' lang='lat' dir='ltr'><strong>ARCHIEP.</strong></span> <span class='ocrx_word' id='word_1_279' title='bbox 2540 310 3073 367; x_wconf 70' lang='lat' dir='ltr'><strong>CONSTANTINOP.</strong></span> <span class='ocrx_word' id='word_1_280' title='bbox 3709 314 3802 370; x_wconf 57' lang='lat' dir='ltr'><strong>{Si</strong></span> 
     </span>
    </p>
   </div>
   <div class='ocr_carea' id='block_1_39' title="bbox 2231 422 3801 493">
    <p class='ocr_par' dir='ltr' id='par_1_39' title="bbox 2231 422 3801 493">
     <span class='ocr_line' id='line_1_39' title="bbox 2231 422 3801 493; baseline 0.008 -22"><span class='ocrx_word' id='word_1_281' title='bbox 2231 434 2466 485; x_wconf 89' lang='lat' dir='ltr'><strong>cursum,</strong></span> <span class='ocrx_word' id='word_1_282' title='bbox 2514 436 2633 476; x_wconf 92' lang='lat' dir='ltr'><strong>cum</strong></span> <span class='ocrx_word' id='word_1_283' title='bbox 2680 438 2773 493; x_wconf 89' lang='lat' dir='ltr'><strong>per</strong></span> <span class='ocrx_word' id='word_1_284' title='bbox 2811 423 3043 493; x_wconf 87' lang='lat' dir='ltr'><strong>singulos</strong></span> <span class='ocrx_word' id='word_1_285' title='bbox 3090 423 3223 476; x_wconf 88' lang='lat' dir='ltr'><strong>mori</strong></span> <span class='ocrx_word' id='word_1_286' title='bbox 3275 422 3385 478; x_wconf 87' lang='lat' dir='ltr'><strong>dies</strong></span> <span class='ocrx_word' id='word_1_287' title='bbox 3430 427 3801 493; x_wconf 70' lang='lat' dir='ltr'><strong>cXSpectabas,</strong></span> 
     </span>
    </p>
   </div>
   <div class='ocr_carea' id='block_1_40' title="bbox 2226 513 3806 584">
    <p class='ocr_par' dir='ltr' id='par_1_40' title="bbox 2226 513 3806 584">
     <span class='ocr_line' id='line_1_40' title="bbox 2226 513 3806 584; baseline 0.006 -20"><span class='ocrx_word' id='word_1_288' title='bbox 2226 513 2437 580; x_wconf 85' lang='lat' dir='ltr'><strong>quando</strong></span> <span class='ocrx_word' id='word_1_289' title='bbox 2467 514 2518 566; x_wconf 90' lang='lat' dir='ltr'><strong>in</strong></span> <span class='ocrx_word' id='word_1_290' title='bbox 2560 513 2768 568; x_wconf 87' lang='lat' dir='ltr'><strong>deserta</strong></span> <span class='ocrx_word' id='word_1_291' title='bbox 2797 513 3036 584; x_wconf 85' lang='lat' dir='ltr'><strong>fugiebas</strong></span> <span class='ocrx_word' id='word_1_292' title='bbox 3073 524 3127 570; x_wconf 91' lang='lat' dir='ltr'><strong>ct</strong></span> <span class='ocrx_word' id='word_1_293' title='bbox 3162 514 3227 568; x_wconf 82' lang='lat' dir='ltr'><strong>ad</strong></span> <span class='ocrx_word' id='word_1_294' title='bbox 3265 515 3524 569; x_wconf 90' lang='lat' dir='ltr'><strong>montium</strong></span> <span class='ocrx_word' id='word_1_295' title='bbox 3550 520 3806 573; x_wconf 75' lang='lat' dir='ltr'><strong>currebas</strong></span> 
     </span>
    </p>
   </div>
   <div class='ocr_carea' id='block_1_41' title="bbox 2227 605 3803 677">
    <p class='ocr_par' dir='ltr' id='par_1_41' title="bbox 2227 605 3803 677">
     <span class='ocr_line' id='line_1_41' title="bbox 2227 605 3803 677; baseline 0.005 -20"><span class='ocrx_word' id='word_1_296' title='bbox 2227 605 2488 660; x_wconf 86' lang='lat' dir='ltr'><strong>vertices?</strong></span> <span class='ocrx_word' id='word_1_297' title='bbox 2532 606 2586 661; x_wconf 92' lang='lat' dir='ltr'><strong>Si</strong></span> <span class='ocrx_word' id='word_1_298' title='bbox 2608 607 2725 677; x_wconf 88' lang='lat' dir='ltr'><strong>quis</strong></span> <span class='ocrx_word' id='word_1_299' title='bbox 2754 607 2844 661; x_wconf 87' lang='lat' dir='ltr'><strong>tibi</strong></span> <span class='ocrx_word' id='word_1_300' title='bbox 2875 618 3000 661; x_wconf 90' lang='lat' dir='ltr'><strong>tunc</strong></span> <span class='ocrx_word' id='word_1_301' title='bbox 3028 614 3193 661; x_wconf 89' lang='lat' dir='ltr'><strong>totum</strong></span> <span class='ocrx_word' id='word_1_302' title='bbox 3219 624 3413 662; x_wconf 85' lang='lat' dir='ltr'><strong>annum</strong></span> <span class='ocrx_word' id='word_1_303' title='bbox 3443 609 3653 663; x_wconf 85' lang='lat' dir='ltr'><strong>illotum</strong></span> <span class='ocrx_word' id='word_1_304' title='bbox 3689 627 3803 665; x_wconf 85' lang='lat' dir='ltr'><strong>ma-</strong></span> 
     </span>
    </p>
   </div>
   <div class='ocr_carea' id='block_1_42' title="bbox 2230 697 3806 765">
    <p class='ocr_par' dir='ltr' id='par_1_42' title="bbox 2230 697 3806 765">
     <span class='ocr_line' id='line_1_42' title="bbox 2230 697 3806 765; baseline 0.007 -20"><span class='ocrx_word' id='word_1_305' title='bbox 2230 709 2356 748; x_wconf 90' lang='lat' dir='ltr'><strong>nere</strong></span> <span class='ocrx_word' id='word_1_306' title='bbox 2387 697 2761 764; x_wconf 83' lang='lat' dir='ltr'><strong>proposuisset,</strong></span> <span class='ocrx_word' id='word_1_307' title='bbox 2788 706 2843 749; x_wconf 95' lang='lat' dir='ltr'><strong>ut</strong></span> <span class='ocrx_word' id='word_1_308' title='bbox 2867 697 3164 752; x_wconf 84' lang='lat' dir='ltr'><strong>abinstanti</strong></span> <span class='ocrx_word' id='word_1_309' title='bbox 3185 697 3483 753; x_wconf 82' lang='lat' dir='ltr'><strong>liberareris</strong></span> <span class='ocrx_word' id='word_1_310' title='bbox 3512 701 3806 765; x_wconf 76' lang='lat' dir='ltr'><strong>anxietate,</strong></span> 
     </span>
    </p>
   </div>
   <div class='ocr_carea' id='block_1_43' title="bbox 2230 789 3810 862">
    <p class='ocr_par' dir='ltr' id='par_1_43' title="bbox 2230 789 3810 862">
     <span class='ocr_line' id='line_1_43' title="bbox 2230 789 3810 862; baseline 0.006 -25"><span class='ocrx_word' id='word_1_311' title='bbox 2230 801 2405 840; x_wconf 88' lang='lat' dir='ltr'><strong>nonne</strong></span> <span class='ocrx_word' id='word_1_312' title='bbox 2430 799 2673 857; x_wconf 88' lang='lat' dir='ltr'><strong>prompte</strong></span> <span class='ocrx_word' id='word_1_313' title='bbox 2701 789 3023 857; x_wconf 82' lang='lat' dir='ltr'><strong>suscepisses</strong></span> <span class='ocrx_word' id='word_1_314' title='bbox 3044 799 3201 859; x_wconf 86' lang='lat' dir='ltr'><strong>atque</strong></span> <span class='ocrx_word' id='word_1_315' title='bbox 3225 790 3472 845; x_wconf 72' lang='lat' dir='ltr'><strong>tulisses?</strong></span> <span class='ocrx_word' id='word_1_316' title='bbox 3488 791 3625 846; x_wconf 89' lang='lat' dir='ltr'><strong>Cum</strong></span> <span class='ocrx_word' id='word_1_317' title='bbox 3651 794 3810 862; x_wconf 70' lang='lat' dir='ltr'><strong>igitur</strong></span> 
     </span>
    </p>
   </div>
   <div class='ocr_carea' id='block_1_44' title="bbox 2230 875 3893 953">
    <p class='ocr_par' dir='ltr' id='par_1_44' title="bbox 2230 875 3893 953">
     <span class='ocr_line' id='line_1_44' title="bbox 2230 875 3893 953; baseline 0.007 -26"><span class='ocrx_word' id='word_1_318' title='bbox 2230 875 2326 941; x_wconf 92' lang='lat' dir='ltr'><strong>illi,</strong></span> <span class='ocrx_word' id='word_1_319' title='bbox 2350 877 2437 946; x_wconf 92' lang='lat' dir='ltr'><strong>qui</strong></span> <span class='ocrx_word' id='word_1_320' title='bbox 2464 878 2661 947; x_wconf 88' lang='lat' dir='ltr'><strong>absque</strong></span> <span class='ocrx_word' id='word_1_321' title='bbox 2682 880 2824 931; x_wconf 91' lang='lat' dir='ltr'><strong>omni</strong></span> <span class='ocrx_word' id='word_1_322' title='bbox 2854 880 3049 932; x_wconf 90' lang='lat' dir='ltr'><strong>damno</strong></span> <span class='ocrx_word' id='word_1_323' title='bbox 3081 881 3193 934; x_wconf 73' lang='lat' dir='ltr'><strong>lucc</strong></span> <span class='ocrx_word' id='word_1_324' title='bbox 3229 882 3416 945; x_wconf 82' lang='lat' dir='ltr'><strong>solvit,</strong></span> <span class='ocrx_word' id='word_1_325' title='bbox 3468 882 3579 937; x_wconf 86' lang='lat' dir='ltr'><strong>Deo</strong></span> <span class='ocrx_word' id='word_1_326' title='bbox 3608 886 3810 953; x_wconf 80' lang='lat' dir='ltr'><strong>gratias</strong></span> <span class='ocrx_word' id='word_1_327' title='bbox 3892 910 3893 953; x_wconf 45' lang='grc' dir='ltr'>ξ</span> 
     </span>
    </p>
   </div>
   <div class='ocr_carea' id='block_1_45' title="bbox 2230 971 3810 1037">
    <p class='ocr_par' dir='ltr' id='par_1_45' title="bbox 2230 971 3810 1037">
     <span class='ocr_line' id='line_1_45' title="bbox 2230 971 3810 1037; baseline 0.006 -18"><span class='ocrx_word' id='word_1_328' title='bbox 2230 983 2386 1037; x_wconf 82' lang='lat' dir='ltr'><strong>agcre</strong></span> <span class='ocrx_word' id='word_1_329' title='bbox 2428 971 2726 1037; x_wconf 85' lang='lat' dir='ltr'><strong>conveniat,</strong></span> <span class='ocrx_word' id='word_1_330' title='bbox 2761 971 2970 1025; x_wconf 84' lang='lat' dir='ltr'><strong>lascivis</strong></span> <span class='ocrx_word' id='word_1_331' title='bbox 3000 988 3207 1026; x_wconf 86' lang='lat' dir='ltr'><strong>rursum</strong></span> <span class='ocrx_word' id='word_1_332' title='bbox 3238 983 3290 1027; x_wconf 88' lang='lat' dir='ltr'><strong>et</strong></span> <span class='ocrx_word' id='word_1_333' title='bbox 3316 976 3696 1028; x_wconf 85' lang='lat' dir='ltr'><strong>contumeliam</strong></span> <span class='ocrx_word' id='word_1_334' title='bbox 3730 976 3810 1029; x_wconf 84' lang='lat' dir='ltr'><strong>fa-</strong></span> 
     </span>
    </p>
   </div>
   <div class='ocr_carea' id='block_1_46' title="bbox 2230 1061 3809 1132">
    <p class='ocr_par' dir='ltr' id='par_1_46' title="bbox 2230 1061 3809 1132">
     <span class='ocr_line' id='line_1_46' title="bbox 2230 1061 3809 1132; baseline 0.006 -21"><span class='ocrx_word' id='word_1_335' title='bbox 2230 1061 2307 1111; x_wconf 87' lang='lat' dir='ltr'><strong>cis</strong></span> <span class='ocrx_word' id='word_1_336' title='bbox 2327 1100 2341 1125; x_wconf 94' lang='lat'><strong>,</strong></span> <span class='ocrx_word' id='word_1_337' title='bbox 2371 1069 2425 1113; x_wconf 91' lang='lat' dir='ltr'><strong>et</strong></span> <span class='ocrx_word' id='word_1_338' title='bbox 2451 1062 2696 1128; x_wconf 80' lang='lat' dir='ltr'><strong>quoaiam</strong></span> <span class='ocrx_word' id='word_1_339' title='bbox 2730 1071 2900 1116; x_wconf 90' lang='lat' dir='ltr'><strong>metus</strong></span> <span class='ocrx_word' id='word_1_340' title='bbox 2932 1064 3191 1130; x_wconf 86' lang='lat' dir='ltr'><strong>transivit,</strong></span> <span class='ocrx_word' id='word_1_341' title='bbox 3224 1064 3288 1117; x_wconf 90' lang='lat' dir='ltr'><strong>ad</strong></span> <span class='ocrx_word' id='word_1_342' title='bbox 3328 1068 3581 1132; x_wconf 88' lang='lat' dir='ltr'><strong>majorem</strong></span> <span class='ocrx_word' id='word_1_343' title='bbox 3616 1069 3809 1121; x_wconf 75' lang='lat' dir='ltr'><strong>iterum</strong></span> 
     </span>
    </p>
   </div>
   <div class='ocr_carea' id='block_1_47' title="bbox 2232 1152 3812 1227">
    <p class='ocr_par' dir='ltr' id='par_1_47' title="bbox 2232 1152 3812 1227">
     <span class='ocr_line' id='line_1_47' title="bbox 2232 1152 3812 1227; baseline 0.006 -24"><span class='ocrx_word' id='word_1_344' title='bbox 2232 1161 2497 1220; x_wconf 88' lang='lat' dir='ltr'><strong>torporem</strong></span> <span class='ocrx_word' id='word_1_345' title='bbox 2533 1152 2768 1207; x_wconf 91' lang='lat' dir='ltr'><strong>rediisti?</strong></span> <span class='ocrx_word' id='word_1_346' title='bbox 2792 1153 2879 1207; x_wconf 90' lang='lat' dir='ltr'><strong>Sic</strong></span> <span class='ocrx_word' id='word_1_347' title='bbox 2909 1162 2960 1207; x_wconf 91' lang='lat' dir='ltr'><strong>te</strong></span> <span class='ocrx_word' id='word_1_348' title='bbox 2989 1156 3278 1224; x_wconf 81' lang='lat' dir='ltr'><strong>tetigerunt</strong></span> <span class='ocrx_word' id='word_1_349' title='bbox 3305 1157 3472 1223; x_wconf 88' lang='lat' dir='ltr'><strong>mala,</strong></span> <span class='ocrx_word' id='word_1_350' title='bbox 3506 1169 3562 1211; x_wconf 90' lang='lat' dir='ltr'><strong>ut</strong></span> <span class='ocrx_word' id='word_1_351' title='bbox 3588 1170 3812 1227; x_wconf 84' lang='lat' dir='ltr'><strong>appetas</strong></span> 
     </span>
    </p>
   </div>
   <div class='ocr_carea' id='block_1_48' title="bbox 2231 1240 3812 1315">
    <p class='ocr_par' dir='ltr' id='par_1_48' title="bbox 2231 1240 3812 1315">
     <span class='ocr_line' id='line_1_48' title="bbox 2231 1240 3812 1315; baseline 0.005 -22"><span class='ocrx_word' id='word_1_352' title='bbox 2231 1249 2285 1293; x_wconf 88' lang='lat' dir='ltr'><strong>et</strong></span> <span class='ocrx_word' id='word_1_353' title='bbox 2315 1240 2501 1293; x_wconf 78' lang='lat' dir='ltr'><strong>balnea</strong></span> <span class='ocrx_word' id='word_1_354' title='bbox 2526 1242 2548 1292; x_wconf 89' lang='lat'><strong><em>?</em></strong></span> <span class='ocrx_word' id='word_1_355' title='bbox 2578 1242 2701 1297; x_wconf 90' lang='lat' dir='ltr'><strong>licet</strong></span> <span class='ocrx_word' id='word_1_356' title='bbox 2721 1243 2860 1296; x_wconf 91' lang='lat' dir='ltr'><strong>enim</strong></span> <span class='ocrx_word' id='word_1_357' title='bbox 2884 1244 3068 1298; x_wconf 89' lang='lat' dir='ltr'><strong>balnea</strong></span> <span class='ocrx_word' id='word_1_358' title='bbox 3101 1246 3552 1313; x_wconf 86' lang='lat' dir='ltr'><strong>permitterentur,</strong></span> <span class='ocrx_word' id='word_1_359' title='bbox 3573 1264 3681 1301; x_wconf 90' lang='lat' dir='ltr'><strong>non</strong></span> <span class='ocrx_word' id='word_1_360' title='bbox 3714 1265 3812 1315; x_wconf 84' lang='lat' dir='ltr'><strong>po-</strong></span> 
     </span>
    </p>
   </div>
   <div class='ocr_carea' id='block_1_49' title="bbox 2234 1332 3810 1403">
    <p class='ocr_par' dir='ltr' id='par_1_49' title="bbox 2234 1332 3810 1403">
     <span class='ocr_line' id='line_1_49' title="bbox 2234 1332 3810 1403; baseline 0.004 -20"><span class='ocrx_word' id='word_1_361' title='bbox 2234 1340 2368 1384; x_wconf 86' lang='lat' dir='ltr'><strong>terat</strong></span> <span class='ocrx_word' id='word_1_362' title='bbox 2395 1332 2729 1385; x_wconf 89' lang='lat' dir='ltr'><strong>morientium</strong></span> <span class='ocrx_word' id='word_1_363' title='bbox 2750 1332 3042 1397; x_wconf 87' lang='lat' dir='ltr'><strong>calamitas,</strong></span> <span class='ocrx_word' id='word_1_364' title='bbox 3076 1334 3233 1387; x_wconf 88' lang='lat' dir='ltr'><strong>etiam</strong></span> <span class='ocrx_word' id='word_1_365' title='bbox 3272 1335 3350 1388; x_wconf 87' lang='lat' dir='ltr'><strong>eis</strong></span> <span class='ocrx_word' id='word_1_366' title='bbox 3378 1336 3464 1403; x_wconf 83' lang='lat' dir='ltr'><strong>qui</strong></span> <span class='ocrx_word' id='word_1_367' title='bbox 3504 1338 3552 1387; x_wconf 90' lang='lat' dir='ltr'><strong>in</strong></span> <span class='ocrx_word' id='word_1_368' title='bbox 3590 1337 3675 1391; x_wconf 82' lang='lat' dir='ltr'><strong>his</strong></span> <span class='ocrx_word' id='word_1_369' title='bbox 3703 1354 3810 1391; x_wconf 81' lang='lat' dir='ltr'><strong>non</strong></span> 
     </span>
    </p>
   </div>
   <div class='ocr_carea' id='block_1_50' title="bbox 2233 1424 3808 1492">
    <p class='ocr_par' dir='ltr' id='par_1_50' title="bbox 2233 1424 3808 1492">
     <span class='ocr_line' id='line_1_50' title="bbox 2233 1424 3808 1492; baseline 0.004 -16"><span class='ocrx_word' id='word_1_370' title='bbox 2233 1433 2409 1476; x_wconf 80' lang='lat' dir='ltr'><strong>essent</strong></span> <span class='ocrx_word' id='word_1_371' title='bbox 2435 1424 2678 1484; x_wconf 84' lang='lat' dir='ltr'><strong>miseriis.</strong></span> <span class='ocrx_word' id='word_1_372' title='bbox 2715 1425 3051 1492; x_wconf 82' lang='lat' dir='ltr'><strong>persuadere,</strong></span> <span class='ocrx_word' id='word_1_373' title='bbox 3076 1435 3131 1476; x_wconf 91' lang='lat' dir='ltr'><strong>ut</strong></span> <span class='ocrx_word' id='word_1_374' title='bbox 3160 1428 3394 1478; x_wconf 82' lang='lat' dir='ltr'><strong>omnium</strong></span> <span class='ocrx_word' id='word_1_375' title='bbox 3422 1427 3808 1483; x_wconf 76' lang='lat' dir='ltr'><strong>oblivisceren-</strong></span> 
     </span>
    </p>
   </div>
   <div class='ocr_carea' id='block_1_51' title="bbox 2235 1512 3809 1582">
    <p class='ocr_par' dir='ltr' id='par_1_51' title="bbox 2235 1512 3809 1582">
     <span class='ocr_line' id='line_1_51' title="bbox 2235 1512 3809 1582; baseline 0.003 -16"><span class='ocrx_word' id='word_1_376' title='bbox 2235 1523 2319 1566; x_wconf 89' lang='lat' dir='ltr'><strong>tur</strong></span> <span class='ocrx_word' id='word_1_377' title='bbox 2357 1512 2702 1567; x_wconf 87' lang='lat' dir='ltr'><strong>deliciarum?</strong></span> <span class='ocrx_word' id='word_1_378' title='bbox 2732 1514 2805 1567; x_wconf 89' lang='lat' dir='ltr'><strong>De</strong></span> <span class='ocrx_word' id='word_1_379' title='bbox 2833 1514 3007 1566; x_wconf 89' lang='lat' dir='ltr'><strong>anima</strong></span> <span class='ocrx_word' id='word_1_380' title='bbox 3057 1515 3343 1582; x_wconf 87' lang='lat' dir='ltr'><strong>perieulum</strong></span> <span class='ocrx_word' id='word_1_381' title='bbox 3368 1524 3467 1580; x_wconf 91' lang='lat' dir='ltr'><strong>est,</strong></span> <span class='ocrx_word' id='word_1_382' title='bbox 3509 1527 3564 1570; x_wconf 91' lang='lat' dir='ltr'><strong>et</strong></span> <span class='ocrx_word' id='word_1_383' title='bbox 3607 1527 3662 1570; x_wconf 88' lang='lat' dir='ltr'><strong>tn</strong></span> <span class='ocrx_word' id='word_1_384' title='bbox 3695 1519 3809 1570; x_wconf 88' lang='lat' dir='ltr'><strong>bal-</strong></span> 
     </span>
    </p>
   </div>
   <div class='ocr_carea' id='block_1_52' title="bbox 2233 1603 3808 1667">
    <p class='ocr_par' dir='ltr' id='par_1_52' title="bbox 2233 1603 3808 1667">
     <span class='ocr_line' id='line_1_52' title="bbox 2233 1603 3808 1667; baseline 0.003 -11"><span class='ocrx_word' id='word_1_385' title='bbox 2233 1618 2452 1656; x_wconf 88' lang='lat' dir='ltr'><strong>neorum</strong></span> <span class='ocrx_word' id='word_1_386' title='bbox 2482 1604 2795 1667; x_wconf 84' lang='lat' dir='ltr'><strong>recordaris,</strong></span> <span class='ocrx_word' id='word_1_387' title='bbox 2825 1612 2877 1655; x_wconf 91' lang='lat' dir='ltr'><strong>et</strong></span> <span class='ocrx_word' id='word_1_388' title='bbox 2906 1603 3109 1657; x_wconf 83' lang='lat' dir='ltr'><strong>deliciis</strong></span> <span class='ocrx_word' id='word_1_389' title='bbox 3134 1605 3209 1657; x_wconf 89' lang='lat' dir='ltr'><strong>vis</strong></span> <span class='ocrx_word' id='word_1_390' title='bbox 3236 1606 3466 1658; x_wconf 82' lang='lat' dir='ltr'><strong>vacare?</strong></span> <span class='ocrx_word' id='word_1_391' title='bbox 3496 1606 3808 1660; x_wconf 81' lang='lat' dir='ltr'><strong>Cnntemnis</strong></span> 
     </span>
    </p>
   </div>
   <div class='ocr_carea' id='block_1_53' title="bbox 2234 1692 3808 1763">
    <p class='ocr_par' dir='ltr' id='par_1_53' title="bbox 2234 1692 3808 1763">
     <span class='ocr_line' id='line_1_53' title="bbox 2234 1692 3808 1763; baseline 0.004 -19"><span class='ocrx_word' id='word_1_392' title='bbox 2234 1693 2320 1761; x_wconf 90' lang='lat' dir='ltr'><strong>qui</strong></span> <span class='ocrx_word' id='word_1_393' title='bbox 2348 1708 2485 1746; x_wconf 90' lang='lat' dir='ltr'><strong>nunc</strong></span> <span class='ocrx_word' id='word_1_394' title='bbox 2513 1692 2777 1763; x_wconf 81' lang='lat' dir='ltr'><strong>effugisti?</strong></span> <span class='ocrx_word' id='word_1_395' title='bbox 2806 1692 2934 1747; x_wconf 81' lang='lat' dir='ltr'><strong>Vide</strong></span> <span class='ocrx_word' id='word_1_396' title='bbox 2965 1709 3030 1746; x_wconf 88' lang='lat' dir='ltr'><strong>ne</strong></span> <span class='ocrx_word' id='word_1_397' title='bbox 3060 1693 3273 1761; x_wconf 87' lang='lat' dir='ltr'><strong>majoris</strong></span> <span class='ocrx_word' id='word_1_398' title='bbox 3300 1708 3467 1762; x_wconf 66' lang='lat' dir='ltr'><strong>paena:</strong></span> <span class='ocrx_word' id='word_1_399' title='bbox 3498 1695 3593 1748; x_wconf 89' lang='lat' dir='ltr'><strong>tibi</strong></span> <span class='ocrx_word' id='word_1_400' title='bbox 3628 1712 3808 1750; x_wconf 83' lang='lat' dir='ltr'><strong>neces-</strong></span> 
     </span>
    </p>
   </div>
   <div class='ocr_carea' id='block_1_54' title="bbox 2236 1785 3806 1855">
    <p class='ocr_par' dir='ltr' id='par_1_54' title="bbox 2236 1785 3806 1855">
     <span class='ocr_line' id='line_1_54' title="bbox 2236 1785 3806 1855; baseline 0 -16"><span class='ocrx_word' id='word_1_401' title='bbox 2236 1787 2442 1840; x_wconf 84' lang='lat' dir='ltr'><strong>sitatem</strong></span> <span class='ocrx_word' id='word_1_402' title='bbox 2481 1787 2870 1855; x_wconf 86' lang='lat' dir='ltr'><strong>circumponas,</strong></span> <span class='ocrx_word' id='word_1_403' title='bbox 2918 1795 2972 1840; x_wconf 90' lang='lat' dir='ltr'><strong>et</strong></span> <span class='ocrx_word' id='word_1_404' title='bbox 3013 1785 3215 1839; x_wconf 86' lang='lat' dir='ltr'><strong>ablatas</strong></span> <span class='ocrx_word' id='word_1_405' title='bbox 3245 1802 3454 1839; x_wconf 89' lang='lat' dir='ltr'><strong>rursum</strong></span> <span class='ocrx_word' id='word_1_406' title='bbox 3491 1788 3671 1841; x_wconf 87' lang='lat' dir='ltr'><strong>minas</strong></span> <span class='ocrx_word' id='word_1_407' title='bbox 3692 1804 3806 1841; x_wconf 85' lang='lat' dir='ltr'><strong>eum</strong></span> 
     </span>
    </p>
   </div>
   <div class='ocr_carea' id='block_1_55' title="bbox 2236 1874 3813 1946">
    <p class='ocr_par' dir='ltr' id='par_1_55' title="bbox 2236 1874 3813 1946">
     <span class='ocr_line' id='line_1_55' title="bbox 2236 1874 3813 1946; baseline 0.002 -17"><span class='ocrx_word' id='word_1_408' title='bbox 2236 1876 2421 1943; x_wconf 87' lang='lat' dir='ltr'><strong>majori</strong></span> <span class='ocrx_word' id='word_1_409' title='bbox 2448 1875 2678 1929; x_wconf 85' lang='lat' dir='ltr'><strong>attrahas</strong></span> <span class='ocrx_word' id='word_1_410' title='bbox 2706 1875 3030 1939; x_wconf 85' lang='lat' dir='ltr'><strong>discrimine,</strong></span> <span class='ocrx_word' id='word_1_411' title='bbox 3060 1885 3112 1927; x_wconf 88' lang='lat' dir='ltr'><strong>et</strong></span> <span class='ocrx_word' id='word_1_412' title='bbox 3140 1874 3279 1928; x_wconf 85' lang='lat' dir='ltr'><strong>idem</strong></span> <span class='ocrx_word' id='word_1_413' title='bbox 3310 1876 3548 1942; x_wconf 87' lang='lat' dir='ltr'><strong>patiaris,</strong></span> <span class='ocrx_word' id='word_1_414' title='bbox 3577 1878 3724 1946; x_wconf 86' lang='lat' dir='ltr'><strong>quod</strong></span> <span class='ocrx_word' id='word_1_415' title='bbox 3748 1878 3813 1932; x_wconf 87' lang='lat' dir='ltr'><strong>de</strong></span> 
     </span>
    </p>
   </div>
   <div class='ocr_carea' id='block_1_56' title="bbox 2235 1965 3814 2039">
    <p class='ocr_par' dir='ltr' id='par_1_56' title="bbox 2235 1965 3814 2039">
     <span class='ocr_line' id='line_1_56' title="bbox 2235 1965 3814 2039; baseline -0.001 -17"><span class='ocrx_word' id='word_1_416' title='bbox 2235 1970 2562 2022; x_wconf 75' lang='lat' dir='ltr'><strong>dannonibus</strong></span> <span class='ocrx_word' id='word_1_417' title='bbox 2586 1970 2600 1999; x_wconf 84' lang='grc'>¹</span> <span class='ocrx_word' id='word_1_418' title='bbox 2625 1970 2791 2037; x_wconf 86' lang='lat' dir='ltr'><strong>inquit</strong></span> <span class='ocrx_word' id='word_1_419' title='bbox 2809 1967 3069 2022; x_wconf 74' lang='lat' dir='ltr'><strong>Christus.</strong></span> <span class='ocrx_word' id='word_1_420' title='bbox 3091 1965 3374 2036; x_wconf 84' lang='lat' dir='ltr'><strong>Postquam</strong></span> <span class='ocrx_word' id='word_1_421' title='bbox 3397 1969 3538 2021; x_wconf 90' lang='lat' dir='ltr'><strong>enim</strong></span> <span class='ocrx_word' id='word_1_422' title='bbox 3561 1985 3814 2039; x_wconf 82' lang='lat' dir='ltr'><strong>egressus</strong></span> 
     </span>
    </p>
   </div>
   <div class='ocr_carea' id='block_1_57' title="bbox 2236 2058 3818 2130">
    <p class='ocr_par' dir='ltr' id='par_1_57' title="bbox 2236 2058 3818 2130">
     <span class='ocr_line' id='line_1_57' title="bbox 2236 2058 3818 2130; baseline 0.001 -17"><span class='ocrx_word' id='word_1_423' title='bbox 2236 2060 2392 2113; x_wconf 85' lang='lat' dir='ltr'><strong>fuerit</strong></span> <span class='ocrx_word' id='word_1_424' title='bbox 2420 2061 2635 2130; x_wconf 86' lang='lat' dir='ltr'><strong>spiritus</strong></span> <span class='ocrx_word' id='word_1_425' title='bbox 2666 2058 2966 2113; x_wconf 88' lang='lat' dir='ltr'><strong>immundus</strong></span> <span class='ocrx_word' id='word_1_426' title='bbox 2987 2099 3001 2123; x_wconf 86' lang='lat'><strong>,</strong></span> <span class='ocrx_word' id='word_1_427' title='bbox 3031 2060 3229 2128; x_wconf 90' lang='lat' dir='ltr'><strong>inquit,</strong></span> <span class='ocrx_word' id='word_1_428' title='bbox 3260 2069 3313 2112; x_wconf 89' lang='lat' dir='ltr'><strong>et</strong></span> <span class='ocrx_word' id='word_1_429' title='bbox 3337 2068 3516 2126; x_wconf 86' lang='lat' dir='ltr'><strong>postea</strong></span> <span class='ocrx_word' id='word_1_430' title='bbox 3547 2059 3818 2115; x_wconf 82' lang='lat' dir='ltr'><strong>invenerit</strong></span> 
     </span>
    </p>
   </div>
   <div class='ocr_carea' id='block_1_58' title="bbox 2236 2151 3820 2221">
    <p class='ocr_par' dir='ltr' id='par_1_58' title="bbox 2236 2151 3820 2221">
     <span class='ocr_line' id='line_1_58' title="bbox 2236 2151 3820 2221; baseline 0 -14"><span class='ocrx_word' id='word_1_431' title='bbox 2236 2154 2448 2207; x_wconf 88' lang='lat' dir='ltr'><strong>domum</strong></span> <span class='ocrx_word' id='word_1_432' title='bbox 2479 2163 2749 2206; x_wconf 88' lang='lat' dir='ltr'><strong>vacantem</strong></span> <span class='ocrx_word' id='word_1_433' title='bbox 2795 2161 2848 2205; x_wconf 91' lang='lat' dir='ltr'><strong>et</strong></span> <span class='ocrx_word' id='word_1_434' title='bbox 2892 2152 3068 2221; x_wconf 87' lang='lat' dir='ltr'><strong>scopis</strong></span> <span class='ocrx_word' id='word_1_435' title='bbox 3093 2151 3417 2213; x_wconf 81' lang='lat' dir='ltr'><strong>mundatam,</strong></span> <span class='ocrx_word' id='word_1_436' title='bbox 3443 2163 3655 2221; x_wconf 85' lang='lat' dir='ltr'><strong>septem</strong></span> <span class='ocrx_word' id='word_1_437' title='bbox 3686 2153 3820 2207; x_wconf 82' lang='lat' dir='ltr'><strong>alios</strong></span> 
     </span>
    </p>
   </div>
   <div class='ocr_carea' id='block_1_59' title="bbox 2236 2243 3821 2311">
    <p class='ocr_par' dir='ltr' id='par_1_59' title="bbox 2236 2243 3821 2311">
     <span class='ocr_line' id='line_1_59' title="bbox 2236 2243 3821 2311; baseline -0.003 -13"><span class='ocrx_word' id='word_1_438' title='bbox 2236 2244 2451 2311; x_wconf 83' lang='lat' dir='ltr'><strong>spiritus</strong></span> <span class='ocrx_word' id='word_1_439' title='bbox 2479 2245 2759 2310; x_wconf 86' lang='lat' dir='ltr'><strong>nequiores</strong></span> <span class='ocrx_word' id='word_1_440' title='bbox 2789 2258 2846 2295; x_wconf 90' lang='lat' dir='ltr'><strong>se</strong></span> <span class='ocrx_word' id='word_1_441' title='bbox 2873 2243 3066 2296; x_wconf 90' lang='lat' dir='ltr'><strong>iterum</strong></span> <span class='ocrx_word' id='word_1_442' title='bbox 3097 2256 3393 2305; x_wconf 87' lang='lat' dir='ltr'><strong>assumens,</strong></span> <span class='ocrx_word' id='word_1_443' title='bbox 3439 2245 3737 2296; x_wconf 84' lang='lat' dir='ltr'><strong>revertitur</strong></span> <span class='ocrx_word' id='word_1_444' title='bbox 3765 2244 3821 2297; x_wconf 89' lang='lat' dir='ltr'><strong>in</strong></span> 
     </span>
    </p>
   </div>
   <div class='ocr_carea' id='block_1_60' title="bbox 2237 2332 3823 2403">
    <p class='ocr_par' dir='ltr' id='par_1_60' title="bbox 2237 2332 3823 2403">
     <span class='ocr_line' id='line_1_60' title="bbox 2237 2332 3823 2403; baseline -0.001 -14"><span class='ocrx_word' id='word_1_445' title='bbox 2237 2338 2500 2400; x_wconf 89' lang='lat' dir='ltr'><strong>animam,</strong></span> <span class='ocrx_word' id='word_1_446' title='bbox 2547 2347 2599 2389; x_wconf 93' lang='lat' dir='ltr'><strong>et</strong></span> <span class='ocrx_word' id='word_1_447' title='bbox 2646 2335 2776 2388; x_wconf 82' lang='lat' dir='ltr'><strong>fiunt</strong></span> <span class='ocrx_word' id='word_1_448' title='bbox 2821 2335 3114 2403; x_wconf 88' lang='lat' dir='ltr'><strong>posteriora</strong></span> <span class='ocrx_word' id='word_1_449' title='bbox 3166 2333 3278 2401; x_wconf 86' lang='lat' dir='ltr'><strong>ejus</strong></span> <span class='ocrx_word' id='word_1_450' title='bbox 3319 2332 3495 2402; x_wconf 78' lang='lat' dir='ltr'><strong>pejora</strong></span> <span class='ocrx_word' id='word_1_451' title='bbox 3550 2334 3823 2401; x_wconf 80' lang='lat' dir='ltr'><strong>prioribus</strong></span> 
     </span>
    </p>
   </div>
   <div class='ocr_carea' id='block_1_61' title="bbox 2238 2423 3893 2496">
    <p class='ocr_par' dir='ltr' id='par_1_61' title="bbox 2238 2423 3893 2496">
     <span class='ocr_line' id='line_1_61' title="bbox 2238 2423 3893 2496; baseline -0.002 -17"><span class='ocrx_word' id='word_1_452' title='bbox 2238 2426 2390 2493; x_wconf 82' lang='lat' dir='ltr'><strong>(Luc.</strong></span> <span class='ocrx_word' id='word_1_453' title='bbox 2421 2428 2504 2479; x_wconf 85' lang='lat' dir='ltr'><strong>ll.</strong></span> <span class='ocrx_word' id='word_1_454' title='bbox 2526 2425 2594 2479; x_wconf 64' lang='lat'><strong>:24</strong></span> <span class='ocrx_word' id='word_1_455' title='bbox 2620 2423 2756 2496; x_wconf 68' lang='grc'><strong>⁹26).</strong></span> <span class='ocrx_word' id='word_1_456' title='bbox 2776 2425 3078 2478; x_wconf 86' lang='lat' dir='ltr'><strong>Timeamus</strong></span> <span class='ocrx_word' id='word_1_457' title='bbox 3101 2423 3318 2492; x_wconf 87' lang='lat' dir='ltr'><strong>igituret</strong></span> <span class='ocrx_word' id='word_1_458' title='bbox 3341 2438 3458 2486; x_wconf 88' lang='lat' dir='ltr'><strong>nos,</strong></span> <span class='ocrx_word' id='word_1_459' title='bbox 3489 2439 3598 2475; x_wconf 89' lang='lat' dir='ltr'><strong>nea</strong></span> <span class='ocrx_word' id='word_1_460' title='bbox 3620 2424 3823 2492; x_wconf 80' lang='lat' dir='ltr'><strong>priori-</strong></span> <span class='ocrx_word' id='word_1_461' title='bbox 3892 2432 3893 2487; x_wconf 71' lang='lat' dir='ltr'><strong>l</strong></span> 
     </span>
    </p>
   </div>
   <div class='ocr_carea' id='block_1_62' title="bbox 2238 2514 3893 2583">
    <p class='ocr_par' dir='ltr' id='par_1_62' title="bbox 2238 2514 3893 2583">
     <span class='ocr_line' id='line_1_62' title="bbox 2238 2514 3893 2583; baseline -0.004 -13"><span class='ocrx_word' id='word_1_462' title='bbox 2238 2518 2336 2572; x_wconf 88' lang='lat' dir='ltr'><strong>bus</strong></span> <span class='ocrx_word' id='word_1_463' title='bbox 2390 2518 2632 2583; x_wconf 89' lang='lat' dir='ltr'><strong>liberati,</strong></span> <span class='ocrx_word' id='word_1_464' title='bbox 2687 2516 2875 2571; x_wconf 83' lang='lat' dir='ltr'><strong>inertia</strong></span> <span class='ocrx_word' id='word_1_465' title='bbox 2920 2514 3273 2582; x_wconf 85' lang='lat' dir='ltr'><strong>subrepente,</strong></span> <span class='ocrx_word' id='word_1_466' title='bbox 3323 2514 3590 2583; x_wconf 89' lang='lat' dir='ltr'><strong>prioribus</strong></span> <span class='ocrx_word' id='word_1_467' title='bbox 3630 2514 3822 2581; x_wconf 85' lang='lat' dir='ltr'><strong>pejora</strong></span> <span class='ocrx_word' id='word_1_468' title='bbox 3892 2530 3893 2533; x_wconf 45' lang='grc' dir='ltr'><strong>η</strong></span> 
     </span>
    </p>
   </div>
   <div class='ocr_carea' id='block_1_63' title="bbox 2238 2604 3823 2674">
    <p class='ocr_par' dir='ltr' id='par_1_63' title="bbox 2238 2604 3823 2674">
     <span class='ocr_line' id='line_1_63' title="bbox 2238 2604 3823 2674; baseline -0.003 -11"><span class='ocrx_word' id='word_1_469' title='bbox 2238 2609 2540 2664; x_wconf 88' lang='lat' dir='ltr'><strong>subeamus.</strong></span> <span class='ocrx_word' id='word_1_470' title='bbox 2571 2606 2703 2674; x_wconf 80' lang='lat' dir='ltr'><strong>Novi</strong></span> <span class='ocrx_word' id='word_1_471' title='bbox 2736 2621 2832 2659; x_wconf 84' lang='lat' dir='ltr'><strong>vos</strong></span> <span class='ocrx_word' id='word_1_472' title='bbox 2857 2605 2924 2660; x_wconf 87' lang='lat' dir='ltr'><strong>ab</strong></span> <span class='ocrx_word' id='word_1_473' title='bbox 2967 2605 3066 2659; x_wconf 89' lang='lat' dir='ltr'><strong>hac</strong></span> <span class='ocrx_word' id='word_1_474' title='bbox 3098 2605 3301 2658; x_wconf 87' lang='lat' dir='ltr'><strong>alienos</strong></span> <span class='ocrx_word' id='word_1_475' title='bbox 3343 2604 3599 2669; x_wconf 87' lang='lat' dir='ltr'><strong>stultitia;</strong></span> <span class='ocrx_word' id='word_1_476' title='bbox 3625 2621 3823 2658; x_wconf 83' lang='lat' dir='ltr'><strong>verum</strong></span> 
     </span>
    </p>
   </div>
   <div class='ocr_carea' id='block_1_64' title="bbox 2238 2694 3825 2768">
    <p class='ocr_par' dir='ltr' id='par_1_64' title="bbox 2238 2694 3825 2768">
     <span class='ocr_line' id='line_1_64' title="bbox 2238 2694 3825 2768; baseline -0.006 -13"><span class='ocrx_word' id='word_1_477' title='bbox 2238 2712 2291 2755; x_wconf 91' lang='lat' dir='ltr'><strong>et</strong></span> <span class='ocrx_word' id='word_1_478' title='bbox 2340 2700 2689 2768; x_wconf 71' lang='lat' dir='ltr'><strong>incomposite</strong></span> <span class='ocrx_word' id='word_1_479' title='bbox 2734 2696 3065 2752; x_wconf 87' lang='lat' dir='ltr'><strong>ambulantes</strong></span> <span class='ocrx_word' id='word_1_480' title='bbox 3111 2694 3371 2760; x_wconf 84' lang='lat' dir='ltr'><strong>cohibete,</strong></span> <span class='ocrx_word' id='word_1_481' title='bbox 3406 2695 3603 2763; x_wconf 88' lang='lat' dir='ltr'><strong>punite,</strong></span> <span class='ocrx_word' id='word_1_482' title='bbox 3654 2701 3825 2747; x_wconf 71' lang='lat' dir='ltr'><strong>casti-</strong></span> 
     </span>
    </p>
   </div>
   <div class='ocr_carea' id='block_1_65' title="bbox 2237 2783 3824 2862">
    <p class='ocr_par' dir='ltr' id='par_1_65' title="bbox 2237 2783 3824 2862">
     <span class='ocr_line' id='line_1_65' title="bbox 2237 2783 3824 2862; baseline -0.006 -18"><span class='ocrx_word' id='word_1_483' title='bbox 2237 2804 2388 2862; x_wconf 78' lang='lat' dir='ltr'><strong>gate;</strong></span> <span class='ocrx_word' id='word_1_484' title='bbox 2416 2799 2475 2844; x_wconf 87' lang='lat' dir='ltr'><strong>ut</strong></span> <span class='ocrx_word' id='word_1_485' title='bbox 2501 2805 2712 2859; x_wconf 88' lang='lat' dir='ltr'><strong>semper</strong></span> <span class='ocrx_word' id='word_1_486' title='bbox 2736 2788 3067 2859; x_wconf 80' lang='lat' dir='ltr'><strong>gaudeatis’,</strong></span> <span class='ocrx_word' id='word_1_487' title='bbox 3097 2787 3231 2839; x_wconf 82' lang='lat' dir='ltr'><strong>sicut</strong></span> <span class='ocrx_word' id='word_1_488' title='bbox 3273 2784 3469 2839; x_wconf 88' lang='lat' dir='ltr'><strong>Paulus</strong></span> <span class='ocrx_word' id='word_1_489' title='bbox 3509 2783 3824 2852; x_wconf 79' lang='lat' dir='ltr'><strong>imperavit,</strong></span> 
     </span>
    </p>
   </div>
   <div class='ocr_carea' id='block_1_66' title="bbox 2240 2874 3824 2951">
    <p class='ocr_par' dir='ltr' id='par_1_66' title="bbox 2240 2874 3824 2951">
     <span class='ocr_line' id='line_1_66' title="bbox 2240 2874 3824 2951; baseline -0.006 -14"><span class='ocrx_word' id='word_1_490' title='bbox 2240 2893 2298 2937; x_wconf 89' lang='lat' dir='ltr'><strong>ut</strong></span> <span class='ocrx_word' id='word_1_491' title='bbox 2340 2892 2395 2936; x_wconf 92' lang='lat' dir='ltr'><strong>et</strong></span> <span class='ocrx_word' id='word_1_492' title='bbox 2439 2881 2772 2951; x_wconf 86' lang='lat' dir='ltr'><strong>propriorum</strong></span> <span class='ocrx_word' id='word_1_493' title='bbox 2824 2879 2907 2932; x_wconf 93' lang='lat' dir='ltr'><strong>hic</strong></span> <span class='ocrx_word' id='word_1_494' title='bbox 2951 2879 3260 2932; x_wconf 89' lang='lat' dir='ltr'><strong>meritorum</strong></span> <span class='ocrx_word' id='word_1_495' title='bbox 3306 2884 3361 2931; x_wconf 92' lang='lat' dir='ltr'><strong>et</strong></span> <span class='ocrx_word' id='word_1_496' title='bbox 3406 2874 3630 2928; x_wconf 92' lang='lat' dir='ltr'><strong>aliorum</strong></span> <span class='ocrx_word' id='word_1_497' title='bbox 3672 2889 3824 2929; x_wconf 72' lang='lat' dir='ltr'><strong>cura:</strong></span> 
     </span>
    </p>
   </div>
   <div class='ocr_carea' id='block_1_67' title="bbox 2238 2964 3824 3034">
    <p class='ocr_par' dir='ltr' id='par_1_67' title="bbox 2238 2964 3824 3034">
     <span class='ocr_line' id='line_1_67' title="bbox 2238 2964 3824 3034; baseline -0.007 -6"><span class='ocrx_word' id='word_1_498' title='bbox 2238 2974 2456 3028; x_wconf 86' lang='lat' dir='ltr'><strong>multam</strong></span> <span class='ocrx_word' id='word_1_499' title='bbox 2484 2981 2538 3026; x_wconf 91' lang='lat' dir='ltr'><strong>et</strong></span> <span class='ocrx_word' id='word_1_500' title='bbox 2567 2970 2655 3025; x_wconf 83' lang='lat' dir='ltr'><strong>hic</strong></span> <span class='ocrx_word' id='word_1_501' title='bbox 2680 2980 2732 3025; x_wconf 91' lang='lat' dir='ltr'><strong>et</strong></span> <span class='ocrx_word' id='word_1_502' title='bbox 2755 2971 2806 3023; x_wconf 91' lang='lat' dir='ltr'><strong>in</strong></span> <span class='ocrx_word' id='word_1_503' title='bbox 2838 2968 3013 3022; x_wconf 89' lang='lat' dir='ltr'><strong>futura</strong></span> <span class='ocrx_word' id='word_1_504' title='bbox 3034 2966 3140 3021; x_wconf 85' lang='lat' dir='ltr'><strong>vita</strong></span> <span class='ocrx_word' id='word_1_505' title='bbox 3162 2967 3432 3034; x_wconf 85' lang='lat' dir='ltr'><strong>capiamus</strong></span> <span class='ocrx_word' id='word_1_506' title='bbox 3471 2964 3784 3018; x_wconf 83' lang='lat' dir='ltr'><strong>mercedem</strong></span> <span class='ocrx_word' id='word_1_507' title='bbox 3802 3005 3824 3026; x_wconf 83' lang='grc'><em>,</em></span> 
     </span>
    </p>
   </div>
   <div class='ocr_carea' id='block_1_68' title="bbox 2238 3054 3827 3137">
    <p class='ocr_par' dir='ltr' id='par_1_68' title="bbox 2238 3054 3827 3137">
     <span class='ocr_line' id='line_1_68' title="bbox 2238 3054 3827 3137; baseline -0.009 -18"><span class='ocrx_word' id='word_1_508' title='bbox 2238 3065 2403 3137; x_wconf 88' lang='lat' dir='ltr'><strong>gratia</strong></span> <span class='ocrx_word' id='word_1_509' title='bbox 2444 3073 2501 3120; x_wconf 90' lang='lat' dir='ltr'><strong>et</strong></span> <span class='ocrx_word' id='word_1_510' title='bbox 2537 3063 2859 3133; x_wconf 84' lang='lat' dir='ltr'><strong>benignitate</strong></span> <span class='ocrx_word' id='word_1_511' title='bbox 2879 3060 3082 3116; x_wconf 87' lang='lat' dir='ltr'><strong>Domini</strong></span> <span class='ocrx_word' id='word_1_512' title='bbox 3117 3058 3282 3113; x_wconf 90' lang='lat' dir='ltr'><strong>nostri</strong></span> <span class='ocrx_word' id='word_1_513' title='bbox 3319 3056 3443 3112; x_wconf 84' lang='lat' dir='ltr'><strong>Jesu</strong></span> <span class='ocrx_word' id='word_1_514' title='bbox 3468 3054 3690 3122; x_wconf 91' lang='lat' dir='ltr'><strong>Christi,</strong></span> <span class='ocrx_word' id='word_1_515' title='bbox 3722 3071 3827 3124; x_wconf 79' lang='lat' dir='ltr'><strong>per</strong></span> 
     </span>
    </p>
   </div>
   <div class='ocr_carea' id='block_1_69' title="bbox 2239 3146 3824 3226">
    <p class='ocr_par' dir='ltr' id='par_1_69' title="bbox 2239 3146 3824 3226">
     <span class='ocr_line' id='line_1_69' title="bbox 2239 3146 3824 3226; baseline -0.008 -16"><span class='ocrx_word' id='word_1_516' title='bbox 2239 3172 2395 3226; x_wconf 90' lang='lat' dir='ltr'><strong>quem</strong></span> <span class='ocrx_word' id='word_1_517' title='bbox 2426 3164 2618 3210; x_wconf 91' lang='lat' dir='ltr'><strong>etcum</strong></span> <span class='ocrx_word' id='word_1_518' title='bbox 2647 3169 2751 3223; x_wconf 88' lang='lat' dir='ltr'><strong>quo</strong></span> <span class='ocrx_word' id='word_1_519' title='bbox 2778 3152 2916 3207; x_wconf 87' lang='lat' dir='ltr'><strong>Patri</strong></span> <span class='ocrx_word' id='word_1_520' title='bbox 2941 3151 3097 3205; x_wconf 91' lang='lat' dir='ltr'><strong>simul</strong></span> <span class='ocrx_word' id='word_1_521' title='bbox 3119 3161 3171 3205; x_wconf 90' lang='lat' dir='ltr'><strong>et</strong></span> <span class='ocrx_word' id='word_1_522' title='bbox 3187 3158 3370 3203; x_wconf 87' lang='lat' dir='ltr'><strong>sancto</strong></span> <span class='ocrx_word' id='word_1_523' title='bbox 3385 3146 3597 3218; x_wconf 89' lang='lat' dir='ltr'><strong>Spiritui</strong></span> <span class='ocrx_word' id='word_1_524' title='bbox 3619 3146 3824 3215; x_wconf 72' lang='lat' dir='ltr'><strong>gloria,</strong></span> 
     </span>
    </p>
   </div>
   <div class='ocr_carea' id='block_1_70' title="bbox 2240 3238 3823 3311">
    <p class='ocr_par' dir='ltr' id='par_1_70' title="bbox 2240 3238 3823 3311">
     <span class='ocr_line' id='line_1_70' title="bbox 2240 3238 3823 3311; baseline -0.005 -11"><span class='ocrx_word' id='word_1_525' title='bbox 2240 3246 2413 3301; x_wconf 84' lang='lat' dir='ltr'><strong>honor</strong></span> <span class='ocrx_word' id='word_1_526' title='bbox 2433 3255 2487 3301; x_wconf 91' lang='lat' dir='ltr'><strong>et</strong></span> <span class='ocrx_word' id='word_1_527' title='bbox 2511 3245 2749 3299; x_wconf 90' lang='lat' dir='ltr'><strong>adoratio</strong></span> <span class='ocrx_word' id='word_1_528' title='bbox 2773 3285 2787 3310; x_wconf 93' lang='lat'><strong>,</strong></span> <span class='ocrx_word' id='word_1_529' title='bbox 2822 3259 2962 3298; x_wconf 88' lang='lat' dir='ltr'><strong>nunc</strong></span> <span class='ocrx_word' id='word_1_530' title='bbox 2990 3251 3045 3297; x_wconf 93' lang='lat' dir='ltr'><strong>et</strong></span> <span class='ocrx_word' id='word_1_531' title='bbox 3072 3256 3299 3311; x_wconf 86' lang='lat' dir='ltr'><strong>semper,</strong></span> <span class='ocrx_word' id='word_1_532' title='bbox 3324 3249 3377 3295; x_wconf 90' lang='lat' dir='ltr'><strong>et</strong></span> <span class='ocrx_word' id='word_1_533' title='bbox 3407 3239 3458 3293; x_wconf 91' lang='lat' dir='ltr'><strong>in</strong></span> <span class='ocrx_word' id='word_1_534' title='bbox 3479 3238 3675 3293; x_wconf 66' lang='lat' dir='ltr'><strong>sa3cula</strong></span> <span class='ocrx_word' id='word_1_535' title='bbox 3712 3253 3823 3292; x_wconf 62' lang='lat' dir='ltr'><strong>sua-</strong></span> 
     </span>
    </p>
   </div>
   <div class='ocr_carea' id='block_1_71' title="bbox 2238 3337 2717 3392">
    <p class='ocr_par' dir='ltr' id='par_1_71' title="bbox 2238 3337 2717 3392">
     <span class='ocr_line' id='line_1_71' title="bbox 2238 3337 2717 3392; baseline -0.013 0"><span class='ocrx_word' id='word_1_536' title='bbox 2238 3337 2500 3392; x_wconf 91' lang='lat' dir='ltr'><strong>culorum.</strong></span> <span class='ocrx_word' id='word_1_537' title='bbox 2528 3337 2717 3391; x_wconf 88' lang='lat' dir='ltr'><strong>Amen.</strong></span> 
     </span>
    </p>
   </div>
   <div class='ocr_carea' id='block_1_72' title="bbox 2304 3461 3357 3531">
    <p class='ocr_par' dir='ltr' id='par_1_72' title="bbox 2304 3461 3357 3531">
     <span class='ocr_line' id='line_1_72' title="bbox 2304 3461 3357 3531; baseline -0.012 -9"><span class='ocrx_word' id='word_1_538' title='bbox 2304 3474 2319 3505; x_wconf 82' lang='grc'>¹</span> <span class='ocrx_word' id='word_1_539' title='bbox 2357 3470 2499 3521; x_wconf 76' lang='lat' dir='ltr'><strong>Savtl.</strong></span> <span class='ocrx_word' id='word_1_540' title='bbox 2514 3477 2567 3520; x_wconf 89' lang='lat' dir='ltr'><strong>et</strong></span> <span class='ocrx_word' id='word_1_541' title='bbox 2583 3468 2775 3531; x_wconf 77' lang='lat' dir='ltr'><strong>quidam</strong></span> <span class='ocrx_word' id='word_1_542' title='bbox 2798 3474 2926 3523; x_wconf 64' lang='lat' dir='ltr'><strong>Mss,</strong></span> <span class='ocrx_word' id='word_1_543' title='bbox 2953 3466 3015 3515; x_wconf 84' lang='lat' dir='ltr'><strong>de</strong></span> <span class='ocrx_word' id='word_1_544' title='bbox 3034 3461 3357 3531; x_wconf 57' lang='lat' dir='ltr'><strong>(temerarias.</strong></span> 
     </span>
    </p>
   </div>
   <div class='ocr_carea' id='block_1_73' title="bbox 2304 3530 3271 3596">
    <p class='ocr_par' dir='ltr' id='par_1_73' title="bbox 2304 3530 3271 3596">
     <span class='ocr_line' id='line_1_73' title="bbox 2304 3530 3271 3596; baseline -0.011 -13"><span class='ocrx_word' id='word_1_545' title='bbox 2304 3537 2323 3565; x_wconf 72' lang='grc' dir='ltr'>ι</span> <span class='ocrx_word' id='word_1_546' title='bbox 2359 3533 2489 3596; x_wconf 78' lang='lat' dir='ltr'><strong>Apud</strong></span> <span class='ocrx_word' id='word_1_547' title='bbox 2506 3532 2627 3581; x_wconf 80' lang='lat' dir='ltr'><strong>alios</strong></span> <span class='ocrx_word' id='word_1_548' title='bbox 2651 3544 2663 3579; x_wconf 87' lang='lat'><strong>:</strong></span> <span class='ocrx_word' id='word_1_549' title='bbox 2691 3536 2746 3579; x_wconf 61' lang='lat' dir='ltr'><strong>L71</strong></span> <span class='ocrx_word' id='word_1_550' title='bbox 2766 3538 2953 3590; x_wconf 75' lang='lat' dir='ltr'><strong>semper</strong></span> <span class='ocrx_word' id='word_1_551' title='bbox 2974 3530 3271 3589; x_wconf 78' lang='lat' dir='ltr'><strong>gaudeamus</strong></span> 
     </span>
    </p>
   </div>
   <div class='ocr_carea' id='block_1_74' title="bbox 1716 3642 3798 3664">
    <p class='ocr_par' dir='ltr' id='par_1_74' title="bbox 1716 3642 3798 3664">
     <span class='ocr_line' id='line_1_74' title="bbox 1716 3642 3798 3664; baseline 0.002 -11"><span class='ocrx_word' id='word_1_552' title='bbox 1716 3642 3798 3664; x_wconf 48' lang='grc' dir='ltr'><strong>ΜΝ</strong></span> 
     </span>
    </p>
   </div>
   <div class='ocr_carea' id='block_1_75' title="bbox 759 3721 3615 3802">
    <p class='ocr_par' dir='ltr' id='par_1_75' title="bbox 759 3721 3615 3802">
     <span class='ocr_line' id='line_1_75' title="bbox 759 3721 3615 3802; baseline 0.001 -26"><span class='ocrx_word' id='word_1_553' title='bbox 759 3733 1065 3784; x_wconf 67' lang='lat' dir='ltr'><strong>Domum</strong></span> <span class='ocrx_word' id='word_1_554' title='bbox 1106 3738 1404 3782; x_wconf 63' lang='lat' dir='ltr'><strong>saevam</strong></span> <span class='ocrx_word' id='word_1_555' title='bbox 1450 3721 1531 3802; x_wconf 84' lang='grc' dir='ltr'><strong>(α)</strong></span> <span class='ocrx_word' id='word_1_556' title='bbox 1576 3743 1660 3786; x_wconf 65' lang='lat' dir='ltr'><strong>an</strong></span> <span class='ocrx_word' id='word_1_557' title='bbox 1702 3743 1978 3789; x_wconf 70' lang='lat' dir='ltr'><strong>HOMINES</strong></span> <span class='ocrx_word' id='word_1_558' title='bbox 2023 3744 2220 3788; x_wconf 61' lang='lat' dir='ltr'><strong>aenos</strong></span> <span class='ocrx_word' id='word_1_559' title='bbox 2264 3744 2600 3800; x_wconf 77' lang='lat' dir='ltr'><strong>COLENTES,</strong></span> <span class='ocrx_word' id='word_1_560' title='bbox 2647 3745 2725 3786; x_wconf 84' lang='lat' dir='ltr'><strong>ET</strong></span> <span class='ocrx_word' id='word_1_561' title='bbox 2766 3743 2850 3785; x_wconf 75' lang='lat' dir='ltr'><strong>DE</strong></span> <span class='ocrx_word' id='word_1_562' title='bbox 2894 3738 3172 3787; x_wconf 71' lang='lat' dir='ltr'><strong>&quot;nunc</strong></span> <span class='ocrx_word' id='word_1_563' title='bbox 3212 3737 3615 3782; x_wconf 74' lang='lat' dir='ltr'><strong>JUBAIIENTO.</strong></span> 
     </span>
    </p>
   </div>
   <div class='ocr_carea' id='block_1_76' title="bbox 1157 3969 1520 4010">
    <p class='ocr_par' dir='ltr' id='par_1_76' title="bbox 1157 3969 1520 4010">
     <span class='ocr_line' id='line_1_76' title="bbox 1157 3969 1520 4010; baseline 0.006 -2"><span class='ocrx_word' id='word_1_564' title='bbox 1157 3969 1369 4009; x_wconf 73' lang='lat' dir='ltr'><strong>HOMlLlA</strong></span> <span class='ocrx_word' id='word_1_565' title='bbox 1408 3970 1520 4010; x_wconf 71' lang='lat' dir='ltr'><strong>XIX.</strong></span> 
     </span>
    </p>
   </div>
   <div class='ocr_carea' id='block_1_77' title="bbox 637 4083 2129 4155">
    <p class='ocr_par' dir='ltr' id='par_1_77' title="bbox 637 4083 2129 4155">
     <span class='ocr_line' id='line_1_77' title="bbox 637 4083 2129 4155; baseline 0.005 -18"><span class='ocrx_word' id='word_1_566' title='bbox 637 4085 687 4137; x_wconf 72' lang='grc' dir='ltr'><strong>ί.</strong></span> <span class='ocrx_word' id='word_1_567' title='bbox 728 4083 906 4152; x_wconf 85' lang='lat' dir='ltr'><strong>Epulis</strong></span> <span class='ocrx_word' id='word_1_568' title='bbox 948 4094 1248 4138; x_wconf 87' lang='lat' dir='ltr'><strong>sanctorum</strong></span> <span class='ocrx_word' id='word_1_569' title='bbox 1291 4094 1582 4155; x_wconf 74' lang='lat' dir='ltr'><strong>martyrum</strong></span> <span class='ocrx_word' id='word_1_570' title='bbox 1622 4088 1832 4155; x_wconf 79' lang='lat' dir='ltr'><strong>excepti</strong></span> <span class='ocrx_word' id='word_1_571' title='bbox 1876 4089 2006 4143; x_wconf 85' lang='lat' dir='ltr'><strong>estis</strong></span> <span class='ocrx_word' id='word_1_572' title='bbox 2047 4089 2129 4145; x_wconf 89' lang='lat' dir='ltr'><strong>his</strong></span> 
     </span>
    </p>
   </div>
   <div class='ocr_carea' id='block_1_78' title="bbox 565 4164 2128 4245">
    <p class='ocr_par' dir='ltr' id='par_1_78' title="bbox 565 4164 2128 4245">
     <span class='ocr_line' id='line_1_78' title="bbox 565 4164 2128 4245; baseline 0.004 -19"><span class='ocrx_word' id='word_1_573' title='bbox 565 4175 843 4243; x_wconf 62' lang='lat' dir='ltr'><strong>prieteritis</strong></span> <span class='ocrx_word' id='word_1_574' title='bbox 868 4174 1054 4228; x_wconf 87' lang='lat' dir='ltr'><strong>diebus</strong></span> <span class='ocrx_word' id='word_1_575' title='bbox 1081 4193 1093 4229; x_wconf 89' lang='lat'><strong>:</strong></span> <span class='ocrx_word' id='word_1_576' title='bbox 1121 4175 1377 4245; x_wconf 81' lang='lat' dir='ltr'><strong>spirituali</strong></span> <span class='ocrx_word' id='word_1_577' title='bbox 1405 4175 1714 4231; x_wconf 84' lang='lat' dir='ltr'><strong>celebritate</strong></span> <span class='ocrx_word' id='word_1_578' title='bbox 1738 4178 1924 4245; x_wconf 87' lang='lat' dir='ltr'><strong>repleti</strong></span> <span class='ocrx_word' id='word_1_579' title='bbox 1949 4164 2128 4234; x_wconf 81' lang='lat' dir='ltr'><strong>exsul-</strong></span> 
     </span>
    </p>
   </div>
   <div class='ocr_carea' id='block_1_79' title="bbox 566 4264 2127 4337">
    <p class='ocr_par' dir='ltr' id='par_1_79' title="bbox 566 4264 2127 4337">
     <span class='ocr_line' id='line_1_79' title="bbox 566 4264 2127 4337; baseline 0.006 -21"><span class='ocrx_word' id='word_1_580' title='bbox 566 4265 712 4317; x_wconf 85' lang='lat' dir='ltr'><strong>tastis</strong></span> <span class='ocrx_word' id='word_1_581' title='bbox 742 4264 975 4319; x_wconf 91' lang='lat' dir='ltr'><strong>honestis</strong></span> <span class='ocrx_word' id='word_1_582' title='bbox 1002 4266 1442 4322; x_wconf 78' lang='lat' dir='ltr'><strong>exsultationihus</strong></span> <span class='ocrx_word' id='word_1_583' title='bbox 1476 4284 1489 4319; x_wconf 92' lang='lat'><strong>:</strong></span> <span class='ocrx_word' id='word_1_584' title='bbox 1523 4267 1727 4321; x_wconf 88' lang='lat' dir='ltr'><strong>vidistis</strong></span> <span class='ocrx_word' id='word_1_585' title='bbox 1754 4279 1932 4337; x_wconf 87' lang='lat' dir='ltr'><strong>aperta</strong></span> <span class='ocrx_word' id='word_1_586' title='bbox 1962 4270 2127 4325; x_wconf 81' lang='lat' dir='ltr'><strong>latera</strong></span> 
     </span>
    </p>
   </div>
   <div class='ocr_carea' id='block_1_80' title="bbox 563 4356 2128 4430">
    <p class='ocr_par' dir='ltr' id='par_1_80' title="bbox 563 4356 2128 4430">
     <span class='ocr_line' id='line_1_80' title="bbox 563 4356 2128 4430; baseline 0.006 -21"><span class='ocrx_word' id='word_1_587' title='bbox 563 4366 616 4409; x_wconf 89' lang='lat' dir='ltr'><strong>et</strong></span> <span class='ocrx_word' id='word_1_588' title='bbox 642 4356 727 4409; x_wconf 92' lang='lat' dir='ltr'><strong>ilia</strong></span> <span class='ocrx_word' id='word_1_589' title='bbox 757 4357 987 4423; x_wconf 88' lang='lat' dir='ltr'><strong>concisa,</strong></span> <span class='ocrx_word' id='word_1_590' title='bbox 1009 4371 1247 4421; x_wconf 88' lang='lat' dir='ltr'><strong>cruorem</strong></span> <span class='ocrx_word' id='word_1_591' title='bbox 1270 4359 1501 4430; x_wconf 84' lang='lat' dir='ltr'><strong>undique</strong></span> <span class='ocrx_word' id='word_1_592' title='bbox 1529 4360 1868 4426; x_wconf 89' lang='lat' dir='ltr'><strong>deﬂuentem,</strong></span> <span class='ocrx_word' id='word_1_593' title='bbox 1894 4362 2128 4418; x_wconf 86' lang='lat' dir='ltr'><strong>inliuitas</strong></span> 
     </span>
    </p>
   </div>
   <div class='ocr_carea' id='block_1_81' title="bbox 565 4450 2126 4520">
    <p class='ocr_par' dir='ltr' id='par_1_81' title="bbox 565 4450 2126 4520">
     <span class='ocr_line' id='line_1_81' title="bbox 565 4450 2126 4520; baseline 0.005 -20"><span class='ocrx_word' id='word_1_594' title='bbox 565 4456 950 4503; x_wconf 87' lang='lat' dir='ltr'><strong>tormentorum</strong></span> <span class='ocrx_word' id='word_1_595' title='bbox 990 4451 1194 4520; x_wconf 90' lang='lat' dir='ltr'><strong>species</strong></span> <span class='ocrx_word' id='word_1_596' title='bbox 1236 4470 1249 4508; x_wconf 86' lang='lat'><strong>:</strong></span> <span class='ocrx_word' id='word_1_597' title='bbox 1294 4450 1573 4504; x_wconf 89' lang='lat' dir='ltr'><strong>humanam</strong></span> <span class='ocrx_word' id='word_1_598' title='bbox 1633 4452 1837 4505; x_wconf 75' lang='lat' dir='ltr'><strong>vidistis</strong></span> <span class='ocrx_word' id='word_1_599' title='bbox 1884 4464 2126 4509; x_wconf 90' lang='lat' dir='ltr'><strong>naturam</strong></span> 
     </span>
    </p>
   </div>
   <div class='ocr_carea' id='block_1_82' title="bbox 562 4541 2127 4613">
    <p class='ocr_par' dir='ltr' id='par_1_82' title="bbox 562 4541 2127 4613">
     <span class='ocr_line' id='line_1_82' title="bbox 562 4541 2127 4613; baseline 0.004 -20"><span class='ocrx_word' id='word_1_600' title='bbox 562 4541 977 4608; x_wconf 87' lang='lat' dir='ltr'><strong>supernatnralia</strong></span> <span class='ocrx_word' id='word_1_601' title='bbox 1006 4552 1364 4609; x_wconf 78' lang='lat' dir='ltr'><strong>praestantem,</strong></span> <span class='ocrx_word' id='word_1_602' title='bbox 1391 4554 1444 4598; x_wconf 91' lang='lat' dir='ltr'><strong>ct</strong></span> <span class='ocrx_word' id='word_1_603' title='bbox 1463 4559 1686 4599; x_wconf 88' lang='lat' dir='ltr'><strong>coronas</strong></span> <span class='ocrx_word' id='word_1_604' title='bbox 1714 4545 1969 4613; x_wconf 77' lang='lat' dir='ltr'><strong>sanguine</strong></span> <span class='ocrx_word' id='word_1_605' title='bbox 1995 4561 2127 4600; x_wconf 89' lang='lat' dir='ltr'><strong>cou-</strong></span> 
     </span>
    </p>
   </div>
   <div class='ocr_carea' id='block_1_83' title="bbox 565 4631 2128 4705">
    <p class='ocr_par' dir='ltr' id='par_1_83' title="bbox 565 4631 2128 4705">
     <span class='ocr_line' id='line_1_83' title="bbox 565 4631 2128 4705; baseline 0.004 -20"><span class='ocrx_word' id='word_1_606' title='bbox 565 4640 735 4685; x_wconf 76' lang='lat' dir='ltr'><strong>textas</strong></span> <span class='ocrx_word' id='word_1_607' title='bbox 764 4650 776 4683; x_wconf 89' lang='lat'><strong>:</strong></span> <span class='ocrx_word' id='word_1_608' title='bbox 809 4632 1077 4700; x_wconf 86' lang='lat' dir='ltr'><strong>pulchram</strong></span> <span class='ocrx_word' id='word_1_609' title='bbox 1102 4633 1330 4688; x_wconf 86' lang='lat' dir='ltr'><strong>saltastis</strong></span> <span class='ocrx_word' id='word_1_610' title='bbox 1356 4636 1635 4699; x_wconf 89' lang='lat' dir='ltr'><strong>ehoream,</strong></span> <span class='ocrx_word' id='word_1_611' title='bbox 1664 4636 1714 4690; x_wconf 92' lang='lat' dir='ltr'><strong>in</strong></span> <span class='ocrx_word' id='word_1_612' title='bbox 1758 4631 1969 4690; x_wconf 88' lang='lat' dir='ltr'><strong>on&#39;lnem</strong></span> <span class='ocrx_word' id='word_1_613' title='bbox 2002 4653 2128 4705; x_wconf 85' lang='lat' dir='ltr'><strong>par-</strong></span> 
     </span>
    </p>
   </div>
   <div class='ocr_carea' id='block_1_84' title="bbox 562 4722 2127 4796">
    <p class='ocr_par' dir='ltr' id='par_1_84' title="bbox 562 4722 2127 4796">
     <span class='ocr_line' id='line_1_84' title="bbox 562 4722 2127 4796; baseline 0.004 -22"><span class='ocrx_word' id='word_1_614' title='bbox 562 4730 668 4775; x_wconf 90' lang='lat' dir='ltr'><strong>tem</strong></span> <span class='ocrx_word' id='word_1_615' title='bbox 712 4723 937 4775; x_wconf 88' lang='lat' dir='ltr'><strong>civitatis</strong></span> <span class='ocrx_word' id='word_1_616' title='bbox 983 4722 1083 4776; x_wconf 75' lang='lat' dir='ltr'><strong>lzoe</strong></span> <span class='ocrx_word' id='word_1_617' title='bbox 1140 4722 1364 4778; x_wconf 69' lang='lat' dir='ltr'><strong>lienesto</strong></span> <span class='ocrx_word' id='word_1_618' title='bbox 1408 4725 1540 4781; x_wconf 83' lang='lat' dir='ltr'><strong>duce</strong></span> <span class='ocrx_word' id='word_1_619' title='bbox 1583 4741 1677 4779; x_wconf 79' lang='lat' dir='ltr'><strong>vos</strong></span> <span class='ocrx_word' id='word_1_620' title='bbox 1717 4726 2127 4796; x_wconf 84' lang='lat' dir='ltr'><strong>circumagente.</strong></span> 
     </span>
    </p>
   </div>
   <div class='ocr_carea' id='block_1_85' title="bbox 563 4811 2125 4886">
    <p class='ocr_par' dir='ltr' id='par_1_85' title="bbox 563 4811 2125 4886">
     <span class='ocr_line' id='line_1_85' title="bbox 563 4811 2125 4886; baseline 0.005 -22"><span class='ocrx_word' id='word_1_621' title='bbox 563 4811 664 4865; x_wconf 87' lang='lat' dir='ltr'><strong>Sed</strong></span> <span class='ocrx_word' id='word_1_622' title='bbox 706 4827 802 4865; x_wconf 89' lang='lat' dir='ltr'><strong>nos</strong></span> <span class='ocrx_word' id='word_1_623' title='bbox 830 4823 882 4865; x_wconf 88' lang='lat' dir='ltr'><strong>et</strong></span> <span class='ocrx_word' id='word_1_624' title='bbox 927 4813 1116 4868; x_wconf 88' lang='lat' dir='ltr'><strong>invitos</strong></span> <span class='ocrx_word' id='word_1_625' title='bbox 1161 4814 1436 4869; x_wconf 81' lang='lat' dir='ltr'><strong>infirmitas</strong></span> <span class='ocrx_word' id='word_1_626' title='bbox 1461 4817 1601 4871; x_wconf 86' lang='lat' dir='ltr'><strong>domi</strong></span> <span class='ocrx_word' id='word_1_627' title='bbox 1635 4833 1848 4872; x_wconf 88' lang='lat' dir='ltr'><strong>manere</strong></span> <span class='ocrx_word' id='word_1_628' title='bbox 1885 4820 2125 4886; x_wconf 81' lang='lat' dir='ltr'><strong>cogebat.</strong></span> 
     </span>
    </p>
   </div>
   <div class='ocr_carea' id='block_1_86' title="bbox 564 4903 2130 4977">
    <p class='ocr_par' dir='ltr' id='par_1_86' title="bbox 564 4903 2130 4977">
     <span class='ocr_line' id='line_1_86' title="bbox 564 4903 2130 4977; baseline 0.004 -20"><span class='ocrx_word' id='word_1_629' title='bbox 564 4903 762 4957; x_wconf 88' lang='lat' dir='ltr'><strong>Tamen</strong></span> <span class='ocrx_word' id='word_1_630' title='bbox 788 4905 884 4957; x_wconf 88' lang='lat' dir='ltr'><strong>etsi</strong></span> <span class='ocrx_word' id='word_1_631' title='bbox 916 4905 1233 4959; x_wconf 84' lang='lat' dir='ltr'><strong>Solemnitati</strong></span> <span class='ocrx_word' id='word_1_632' title='bbox 1264 4921 1366 4960; x_wconf 92' lang='lat' dir='ltr'><strong>non</strong></span> <span class='ocrx_word' id='word_1_633' title='bbox 1397 4908 1748 4972; x_wconf 80' lang='lat' dir='ltr'><strong>interfuimus,</strong></span> <span class='ocrx_word' id='word_1_634' title='bbox 1776 4908 1840 4963; x_wconf 92' lang='lat' dir='ltr'><strong>de</strong></span> <span class='ocrx_word' id='word_1_635' title='bbox 1863 4910 2130 4977; x_wconf 82' lang='lat' dir='ltr'><strong>voluptate</strong></span> 
     </span>
    </p>
   </div>
   <div class='ocr_carea' id='block_1_87' title="bbox 560 4996 2121 5071">
    <p class='ocr_par' dir='ltr' id='par_1_87' title="bbox 560 4996 2121 5071">
     <span class='ocr_line' id='line_1_87' title="bbox 560 4996 2121 5071; baseline 0.006 -24"><span class='ocrx_word' id='word_1_636' title='bbox 560 4996 982 5065; x_wconf 86' lang='lat' dir='ltr'><strong>participavimus</strong></span> <span class='ocrx_word' id='word_1_637' title='bbox 1008 5017 1021 5052; x_wconf 89' lang='lat'><strong>:</strong></span> <span class='ocrx_word' id='word_1_638' title='bbox 1051 4999 1146 5053; x_wconf 90' lang='lat' dir='ltr'><strong>etsi</strong></span> <span class='ocrx_word' id='word_1_639' title='bbox 1188 4998 1254 5053; x_wconf 92' lang='lat' dir='ltr'><strong>de</strong></span> <span class='ocrx_word' id='word_1_640' title='bbox 1296 5001 1548 5053; x_wconf 88' lang='lat' dir='ltr'><strong>concione</strong></span> <span class='ocrx_word' id='word_1_641' title='bbox 1593 4999 1818 5056; x_wconf 89' lang='lat' dir='ltr'><strong>fructum</strong></span> <span class='ocrx_word' id='word_1_642' title='bbox 1847 5018 1949 5056; x_wconf 91' lang='lat' dir='ltr'><strong>non</strong></span> <span class='ocrx_word' id='word_1_643' title='bbox 1974 5003 2121 5071; x_wconf 83' lang='lat' dir='ltr'><strong>cepi-</strong></span> 
     </span>
    </p>
   </div>
   <div class='ocr_carea' id='block_1_88' title="bbox 565 5086 2131 5151">
    <p class='ocr_par' dir='ltr' id='par_1_88' title="bbox 565 5086 2131 5151">
     <span class='ocr_line' id='line_1_88' title="bbox 565 5086 2131 5151; baseline 0.003 -8"><span class='ocrx_word' id='word_1_644' title='bbox 565 5100 704 5151; x_wconf 90' lang='lat' dir='ltr'><strong>Inus,</strong></span> <span class='ocrx_word' id='word_1_645' title='bbox 751 5086 1021 5143; x_wconf 89' lang='lat' dir='ltr'><strong>vobiscum</strong></span> <span class='ocrx_word' id='word_1_646' title='bbox 1067 5099 1241 5144; x_wconf 90' lang='lat' dir='ltr'><strong>tamen</strong></span> <span class='ocrx_word' id='word_1_647' title='bbox 1282 5089 1514 5143; x_wconf 67' lang='lat' dir='ltr'><strong>ltetitiam</strong></span> <span class='ocrx_word' id='word_1_648' title='bbox 1557 5105 1893 5145; x_wconf 84' lang='lat' dir='ltr'><strong>communem</strong></span> <span class='ocrx_word' id='word_1_649' title='bbox 1948 5092 2131 5147; x_wconf 89' lang='lat' dir='ltr'><strong>habui-</strong></span> 
     </span>
    </p>
   </div>
   <div class='ocr_carea' id='block_1_89' title="bbox 560 5179 2129 5251">
    <p class='ocr_par' dir='ltr' id='par_1_89' title="bbox 560 5179 2129 5251">
     <span class='ocr_line' id='line_1_89' title="bbox 560 5179 2129 5251; baseline 0.002 -18"><span class='ocrx_word' id='word_1_650' title='bbox 560 5194 701 5233; x_wconf 87' lang='lat' dir='ltr'><strong>mus.</strong></span> <span class='ocrx_word' id='word_1_651' title='bbox 730 5179 871 5233; x_wconf 89' lang='lat' dir='ltr'><strong>Talis</strong></span> <span class='ocrx_word' id='word_1_652' title='bbox 900 5189 980 5234; x_wconf 91' lang='lat' dir='ltr'><strong>est</strong></span> <span class='ocrx_word' id='word_1_653' title='bbox 1006 5180 1146 5235; x_wconf 91' lang='lat' dir='ltr'><strong>enim</strong></span> <span class='ocrx_word' id='word_1_654' title='bbox 1177 5181 1410 5234; x_wconf 86' lang='lat' dir='ltr'><strong>caritatis</strong></span> <span class='ocrx_word' id='word_1_655' title='bbox 1431 5183 1516 5234; x_wconf 88' lang='lat' dir='ltr'><strong>.vis</strong></span> <span class='ocrx_word' id='word_1_656' title='bbox 1543 5200 1556 5235; x_wconf 92' lang='lat'><strong>:</strong></span> <span class='ocrx_word' id='word_1_657' title='bbox 1581 5198 1684 5235; x_wconf 90' lang='lat' dir='ltr'><strong>non</strong></span> <span class='ocrx_word' id='word_1_658' title='bbox 1725 5180 1957 5237; x_wconf 81' lang='lat' dir='ltr'><strong>fruentes</strong></span> <span class='ocrx_word' id='word_1_659' title='bbox 1990 5184 2129 5251; x_wconf 88' lang='lat' dir='ltr'><strong>pari-</strong></span> 
     </span>
    </p>
   </div>
   <div class='ocr_carea' id='block_1_90' title="bbox 565 5271 2131 5342">
    <p class='ocr_par' dir='ltr' id='par_1_90' title="bbox 565 5271 2131 5342">
     <span class='ocr_line' id='line_1_90' title="bbox 565 5271 2131 5342; baseline 0.003 -19"><span class='ocrx_word' id='word_1_660' title='bbox 565 5279 646 5325; x_wconf 87' lang='lat' dir='ltr'><strong>ter</strong></span> <span class='ocrx_word' id='word_1_661' title='bbox 672 5286 790 5325; x_wconf 88' lang='lat' dir='ltr'><strong>cum</strong></span> <span class='ocrx_word' id='word_1_662' title='bbox 842 5271 1130 5328; x_wconf 89' lang='lat' dir='ltr'><strong>fruentibus</strong></span> <span class='ocrx_word' id='word_1_663' title='bbox 1158 5272 1388 5342; x_wconf 85' lang='lat' dir='ltr'><strong>gaudere</strong></span> <span class='ocrx_word' id='word_1_664' title='bbox 1416 5272 1566 5339; x_wconf 88' lang='lat' dir='ltr'><strong>facit,</strong></span> <span class='ocrx_word' id='word_1_665' title='bbox 1605 5274 1905 5327; x_wconf 89' lang='lat' dir='ltr'><strong>communia</strong></span> <span class='ocrx_word' id='word_1_666' title='bbox 1949 5276 2131 5342; x_wconf 78' lang='lat' dir='ltr'><strong>proxi-</strong></span> 
     </span>
    </p>
   </div>
   <div class='ocr_carea' id='block_1_91' title="bbox 620 5422 2134 5483">
    <p class='ocr_par' dir='ltr' id='par_1_91' title="bbox 620 5422 2134 5483">
     <span class='ocr_line' id='line_1_91' title="bbox 620 5422 2134 5483; baseline 0.001 -12"><span class='ocrx_word' id='word_1_667' title='bbox 620 5422 692 5483; x_wconf 86' lang='lat' dir='ltr'><strong>(a)</strong></span> <span class='ocrx_word' id='word_1_668' title='bbox 725 5429 833 5471; x_wconf 79' lang='lat' dir='ltr'><strong>Erat</strong></span> <span class='ocrx_word' id='word_1_669' title='bbox 861 5428 1023 5471; x_wconf 84' lang='lat' dir='ltr'><strong>autem</strong></span> <span class='ocrx_word' id='word_1_670' title='bbox 1065 5429 1258 5473; x_wconf 79' lang='lat' dir='ltr'><strong>servata</strong></span> <span class='ocrx_word' id='word_1_671' title='bbox 1292 5424 1400 5473; x_wconf 87' lang='lat' dir='ltr'><strong>dies</strong></span> <span class='ocrx_word' id='word_1_672' title='bbox 1436 5423 1755 5481; x_wconf 73' lang='lat' dir='ltr'><strong>Ascensioms,</strong></span> <span class='ocrx_word' id='word_1_673' title='bbox 1781 5431 1836 5473; x_wconf 90' lang='lat' dir='ltr'><strong>ut</strong></span> <span class='ocrx_word' id='word_1_674' title='bbox 1855 5422 1921 5471; x_wconf 88' lang='lat' dir='ltr'><strong>ait</strong></span> <span class='ocrx_word' id='word_1_675' title='bbox 1943 5424 2134 5473; x_wconf 87' lang='lat' dir='ltr'><strong>simeon</strong></span> 
     </span>
    </p>
   </div>
   <div class='ocr_carea' id='block_1_92' title="bbox 560 5482 2134 5545">
    <p class='ocr_par' dir='ltr' id='par_1_92' title="bbox 560 5482 2134 5545">
     <span class='ocr_line' id='line_1_92' title="bbox 560 5482 2134 5545; baseline 0 -12"><span class='ocrx_word' id='word_1_676' title='bbox 560 5482 781 5539; x_wconf 82' lang='lat' dir='ltr'><strong>Allatius;</strong></span> <span class='ocrx_word' id='word_1_677' title='bbox 813 5484 1055 5533; x_wconf 79' lang='lat' dir='ltr'><strong>Dominica</strong></span> <span class='ocrx_word' id='word_1_678' title='bbox 1080 5498 1196 5533; x_wconf 85' lang='lat' dir='ltr'><strong>vero</strong></span> <span class='ocrx_word' id='word_1_679' title='bbox 1219 5493 1424 5534; x_wconf 64' lang='lat' dir='ltr'><strong>Servata:</strong></span> <span class='ocrx_word' id='word_1_680' title='bbox 1446 5488 1681 5533; x_wconf 83' lang='lat' dir='ltr'><strong>Dominica</strong></span> <span class='ocrx_word' id='word_1_681' title='bbox 1717 5486 1883 5545; x_wconf 86' lang='lat' dir='ltr'><strong>quinta</strong></span> <span class='ocrx_word' id='word_1_682' title='bbox 1920 5494 2025 5545; x_wconf 86' lang='lat' dir='ltr'><strong>post</strong></span> <span class='ocrx_word' id='word_1_683' title='bbox 2049 5494 2134 5535; x_wconf 80' lang='lat' dir='ltr'><strong>Pa-</strong></span> 
     </span>
    </p>
   </div>
   <div class='ocr_carea' id='block_1_93' title="bbox 559 5545 2130 5607">
    <p class='ocr_par' dir='ltr' id='par_1_93' title="bbox 559 5545 2130 5607">
     <span class='ocr_line' id='line_1_93' title="bbox 559 5545 2130 5607; baseline 0.002 -15"><span class='ocrx_word' id='word_1_684' title='bbox 559 5545 689 5607; x_wconf 82' lang='lat' dir='ltr'><strong>scha.</strong></span> <span class='ocrx_word' id='word_1_685' title='bbox 714 5545 844 5603; x_wconf 85' lang='lat' dir='ltr'><strong>Quod</strong></span> <span class='ocrx_word' id='word_1_686' title='bbox 870 5559 988 5594; x_wconf 88' lang='lat' dir='ltr'><strong>vero</strong></span> <span class='ocrx_word' id='word_1_687' title='bbox 1011 5548 1056 5595; x_wconf 78' lang='lat' dir='ltr'><strong>id</strong></span> <span class='ocrx_word' id='word_1_688' title='bbox 1080 5546 1359 5595; x_wconf 73' lang='lat' dir='ltr'><strong>difﬁcultate</strong></span> <span class='ocrx_word' id='word_1_689' title='bbox 1384 5560 1478 5594; x_wconf 90' lang='lat' dir='ltr'><strong>non</strong></span> <span class='ocrx_word' id='word_1_690' title='bbox 1506 5552 1661 5607; x_wconf 76' lang='lat' dir='ltr'><strong>vacet,</strong></span> <span class='ocrx_word' id='word_1_691' title='bbox 1708 5545 1928 5607; x_wconf 85' lang='lat' dir='ltr'><strong>pluribus</strong></span> <span class='ocrx_word' id='word_1_692' title='bbox 1968 5559 2025 5595; x_wconf 89' lang='lat' dir='ltr'><strong>ea</strong></span> <span class='ocrx_word' id='word_1_693' title='bbox 2065 5548 2130 5596; x_wconf 86' lang='lat' dir='ltr'><strong>de</strong></span> 
     </span>
    </p>
   </div>
   <div class='ocr_carea' id='block_1_94' title="bbox 559 5605 2136 5669">
    <p class='ocr_par' dir='ltr' id='par_1_94' title="bbox 559 5605 2136 5669">
     <span class='ocr_line' id='line_1_94' title="bbox 559 5605 2136 5669; baseline 0.004 -17"><span class='ocrx_word' id='word_1_694' title='bbox 559 5606 958 5669; x_wconf 69' lang='lat' dir='ltr'><strong>redisseruimus</strong></span> <span class='ocrx_word' id='word_1_695' title='bbox 981 5608 1031 5657; x_wconf 88' lang='lat' dir='ltr'><strong>in</strong></span> <span class='ocrx_word' id='word_1_696' title='bbox 1061 5609 1249 5657; x_wconf 75' lang='lat' dir='ltr'><strong>Itonito.</strong></span> <span class='ocrx_word' id='word_1_697' title='bbox 1283 5614 1427 5656; x_wconf 90' lang='lat' dir='ltr'><strong>Certe</strong></span> <span class='ocrx_word' id='word_1_698' title='bbox 1446 5607 1526 5655; x_wconf 86' lang='lat' dir='ltr'><strong>hic</strong></span> <span class='ocrx_word' id='word_1_699' title='bbox 1546 5605 1638 5656; x_wconf 88' lang='lat' dir='ltr'><strong>alia</strong></span> <span class='ocrx_word' id='word_1_700' title='bbox 1661 5605 1858 5669; x_wconf 79' lang='lat' dir='ltr'><strong>prorsus</strong></span> <span class='ocrx_word' id='word_1_701' title='bbox 1897 5609 2136 5659; x_wconf 82' lang='lat' dir='ltr'><strong>Dominica</strong></span> 
     </span>
    </p>
   </div>
   <div class='ocr_carea' id='block_1_95' title="bbox 560 5665 989 5716">
    <p class='ocr_par' dir='ltr' id='par_1_95' title="bbox 560 5665 989 5716">
     <span class='ocr_line' id='line_1_95' title="bbox 560 5665 989 5716; baseline 0.005 -4"><span class='ocrx_word' id='word_1_702' title='bbox 560 5665 759 5715; x_wconf 62' lang='lat' dir='ltr'><strong>indicari</strong></span> <span class='ocrx_word' id='word_1_703' title='bbox 783 5666 989 5716; x_wconf 87' lang='lat' dir='ltr'><strong>videtur.</strong></span> 
     </span>
    </p>
   </div>
   <div class='ocr_carea' id='block_1_96' title="bbox 2239 3945 3819 4023">
    <p class='ocr_par' dir='ltr' id='par_1_96' title="bbox 2239 3945 3819 4023">
     <span class='ocr_line' id='line_1_96' title="bbox 2239 3945 3819 4023; baseline -0.008 -9"><span class='ocrx_word' id='word_1_704' title='bbox 2239 3975 2444 4014; x_wconf 84' lang='lat' dir='ltr'><strong>nmrnm</strong></span> <span class='ocrx_word' id='word_1_705' title='bbox 2472 3958 2606 4011; x_wconf 90' lang='lat' dir='ltr'><strong>bona</strong></span> <span class='ocrx_word' id='word_1_706' title='bbox 2639 3965 2824 4023; x_wconf 88' lang='lat' dir='ltr'><strong>putare</strong></span> <span class='ocrx_word' id='word_1_707' title='bbox 2849 3950 3194 4022; x_wconf 82' lang='lat' dir='ltr'><strong>persuadens.</strong></span> <span class='ocrx_word' id='word_1_708' title='bbox 3239 3948 3524 4015; x_wconf 81' lang='lat' dir='ltr'><strong>Pmpterea</strong></span> <span class='ocrx_word' id='word_1_709' title='bbox 3562 3955 3617 4000; x_wconf 91' lang='lat' dir='ltr'><strong>et</strong></span> <span class='ocrx_word' id='word_1_710' title='bbox 3665 3945 3819 4001; x_wconf 84' lang='lat' dir='ltr'><strong>domi</strong></span> 
     </span>
    </p>
   </div>
   <div class='ocr_carea' id='block_1_97' title="bbox 2238 4037 3817 4117">
    <p class='ocr_par' dir='ltr' id='par_1_97' title="bbox 2238 4037 3817 4117">
     <span class='ocr_line' id='line_1_97' title="bbox 2238 4037 3817 4117; baseline -0.009 -13"><span class='ocrx_word' id='word_1_711' title='bbox 2238 4051 2429 4103; x_wconf 77' lang='lat' dir='ltr'><strong>sedens</strong></span> <span class='ocrx_word' id='word_1_712' title='bbox 2456 4047 2747 4117; x_wconf 86' lang='lat' dir='ltr'><strong>gaudebam</strong></span> <span class='ocrx_word' id='word_1_713' title='bbox 2773 4045 3079 4107; x_wconf 90' lang='lat' dir='ltr'><strong>vobiscum,</strong></span> <span class='ocrx_word' id='word_1_714' title='bbox 3112 4049 3165 4094; x_wconf 91' lang='lat' dir='ltr'><strong>et</strong></span> <span class='ocrx_word' id='word_1_715' title='bbox 3193 4038 3379 4091; x_wconf 92' lang='lat' dir='ltr'><strong>morbo</strong></span> <span class='ocrx_word' id='word_1_716' title='bbox 3399 4037 3634 4090; x_wconf 85' lang='lat' dir='ltr'><strong>nondum</strong></span> <span class='ocrx_word' id='word_1_717' title='bbox 3660 4038 3817 4090; x_wconf 89' lang='lat' dir='ltr'><strong>solu-</strong></span> 
     </span>
    </p>
   </div>
   <div class='ocr_carea' id='block_1_98' title="bbox 2239 4128 3818 4198">
    <p class='ocr_par' dir='ltr' id='par_1_98' title="bbox 2239 4128 3818 4198">
     <span class='ocr_line' id='line_1_98' title="bbox 2239 4128 3818 4198; baseline -0.008 -3"><span class='ocrx_word' id='word_1_718' title='bbox 2239 4152 2319 4195; x_wconf 82' lang='lat' dir='ltr'><strong>tus</strong></span> <span class='ocrx_word' id='word_1_719' title='bbox 2349 4141 2550 4195; x_wconf 83' lang='lat' dir='ltr'><strong>surrexi</strong></span> <span class='ocrx_word' id='word_1_720' title='bbox 2578 4149 2631 4192; x_wconf 90' lang='lat' dir='ltr'><strong>et</strong></span> <span class='ocrx_word' id='word_1_721' title='bbox 2657 4136 2863 4191; x_wconf 92' lang='lat' dir='ltr'><strong>cucurri</strong></span> <span class='ocrx_word' id='word_1_722' title='bbox 2896 4135 2960 4189; x_wconf 85' lang='lat' dir='ltr'><strong>ad</strong></span> <span class='ocrx_word' id='word_1_723' title='bbox 2986 4149 3100 4198; x_wconf 88' lang='lat' dir='ltr'><strong>vos,</strong></span> <span class='ocrx_word' id='word_1_724' title='bbox 3133 4140 3193 4186; x_wconf 93' lang='lat' dir='ltr'><strong>ut</strong></span> <span class='ocrx_word' id='word_1_725' title='bbox 3225 4130 3604 4185; x_wconf 89' lang='lat' dir='ltr'><strong>desiderabiles</strong></span> <span class='ocrx_word' id='word_1_726' title='bbox 3643 4128 3818 4184; x_wconf 82' lang='lat' dir='ltr'><strong>facies</strong></span> 
     </span>
    </p>
   </div>
   <div class='ocr_carea' id='block_1_99' title="bbox 2236 4220 3816 4294">
    <p class='ocr_par' dir='ltr' id='par_1_99' title="bbox 2236 4220 3816 4294">
     <span class='ocr_line' id='line_1_99' title="bbox 2236 4220 3816 4294; baseline -0.007 -10"><span class='ocrx_word' id='word_1_727' title='bbox 2236 4240 2438 4285; x_wconf 85' lang='lat' dir='ltr'><strong>vestras</strong></span> <span class='ocrx_word' id='word_1_728' title='bbox 2480 4231 2736 4289; x_wconf 85' lang='lat' dir='ltr'><strong>intuerer,</strong></span> <span class='ocrx_word' id='word_1_729' title='bbox 2779 4236 2833 4281; x_wconf 90' lang='lat' dir='ltr'><strong>ct</strong></span> <span class='ocrx_word' id='word_1_730' title='bbox 2885 4224 3162 4294; x_wconf 69' lang='lat' dir='ltr'><strong>prazsentis</strong></span> <span class='ocrx_word' id='word_1_731' title='bbox 3209 4220 3507 4275; x_wconf 80' lang='lat' dir='ltr'><strong>festivitatis</strong></span> <span class='ocrx_word' id='word_1_732' title='bbox 3548 4221 3816 4289; x_wconf 86' lang='lat' dir='ltr'><strong>particeps</strong></span> 
     </span>
    </p>
   </div>
   <div class='ocr_carea' id='block_1_100' title="bbox 2237 4315 3815 4378">
    <p class='ocr_par' dir='ltr' id='par_1_100' title="bbox 2237 4315 3815 4378">
     <span class='ocr_line' id='line_1_100' title="bbox 2237 4315 3815 4378; baseline -0.01 -2"><span class='ocrx_word' id='word_1_733' title='bbox 2237 4322 2440 4377; x_wconf 84' lang='lat' dir='ltr'><strong>ﬁerem.</strong></span> <span class='ocrx_word' id='word_1_734' title='bbox 2491 4320 2853 4375; x_wconf 85' lang='lat' dir='ltr'><strong>Festivitatem</strong></span> <span class='ocrx_word' id='word_1_735' title='bbox 2881 4317 3021 4371; x_wconf 90' lang='lat' dir='ltr'><strong>enim</strong></span> <span class='ocrx_word' id='word_1_736' title='bbox 3054 4315 3334 4368; x_wconf 77' lang='lat' dir='ltr'><strong>maximam</strong></span> <span class='ocrx_word' id='word_1_737' title='bbox 3366 4326 3485 4366; x_wconf 78' lang='lat' dir='ltr'><strong>esse</strong></span> <span class='ocrx_word' id='word_1_738' title='bbox 3517 4322 3642 4378; x_wconf 91' lang='lat' dir='ltr'><strong>pulo</strong></span> <span class='ocrx_word' id='word_1_739' title='bbox 3670 4326 3815 4378; x_wconf 69' lang='lat' dir='ltr'><strong>pra:-</strong></span> 
     </span>
    </p>
   </div>
   <div class='ocr_carea' id='block_1_101' title="bbox 2235 4403 3813 4480">
    <p class='ocr_par' dir='ltr' id='par_1_101' title="bbox 2235 4403 3813 4480">
     <span class='ocr_line' id='line_1_101' title="bbox 2235 4403 3813 4480; baseline -0.011 -11"><span class='ocrx_word' id='word_1_740' title='bbox 2235 4425 2436 4469; x_wconf 83' lang='lat' dir='ltr'><strong>sentetn</strong></span> <span class='ocrx_word' id='word_1_741' title='bbox 2464 4413 2624 4475; x_wconf 89' lang='lat' dir='ltr'><strong>diem,</strong></span> <span class='ocrx_word' id='word_1_742' title='bbox 2654 4421 2868 4480; x_wconf 83' lang='lat' dir='ltr'><strong>preptcr</strong></span> <span class='ocrx_word' id='word_1_743' title='bbox 2883 4408 3098 4461; x_wconf 81' lang='lat' dir='ltr'><strong>fratrum</strong></span> <span class='ocrx_word' id='word_1_744' title='bbox 3131 4403 3459 4471; x_wconf 65' lang='lat' dir='ltr'><strong>pratsentiam</strong></span> <span class='ocrx_word' id='word_1_745' title='bbox 3487 4411 3813 4464; x_wconf 80' lang='lat' dir='ltr'><strong>nostrorum.</strong></span> 
     </span>
    </p>
   </div>
   <div class='ocr_carea' id='block_1_102' title="bbox 2236 4492 3816 4573">
    <p class='ocr_par' dir='ltr' id='par_1_102' title="bbox 2236 4492 3816 4573">
     <span class='ocr_line' id='line_1_102' title="bbox 2236 4492 3816 4573; baseline -0.009 -15"><span class='ocrx_word' id='word_1_746' title='bbox 2236 4506 2323 4573; x_wconf 90' lang='lat' dir='ltr'><strong>qui</strong></span> <span class='ocrx_word' id='word_1_747' title='bbox 2351 4506 2533 4559; x_wconf 83' lang='lat' dir='ltr'><strong>urbem</strong></span> <span class='ocrx_word' id='word_1_748' title='bbox 2581 4502 2736 4557; x_wconf 85' lang='lat' dir='ltr'><strong>nobis</strong></span> <span class='ocrx_word' id='word_1_749' title='bbox 2780 4500 2938 4554; x_wconf 85' lang='lat' dir='ltr'><strong>hodie</strong></span> <span class='ocrx_word' id='word_1_750' title='bbox 2981 4497 3378 4549; x_wconf 83' lang='lat' dir='ltr'><strong>adornaverunt</strong></span> <span class='ocrx_word' id='word_1_751' title='bbox 3430 4500 3482 4545; x_wconf 91' lang='lat' dir='ltr'><strong>et</strong></span> <span class='ocrx_word' id='word_1_752' title='bbox 3527 4492 3816 4545; x_wconf 87' lang='lat' dir='ltr'><strong>ecclesiam</strong></span> 
     </span>
    </p>
   </div>
   <div class='ocr_carea' id='block_1_103' title="bbox 2238 4580 3816 4661">
    <p class='ocr_par' dir='ltr' id='par_1_103' title="bbox 2238 4580 3816 4661">
     <span class='ocr_line' id='line_1_103' title="bbox 2238 4580 3816 4661; baseline -0.01 -12"><span class='ocrx_word' id='word_1_753' title='bbox 2238 4597 2602 4650; x_wconf 83' lang='lat' dir='ltr'><strong>honestarum.</strong></span> <span class='ocrx_word' id='word_1_754' title='bbox 2654 4592 2884 4661; x_wconf 82' lang='lat' dir='ltr'><strong>Populus</strong></span> <span class='ocrx_word' id='word_1_755' title='bbox 2928 4589 3101 4657; x_wconf 81' lang='lat' dir='ltr'><strong>lingua</strong></span> <span class='ocrx_word' id='word_1_756' title='bbox 3135 4586 3152 4616; x_wconf 72' lang='grc' dir='ltr'>ί</span> <span class='ocrx_word' id='word_1_757' title='bbox 3188 4584 3397 4654; x_wconf 90' lang='lat' dir='ltr'><strong>quidem</strong></span> <span class='ocrx_word' id='word_1_758' title='bbox 3439 4581 3592 4634; x_wconf 88' lang='lat' dir='ltr'><strong>nobis</strong></span> <span class='ocrx_word' id='word_1_759' title='bbox 3631 4580 3816 4633; x_wconf 87' lang='lat' dir='ltr'><strong>diver-</strong></span> 
     </span>
    </p>
   </div>
   <div class='ocr_carea' id='block_1_104' title="bbox 2236 4670 3818 4756">
    <p class='ocr_par' dir='ltr' id='par_1_104' title="bbox 2236 4670 3818 4756">
     <span class='ocr_line' id='line_1_104' title="bbox 2236 4670 3818 4756; baseline -0.011 -15"><span class='ocrx_word' id='word_1_760' title='bbox 2236 4703 2327 4742; x_wconf 90' lang='lat' dir='ltr'><strong>sus</strong></span> <span class='ocrx_word' id='word_1_761' title='bbox 2358 4687 2457 4756; x_wconf 87' lang='lat' dir='ltr'><strong>(b),</strong></span> <span class='ocrx_word' id='word_1_762' title='bbox 2492 4686 2593 4739; x_wconf 87' lang='lat' dir='ltr'><strong>fide</strong></span> <span class='ocrx_word' id='word_1_763' title='bbox 2622 4700 2747 4738; x_wconf 86' lang='lat' dir='ltr'><strong>vero</strong></span> <span class='ocrx_word' id='word_1_764' title='bbox 2772 4693 3039 4737; x_wconf 87' lang='lat' dir='ltr'><strong>consonus</strong></span> <span class='ocrx_word' id='word_1_765' title='bbox 3074 4696 3086 4731; x_wconf 92' lang='lat'><strong>:</strong></span> <span class='ocrx_word' id='word_1_766' title='bbox 3110 4675 3332 4745; x_wconf 83' lang='lat' dir='ltr'><strong>populus</strong></span> <span class='ocrx_word' id='word_1_767' title='bbox 3359 4673 3407 4726; x_wconf 92' lang='lat' dir='ltr'><strong>in</strong></span> <span class='ocrx_word' id='word_1_768' title='bbox 3433 4670 3818 4739; x_wconf 83' lang='lat' dir='ltr'><strong>tranquillitate</strong></span> 
     </span>
    </p>
   </div>
   <div class='ocr_carea' id='block_1_105' title="bbox 2236 4760 3815 4842">
    <p class='ocr_par' dir='ltr' id='par_1_105' title="bbox 2236 4760 3815 4842">
     <span class='ocr_line' id='line_1_105' title="bbox 2236 4760 3815 4842; baseline -0.013 -12"><span class='ocrx_word' id='word_1_769' title='bbox 2236 4779 2454 4842; x_wconf 86' lang='lat' dir='ltr'><strong>vivens,</strong></span> <span class='ocrx_word' id='word_1_770' title='bbox 2499 4777 2658 4829; x_wconf 89' lang='lat' dir='ltr'><strong>vitam</strong></span> <span class='ocrx_word' id='word_1_771' title='bbox 2715 4772 2918 4825; x_wconf 90' lang='lat' dir='ltr'><strong>habens</strong></span> <span class='ocrx_word' id='word_1_772' title='bbox 2975 4767 3265 4821; x_wconf 88' lang='lat' dir='ltr'><strong>modestam</strong></span> <span class='ocrx_word' id='word_1_773' title='bbox 3318 4774 3372 4817; x_wconf 90' lang='lat' dir='ltr'><strong>et</strong></span> <span class='ocrx_word' id='word_1_774' title='bbox 3431 4760 3815 4814; x_wconf 79' lang='lat' dir='ltr'><strong>venerabilem.</strong></span> 
     </span>
    </p>
   </div>
   <div class='ocr_carea' id='block_1_106' title="bbox 2240 4854 3817 4937">
    <p class='ocr_par' dir='ltr' id='par_1_106' title="bbox 2240 4854 3817 4937">
     <span class='ocr_line' id='line_1_106' title="bbox 2240 4854 3817 4937; baseline -0.012 -14"><span class='ocrx_word' id='word_1_775' title='bbox 2240 4869 2389 4937; x_wconf 80' lang='lat' dir='ltr'><strong>Apud</strong></span> <span class='ocrx_word' id='word_1_776' title='bbox 2416 4868 2514 4921; x_wconf 90' lang='lat' dir='ltr'><strong>hos</strong></span> <span class='ocrx_word' id='word_1_777' title='bbox 2542 4868 2681 4921; x_wconf 90' lang='lat' dir='ltr'><strong>enim</strong></span> <span class='ocrx_word' id='word_1_778' title='bbox 2712 4866 2854 4919; x_wconf 87' lang='lat' dir='ltr'><strong>viros</strong></span> <span class='ocrx_word' id='word_1_779' title='bbox 2882 4878 2990 4917; x_wconf 89' lang='lat' dir='ltr'><strong>non</strong></span> <span class='ocrx_word' id='word_1_780' title='bbox 3017 4858 3307 4928; x_wconf 86' lang='lat' dir='ltr'><strong>iniquitatis</strong></span> <span class='ocrx_word' id='word_1_781' title='bbox 3333 4854 3659 4922; x_wconf 82' lang='lat' dir='ltr'><strong>Spectacula,</strong></span> <span class='ocrx_word' id='word_1_782' title='bbox 3707 4869 3817 4906; x_wconf 87' lang='lat' dir='ltr'><strong>non</strong></span> 
     </span>
    </p>
   </div>
   <div class='ocr_carea' id='block_1_107' title="bbox 2239 4947 3812 5029">
    <p class='ocr_par' dir='ltr' id='par_1_107' title="bbox 2239 4947 3812 5029">
     <span class='ocr_line' id='line_1_107' title="bbox 2239 4947 3812 5029; baseline -0.01 -14"><span class='ocrx_word' id='word_1_783' title='bbox 2239 4976 2491 5029; x_wconf 86' lang='lat' dir='ltr'><strong>equorum</strong></span> <span class='ocrx_word' id='word_1_784' title='bbox 2525 4958 2813 5013; x_wconf 87' lang='lat' dir='ltr'><strong>certamina</strong></span> <span class='ocrx_word' id='word_1_785' title='bbox 2837 4998 2850 5020; x_wconf 93' lang='lat'><strong>,</strong></span> <span class='ocrx_word' id='word_1_786' title='bbox 2886 4967 3061 5023; x_wconf 89' lang='lat' dir='ltr'><strong>neque</strong></span> <span class='ocrx_word' id='word_1_787' title='bbox 3092 4950 3378 5005; x_wconf 64' lang='lat' dir='ltr'><strong>meritoria:</strong></span> <span class='ocrx_word' id='word_1_788' title='bbox 3403 4947 3676 5008; x_wconf 88' lang='lat' dir='ltr'><strong>mulieres,</strong></span> <span class='ocrx_word' id='word_1_789' title='bbox 3709 4960 3812 4999; x_wconf 87' lang='lat' dir='ltr'><strong>nec</strong></span> 
     </span>
    </p>
   </div>
   <div class='ocr_carea' id='block_1_108' title="bbox 2238 5036 3816 5120">
    <p class='ocr_par' dir='ltr' id='par_1_108' title="bbox 2238 5036 3816 5120">
     <span class='ocr_line' id='line_1_108' title="bbox 2238 5036 3816 5120; baseline -0.012 -15"><span class='ocrx_word' id='word_1_790' title='bbox 2238 5052 2471 5120; x_wconf 86' lang='lat' dir='ltr'><strong>reliquus</strong></span> <span class='ocrx_word' id='word_1_791' title='bbox 2501 5048 2645 5103; x_wconf 89' lang='lat' dir='ltr'><strong>urbis</strong></span> <span class='ocrx_word' id='word_1_792' title='bbox 2671 5047 2924 5100; x_wconf 88' lang='lat' dir='ltr'><strong>tumultus</strong></span> <span class='ocrx_word' id='word_1_793' title='bbox 2951 5043 3042 5097; x_wconf 91' lang='lat' dir='ltr'><strong>sed</strong></span> <span class='ocrx_word' id='word_1_794' title='bbox 3074 5054 3234 5094; x_wconf 90' lang='lat' dir='ltr'><strong>omne</strong></span> <span class='ocrx_word' id='word_1_795' title='bbox 3275 5038 3497 5091; x_wconf 70' lang='lat' dir='ltr'><strong>luxui-ire</strong></span> <span class='ocrx_word' id='word_1_796' title='bbox 3516 5050 3686 5104; x_wconf 81' lang='lat' dir='ltr'><strong>genus</strong></span> <span class='ocrx_word' id='word_1_797' title='bbox 3713 5036 3816 5090; x_wconf 88' lang='lat' dir='ltr'><strong>cli-</strong></span> 
     </span>
    </p>
   </div>
   <div class='ocr_carea' id='block_1_109' title="bbox 2239 5126 3816 5203">
    <p class='ocr_par' dir='ltr' id='par_1_109' title="bbox 2239 5126 3816 5203">
     <span class='ocr_line' id='line_1_109' title="bbox 2239 5126 3816 5203; baseline -0.01 -8"><span class='ocrx_word' id='word_1_798' title='bbox 2239 5142 2492 5195; x_wconf 87' lang='lat' dir='ltr'><strong>tninatum</strong></span> <span class='ocrx_word' id='word_1_799' title='bbox 2522 5149 2636 5203; x_wconf 89' lang='lat' dir='ltr'><strong>est;</strong></span> <span class='ocrx_word' id='word_1_800' title='bbox 2667 5137 2828 5190; x_wconf 90' lang='lat' dir='ltr'><strong>multa</strong></span> <span class='ocrx_word' id='word_1_801' title='bbox 2855 5152 2980 5190; x_wconf 88' lang='lat' dir='ltr'><strong>vero</strong></span> <span class='ocrx_word' id='word_1_802' title='bbox 3024 5133 3218 5202; x_wconf 85' lang='lat' dir='ltr'><strong>ubique</strong></span> <span class='ocrx_word' id='word_1_803' title='bbox 3263 5128 3519 5183; x_wconf 87' lang='lat' dir='ltr'><strong>modestia</strong></span> <span class='ocrx_word' id='word_1_804' title='bbox 3549 5126 3727 5180; x_wconf 89' lang='lat' dir='ltr'><strong>ﬂoret.</strong></span> <span class='ocrx_word' id='word_1_805' title='bbox 3760 5126 3816 5180; x_wconf 88' lang='lat' dir='ltr'><strong>Id</strong></span> 
     </span>
    </p>
   </div>
   <div class='ocr_carea' id='block_1_110' title="bbox 2242 5219 3818 5296">
    <p class='ocr_par' dir='ltr' id='par_1_110' title="bbox 2242 5219 3818 5296">
     <span class='ocr_line' id='line_1_110' title="bbox 2242 5219 3818 5296; baseline -0.008 -12"><span class='ocrx_word' id='word_1_806' title='bbox 2242 5250 2366 5288; x_wconf 85' lang='lat' dir='ltr'><strong>vero</strong></span> <span class='ocrx_word' id='word_1_807' title='bbox 2415 5239 2498 5287; x_wconf 90' lang='lat' dir='ltr'><strong>est</strong></span> <span class='ocrx_word' id='word_1_808' title='bbox 2533 5232 2587 5285; x_wconf 91' lang='lat' dir='ltr'><strong>in</strong></span> <span class='ocrx_word' id='word_1_809' title='bbox 2630 5245 2810 5292; x_wconf 85' lang='lat' dir='ltr'><strong>causa,</strong></span> <span class='ocrx_word' id='word_1_810' title='bbox 2835 5226 2974 5296; x_wconf 83' lang='lat' dir='ltr'><strong>quod</strong></span> <span class='ocrx_word' id='word_1_811' title='bbox 3019 5224 3277 5279; x_wconf 88' lang='lat' dir='ltr'><strong>laboriosa</strong></span> <span class='ocrx_word' id='word_1_812' title='bbox 3318 5222 3387 5275; x_wconf 89' lang='lat' dir='ltr'><strong>sit</strong></span> <span class='ocrx_word' id='word_1_813' title='bbox 3433 5219 3561 5290; x_wconf 90' lang='lat' dir='ltr'><strong>ipsis</strong></span> <span class='ocrx_word' id='word_1_814' title='bbox 3592 5220 3731 5280; x_wconf 86' lang='lat' dir='ltr'><strong>vita,</strong></span> <span class='ocrx_word' id='word_1_815' title='bbox 3766 5226 3818 5272; x_wconf 89' lang='lat' dir='ltr'><strong>et</strong></span> 
     </span>
    </p>
   </div>
   <div class='ocr_carea' id='block_1_111' title="bbox 2199 5308 3814 5389">
    <p class='ocr_par' dir='ltr' id='par_1_111' title="bbox 2199 5308 3814 5389">
     <span class='ocr_line' id='line_1_111' title="bbox 2199 5308 3814 5389; baseline -0.011 -13"><span class='ocrx_word' id='word_1_816' title='bbox 2199 5382 2205 5389; x_wconf 56' lang='grc'>,</span> <span class='ocrx_word' id='word_1_817' title='bbox 2243 5324 2447 5377; x_wconf 77' lang='lat' dir='ltr'><strong>virtutis</strong></span> <span class='ocrx_word' id='word_1_818' title='bbox 2475 5322 2709 5377; x_wconf 86' lang='lat' dir='ltr'><strong>scholam</strong></span> <span class='ocrx_word' id='word_1_819' title='bbox 2739 5328 2895 5386; x_wconf 86' lang='lat' dir='ltr'><strong>atque</strong></span> <span class='ocrx_word' id='word_1_820' title='bbox 2926 5316 3197 5370; x_wconf 74' lang='lat' dir='ltr'><strong>modestia:</strong></span> <span class='ocrx_word' id='word_1_821' title='bbox 3228 5313 3458 5367; x_wconf 87' lang='lat' dir='ltr'><strong>habeant</strong></span> <span class='ocrx_word' id='word_1_822' title='bbox 3501 5319 3661 5363; x_wconf 75' lang='lat' dir='ltr'><strong>terra:</strong></span> <span class='ocrx_word' id='word_1_823' title='bbox 3698 5308 3814 5361; x_wconf 83' lang='lat' dir='ltr'><strong>cul-</strong></span> 
     </span>
    </p>
   </div>
   <div class='ocr_carea' id='block_1_112' title="bbox 2245 5401 3819 5477">
    <p class='ocr_par' dir='ltr' id='par_1_112' title="bbox 2245 5401 3819 5477">
     <span class='ocr_line' id='line_1_112' title="bbox 2245 5401 3819 5477; baseline -0.01 -9"><span class='ocrx_word' id='word_1_824' title='bbox 2245 5425 2434 5477; x_wconf 86' lang='lat' dir='ltr'><strong>turam,</strong></span> <span class='ocrx_word' id='word_1_825' title='bbox 2462 5422 2628 5466; x_wconf 88' lang='lat' dir='ltr'><strong>artem</strong></span> <span class='ocrx_word' id='word_1_826' title='bbox 2660 5416 2962 5469; x_wconf 83' lang='lat' dir='ltr'><strong>tractantes,</strong></span> <span class='ocrx_word' id='word_1_827' title='bbox 2996 5420 3151 5474; x_wconf 87' lang='lat' dir='ltr'><strong>quam</strong></span> <span class='ocrx_word' id='word_1_828' title='bbox 3192 5411 3314 5457; x_wconf 88' lang='lat' dir='ltr'><strong>ante</strong></span> <span class='ocrx_word' id='word_1_829' title='bbox 3356 5401 3588 5469; x_wconf 90' lang='lat' dir='ltr'><strong>reliquas</strong></span> <span class='ocrx_word' id='word_1_830' title='bbox 3630 5412 3819 5452; x_wconf 87' lang='lat' dir='ltr'><strong>omnes</strong></span> 
     </span>
    </p>
   </div>
   <div class='ocr_carea' id='block_1_113' title="bbox 2306 5529 3816 5604">
    <p class='ocr_par' dir='ltr' id='par_1_113' title="bbox 2306 5529 3816 5604">
     <span class='ocr_line' id='line_1_113' title="bbox 2306 5529 3816 5604; baseline -0.009 -9"><span class='ocrx_word' id='word_1_831' title='bbox 2306 5553 2323 5579; x_wconf 74' lang='grc' dir='ltr'><strong>ι</strong></span> <span class='ocrx_word' id='word_1_832' title='bbox 2359 5553 2463 5594; x_wconf 71' lang='lat' dir='ltr'><strong>sav.</strong></span> <span class='ocrx_word' id='word_1_833' title='bbox 2491 5543 2787 5604; x_wconf 13' lang='lat' dir='ltr'><strong>etaliirvoei,</strong></span> <span class='ocrx_word' id='word_1_834' title='bbox 2815 5540 3009 5604; x_wconf 65' lang='lat' dir='ltr'><strong>lingua,</strong></span> <span class='ocrx_word' id='word_1_835' title='bbox 3034 5538 3229 5597; x_wconf 88' lang='lat' dir='ltr'><strong>addunt,</strong></span> <span class='ocrx_word' id='word_1_836' title='bbox 3256 5531 3473 5599; x_wconf 82' lang='lat' dir='ltr'><strong>propria.</strong></span> <span class='ocrx_word' id='word_1_837' title='bbox 3490 5529 3714 5590; x_wconf 78' lang='lat' dir='ltr'><strong>—tnfra.</strong></span> <span class='ocrx_word' id='word_1_838' title='bbox 3732 5546 3816 5585; x_wconf 78' lang='lat' dir='ltr'><strong>nec</strong></span> 
     </span>
    </p>
   </div>
   <div class='ocr_carea' id='block_1_114' title="bbox 2241 5601 2871 5665">
    <p class='ocr_par' dir='ltr' id='par_1_114' title="bbox 2241 5601 2871 5665">
     <span class='ocr_line' id='line_1_114' title="bbox 2241 5601 2871 5665; baseline -0.011 -8"><span class='ocrx_word' id='word_1_839' title='bbox 2241 5607 2431 5665; x_wconf 79' lang='lat' dir='ltr'><strong>reliqua</strong></span> <span class='ocrx_word' id='word_1_840' title='bbox 2452 5603 2586 5655; x_wconf 81' lang='lat' dir='ltr'><strong>urbis</strong></span> <span class='ocrx_word' id='word_1_841' title='bbox 2607 5601 2871 5665; x_wconf 76' lang='lat' dir='ltr'><strong>dissolutio.</strong></span> 
     </span>
    </p>
   </div>
   <div class='ocr_carea' id='block_1_115' title="bbox 2309 5657 3598 5732">
    <p class='ocr_par' dir='ltr' id='par_1_115' title="bbox 2309 5657 3598 5732">
     <span class='ocr_line' id='line_1_115' title="bbox 2309 5657 3598 5732; baseline -0.011 -15"><span class='ocrx_word' id='word_1_842' title='bbox 2309 5657 2383 5732; x_wconf 74' lang='grc' dir='ltr'><strong>(ὁ)</strong></span> <span class='ocrx_word' id='word_1_843' title='bbox 2421 5667 2525 5729; x_wconf 76' lang='lat' dir='ltr'><strong>Agri</strong></span> <span class='ocrx_word' id='word_1_844' title='bbox 2552 5664 2833 5715; x_wconf 80' lang='lat' dir='ltr'><strong>Antiocheni</strong></span> <span class='ocrx_word' id='word_1_845' title='bbox 2852 5662 3020 5713; x_wconf 85' lang='lat' dir='ltr'><strong>rustici</strong></span> <span class='ocrx_word' id='word_1_846' title='bbox 3041 5661 3231 5724; x_wconf 74' lang='lat' dir='ltr'><strong>Syriaca</strong></span> <span class='ocrx_word' id='word_1_847' title='bbox 3253 5657 3598 5722; x_wconf 79' lang='lat' dir='ltr'><strong>loquebantur.</strong></span> 
     </span>
    </p>
   </div>
  </div>
