3912 6230
182 303 284 361 187

179 418 534 487 κατέχονται,
575 416 636 469 τδ
674 415 1046 485 δεσμωτήριον
1094 415 1395 480 οἰκοῦντες.
1441 416 1662 481 ἁλύσεις
1714 437 1871 489 περι-

183 502 546 576 ϐεσλημένοι,
602 503 698 557 καὶ
742 502 865 556 καθ’
911 502 1151 571 ἑκάστην
1212 505 1429 575 ἡμέραν
1476 505 1868 559 ἀποθανεῖσθαι

178 591 637 663 προσδοκῶντες’
690 582 840 642 οὗτοι
894 588 952 642 δὲ
1022 588 1423 661 καθαρωτάτης
1500 591 1868 645 ἀπολαύουσιν

177 679 399 750 ἡδονῆς,
425 680 530 732 κᾶν
560 676 805 749 συμϐαίη
836 695 889 730 τι
912 676 1105 729 παθεῖν
1136 677 1332 738 δεινὸν,
1361 679 1459 732 καὶ
1484 677 1521 731 δι
1549 682 1662 743 τοῖς
1688 680 1869 743 ἄλλοις

176 763 327 821 εἶναι
356 766 505 819 δοκεῖ
532 765 763 836 φοϐερὰ,
802 766 974 818 ταῦτα
1004 764 1216 827 τούτοις
1256 766 1378 818 ἐστὶ
1414 766 1671 820 ποθεινά·
1723 767 1867 822 ίσασι

176 854 295 925 γὰρ
327 854 419 907 ἐπὶ
450 855 505 907 τί
531 854 809 923 τρέχουσι,
840 853 933 905 καὶ
965 853 1094 906 ποία
1123 852 1277 922 λῆξις
1311 854 1447 924 μετὰ
1472 856 1570 924 τὴν
1615 855 1866 909 ἐντεῦθεν

177 942 490 1014 ἀποδημίαν
538 941 861 1007 διαδέξεται,
911 941 1022 993 Καὶ
1069 939 1309 1011 τοσαύτῃ
1377 940 1650 1004 συζῶντες
1707 945 1864 1012 ἀκρι-

172 1029 326 1100 ϐείᾳ,
368 1030 463 1083 καὶ
502 1030 732 1083 θανάτου
782 1027 1229 1096 καταγελῶντες,
1274 1031 1426 1098 ὅμως
1458 1030 1598 1098 ὑπὲρ
1629 1030 1738 1082 τῶν
1769 1032 1864 1084 ἄλ·-

174 1117 289 1171 λων
316 1119 565 1186 άλγοῦσι,
593 1120 691 1170 καὶ
729 1117 839 1169 ἀπὸ
863 1116 1057 1169 τούτου
1101 1116 1370 1186 μεγίστην
1400 1116 1564 1172 πάλιν
1591 1117 1864 1186 ὠφέλειαν

176 1206 549 1276 καρποῦνται.
604 1204 1010 1273 Σπουδάσωμεν
1057 1204 1239 1256 τοίνυν
1287 1204 1387 1272 τῆς
1430 1204 1611 1274 ψυχῆς
1667 1206 1863 1275 ἐπιμε-

172 1292 390 1347 λεῖσθαι
427 1293 528 1362 τῆς
563 1292 863 1362 ἡμετέρας,
894 1292 989 1343 καὶ
1039 1291 1191 1343 οὐδὲν
1237 1292 1386 1362 ἡμᾶς
1429 1291 1538 1344 τῶν
1586 1293 1863 1363 ἀδοκήτων

173 1378 425 1451 λυπῆσαι
473 1379 731 1432 δύναται·
779 1377 876 1430 καὶ
928 1378 1073 1448 ὑπὲρ
1124 1378 1233 1431 τῶν
1286 1378 1715 1449 ἐμϐεϐλημένων
1770 1381 1863 1433 τὸν

172 1469 313 1522 Θεὸν
353 1466 783 1538 παρακαλῶμεν,
829 1464 970 1517 ὥστε
1015 1467 1215 1528 αὐτοὺς
1258 1466 1563 1534 ἀπαλλάξαι
1600 1467 1703 1537 τῆς
1741 1469 1864 1520 ἐπι-

172 1556 437 1626 κειμένης
477 1556 661 1616 αὐτοῖς
697 1554 1005 1625 συμφορᾶς.
1057 1550 1318 1606 Ἦδύνατο
1360 1554 1457 1624 μὲν
1505 1555 1614 1626 γὰρ
1651 1557 1681 1607 ὁ
1729 1555 1861 1619 Θεὸς

171 1645 377 1715 ἀθρόον
415 1643 574 1697 λῦσαι
624 1643 685 1694 τὸ
733 1640 924 1704 δεινὸν,
969 1641 1063 1692 καὶ
1117 1640 1253 1710 μηδὲ
1288 1640 1460 1712 μικρὰ
1492 1643 1710 1710 ἀφεῖναι
1745 1641 1850 1694 λεί.

167 1732 353 1800 ψανα·
405 1729 518 1783 ἀλλ’
554 1729 643 1781 ἵνα
680 1727 756 1798 μὴ
806 1728 967 1780 πάλιν
1001 1728 1095 1780 ἐπὶ
1148 1728 1249 1796 τὴν
1302 1728 1577 1799 προτέραν
1629 1729 1857 1781 ἐπανέλ-

172 1820 365 1888 θωμεν
413 1816 708 1887 ρᾳθυμίαν,
748 1815 935 1885 ἡρέμα
967 1814 1061 1867 καὶ
1101 1814 1245 1867 κατὰ
1276 1815 1472 1886 μικρὸν
1511 1817 1603 1871 τὸν
1631 1816 1861 1887 χείμαρ-

172 1907 275 1976 ρον
325 1903 433 1957 τῶν
480 1903 668 1958 κακῶν
697 1902 902 1955 τούτων
935 1902 1108 1972 χαλᾷν
1158 1902 1563 1973 παρεσκεύασε,
1613 1904 1860 1974 κατέχων

172 1994 328 2065 ἡμᾶς
381 1993 474 2045 ἐπὶ
520 1992 620 2062 τῆς
674 1992 845 2061 αὐτῆς
895 1991 1202 2054 εὐλαϐείας.
1249 1992 1357 2044 Καὶ
1400 1993 1483 2045 ὅτι
1525 1993 1683 2045 τοῦτό
1713 1994 1860 2046 ἐστιν

175 2080 398 2151 ἀληθὲς,
444 2080 538 2133 καὶ
586 2079 775 2132 πολλοὶ
814 2079 951 2149 πρὸς
999 2078 1098 2148 τὴν
1135 2080 1410 2149 προτέραν
1458 2081 1762 2150 ἐπανῆλθον
1794 2081 1861 2133 ἂν

176 2168 480 2240 ῥαθυμίαν,
522 2170 573 2221 εἱ
626 2168 911 2238 συντόμως
943 2167 1110 2237 ἐλύθη
1154 2168 1215 2220 τὸ
1249 2170 1379 2229 πᾶν,
1410 2168 1568 2241 δῆλον
1618 2169 1858 2222 ἐκεῖθεν·

181 2257 308 2311 Ἔτι
338 2256 408 2311 τὰ
433 2255 660 2324 λείψανα
697 2256 847 2326 μένει
886 2256 986 2325 τῆς
1018 2256 1326 2326 συμφορᾶς,
1356 2256 1451 2308 καὶ
1479 2255 1560 2309 ἔτι
1583 2255 1677 2309 τοῦ
1709 2257 1861 2326 βασιο

173 2343 318 2407 λέως
368 2343 562 2414 ἄδηλός
611 2346 761 2397 ἐστιν
803 2344 837 2414 ἡ
881 2341 1073 2414 γνώμη
1097 2380 1110 2405 ,
1157 2343 1253 2395 καὶ
1293 2344 1342 2395 οἱ
1381 2342 1453 2394 τά
1507 2343 1608 2412 τῆς
1656 2343 1861 2408 πόλεως

172 2432 406 2500 ἄγοντες
449 2430 756 2502 πράγματα
783 2428 1024 2493 ἅπαντές
1068 2431 1206 2483 εἰσιν
1233 2430 1295 2482 ἐν
1327 2428 1565 2499 δεσμοῖς,
1608 2432 1703 2483 καὶ
1736 2432 1863 2484 πολ-

173 2517 263 2572 λοὶ
293 2518 405 2571 τῶν
454 2519 553 2588 τὴν
609 2518 765 2571 πόλιν
824 2519 957 2587 ἡμῖν
1011 2516 1306 2571 οἰκούντων
1344 2520 1410 2588 τῇ
1457 2516 1553 2570 τοῦ
1610 2516 1862 2571 λούεσθαι

174 2604 449 2676 ἐπιθυμίᾳ
498 2607 593 2660 ἐπὶ
654 2605 747 2659 τὸν
797 2604 1043 2675 ποταμὸν
1092 2604 1380 2676 τρέχουσι,
1429 2604 1602 2675 μυρία
1655 2623 1857 2677 κωμῳ-

172 2693 397 2754 δοῦντες
439 2695 584 2757 ἐκεῖ,
628 2692 1061 2761 ἀσελγαίνοντες,
1114 2691 1465 2762 σκιρτῶντες,
1511 2691 1858 2763 χορεύοντες,

173 2784 445 2850 γυναῖκας
508 2782 916 2854 ἐπισυρόμενοι.
957 2776 1106 2852 *Δρα
1163 2780 1312 2839 τίνος
1375 2779 1443 2833 ἂν
1490 2777 1601 2833 εἷεν
1661 2782 1861 2835 ἐκεῖνοι

175 2869 513 2941 συγγνώμης
549 2869 723 2935 ἄξιοι,
766 2868 924 2933 ποίας
967 2868 1308 2937 ἀπολογίας;
1357 2867 1558 2938 μᾶλλον
1608 2867 1666 2920 δὲ
1703 2868 1861 2933 ποίας

171 2960 280 3012 οὐκ
323 2959 391 3012 ἂν
434 2954 546 3012 εἷεν
572 2957 712 3025 ἄξιοι
760 2958 1036 3021 κολάσεως
1080 2957 1177 3011 καὶ
1206 2956 1512 3028 τιμωρίας;
1552 2956 1615 3009 Ἦ
1650 2956 1860 3029 κεφαλὴ

171 3044 279 3112 τῆς
333 3042 545 3105 πόλεως
591 3044 650 3095 ἐν
710 3040 789 3111 τῷ
841 3040 1234 3112 δεσμωτηρίῳ,
1281 3038 1353 3093 τὰ
1407 3038 1548 3110 μέλη
1593 3038 1752 3109 ἡμῶν
1802 3039 1860 3092 ἐν

175 3127 385 3201 ἐξορίξι,
414 3129 607 3199 ἄδηλος
636 3131 670 3199 ἡ
706 3130 837 3200 περὶ
867 3128 1074 3182 τούτων
1108 3127 1313 3199 ψῆφος,
1346 3128 1443 3180 καὶ
1476 3129 1541 3181 σὺ
1586 3124 1856 3197 χορεύεις,

175 3217 303 3271 εἰπέ
339 3235 452 3288 μοι,
486 3217 586 3271 καὶ
616 3216 833 3280 παίζεις
863 3217 958 3271 καὶ
993 3217 1190 3286 γελᾷς;
1228 3216 1302 3268 Οὐ
1331 3214 1441 3286 γάρ
1476 3215 1717 3285 φέρομεν
1757 3213 1859 3285 τὴν

173 3301 459 3364 ἀλουσίαν,
490 3300 674 3372 φησίν.
700 3300 766 3353 Ὢ
816 3300 917 3370 τῆς
968 3300 1329 3371 ἀναισχύντου
1378 3297 1636 3369 γνώμηςί
1679 3296 1725 3351 ῶ
1757 3298 1859 3368 τῆς

177 3388 454 3461 βαναύσου
505 3391 601 3443 καὶ
657 3387 1094 3459 διεφθαρμένηςί
1150 3389 1307 3441 πόσοι
1372 3387 1687 3455 γεγόνασιν,
1736 3385 1857 3440 εἰπέ

179 3490 309 3543 μοι,
368 3476 563 3544 μῆνεςς
611 3473 770 3526 πόσοι
836 3472 1112 3537 ἐνιαυτοί;
1169 3473 1326 3526 οῦπω
1374 3472 1582 3524 εἴκοσιν
1644 3471 1858 3542 ἡμέρας

175 3562 326 3631 ἔχεις
371 3561 478 3614 τῶν
532 3560 825 3631 βαλανείων
882 3560 1297 3624 ἀποκλεισθεὶς,
1345 3561 1441 3614 καὶ
1479 3559 1556 3622 ὡς
1611 3559 1859 3612 ἐνιαυτὸν

177 3650 320 3721 ἔχων
373 3649 666 3721 ὀλόκληρον
720 3651 779 3703 ἐν
821 3648 1078 3721 ἀλουσίᾳ,
1128 3648 1278 3721 [188]
1318 3647 1492 3711 οὕτως
1539 3647 1725 3711 ἀλύεις
1765 3648 1858 3701 καὶ

240 3809 267 3837 ⁸
294 3808 447 3857 Savil.
469 3813 520 3857 el
542 3809 739 3869 quidam
773 3822 887 3857 mss.
916 3808 1249 3871 δυσχεραίνεις.
1296 3806 1522 3863 Τοιοῦτος
1551 3806 1691 3865 ἦσθα.
1731 3805 1856 3855 Infra

175 3870 313 3920 idem
336 3872 432 3919 τῶν
454 3872 600 3933 ὀρέων
619 3871 877 3934 ἀνέτρεχες.

1159 302 1249 354 AD
1288 301 1622 359 POPULUM
1668 302 2173 361 ANTIOCIIENUM
2236 300 2472 356 llOMlL.
2515 301 2651 357 XIX.

3542 307 3646 363 £88

1970 419 2384 491 δυσχεραίνεις;
2420 417 2608 481 Οῦτως
2645 413 2788 488 ἦσθα
2812 424 2854 477 ⁵,
2884 414 3005 469 εἰπέ
3038 434 3150 487 μοι,
3178 417 3267 471 ὅτε
3301 416 3649 488 στρατιωτῶν

1971 507 2380 578 προσεδόκησας
2430 506 2640 575 ἔφοδον,
2690 505 2779 558 ὅτε
2809 503 2934 558 καθ’
2981 505 3220 575 ἑκάστην
3266 506 3495 578 ἤλπιζες
3543 517 3645 588 τὴν

1973 595 2185 666 ἡμέραν
2220 593 2639 658 ἀποθανεῖσθαι,
2690 593 2777 645 ὅτε
2814 594 2895 655 εἰς
2947 592 3046 655 τάς
3093 595 3332 666 ἐρήμους
3381 593 3646 663 ἔφευγες,

1971 682 2190 745 καὶτὰς
2229 682 2473 753 κορυφὰς
2515 683 2623 734 τῶν
2653 680 2829 753 ὀρέων
2875 679 3126 751 ἔτρεχεςς
3157 681 3225 734 Et
3270 681 3355 744 τίς
3402 698 3483 735 σοι
3522 683 3647 738 τότε

1970 769 2279 840 προέτεινεν
2311 768 2554 823 ἐνιαυτὸν
2591 767 2885 839 ὁλόκληρον
2921 769 2977 820 ἐν
3007 767 3233 840 ἀλουσίᾳ
3274 772 3472 840 μεῖναι,
3505 768 3647 825 ὥστε

1969 857 2354 926 ἀπαλλαγῆναι
2403 856 2502 921 τῆς
2548 857 2907 927 ἐπικειμένης
2958 855 3231 920 ἀγωνίας,
3275 858 3378 909 οὐκ
3409 856 3476 910 ἂν
3510 855 3649 911 ἑτοί-

1972 962 2087 1014 μως
2144 944 2415 1008 κατεδέξω
2458 945 2553 997 καὶ
2597 944 2932 1012 ὑπέμεινας;
2977 943 3107 995 Δέον
3151 940 3247 997 οῦν
3298 946 3644 1017 εὐχαριστεῖν

1964 1030 2044 1101 τῷ
2095 1033 2264 1103 χωρὶς
2304 1032 2486 1101 πάσης
2517 1030 2720 1102 ζημίας
2755 1030 2979 1083 λύσαντι
3024 1029 3199 1084 ταῦτα
3236 1030 3375 1102 Θεῷ,
3417 1036 3646 1104 σκιρτᾷς

1967 1115 2131 1172 πάλιν
2177 1118 2273 1172 καὶ
2304 1116 2649 1190 ἐξυϐρίζεις,
2696 1118 2791 1172 καὶ
2837 1117 3026 1189 ἐπειδὴ
3082 1118 3358 1188 παρῆλθεν
3386 1121 3414 1173 ὁ
3458 1120 3641 1189 φόὅος,

1965 1206 2105 1279 πρὸς
2155 1208 2376 1279 μείζονα
2427 1207 2587 1261 πάλιν
2626 1206 2928 1277 ἐπανῆλθες
2986 1206 3297 1277 ῥαθυμίαεκ
3349 1207 3505 1261 Οὕτω
3549 1226 3645 1263 σου

1964 1295 2247 1366 καθήψατο
2288 1295 2357 1348 τὰ
2394 1295 2563 1359 δεινά,
2596 1295 2670 1358 ὼς
2717 1296 2812 1347 καὶ
2847 1293 3144 1364 βαλανείων
3184 1294 3560 1365 ἐπιθυμῆσαι;
3597 1299 3646 1349 εί

1963 1382 2071 1454 γὰρ
2115 1383 2296 1437 ἀνεῖτο
2333 1383 2401 1437 τὰ
2439 1382 2731 1451 βαλανεῖα,
2776 1384 2877 1436 οὐκ
2932 1379 3000 1452 ῆν
3043 1383 3202 1453 ίκανὴ
3245 1383 3355 1436 τῶν
3389 1382 3469 1435 ἔτι
3510 1400 3646 1437 κατ-

1963 1471 2239 1540 εχομένων
2263 1473 2296 1541 ἡ
2327 1471 2601 1543 συμφορὰ,
2641 1471 2736 1525 καὶ
2769 1472 2896 1534 τοὺς
2927 1472 3029 1523 οὐκ
3050 1469 3212 1534 ὄντας
3234 1471 3293 1523 ἐν
3322 1473 3432 1534 τοῖς
3453 1470 3646 1534 δεινοῖς

1960 1556 2171 1620 τούτοις
2206 1561 2393 1611 πεῖσαι
2422 1560 2602 1629 πάσης
2636 1557 2990 1611 ἐπιλαθέσθαι
3018 1557 3264 1628 τρυφῆς;
3296 1557 3433 1628 Περὶ
3463 1556 3647 1628 ψυχῆς

1965 1647 1995 1696 ὁ
2025 1645 2269 1710 κίνδυνός
2298 1648 2435 1708 ἐστι,
2475 1649 2569 1700 καὶ
2612 1647 2676 1699 σὺ
2726 1647 3020 1717 βαλανείων
3068 1646 3366 1716 μέμνησαι,
3404 1648 3498 1700 καὶ
3525 1663 3649 1718 τρυ-

1968 1735 2074 1804 φᾷν
2124 1733 2338 1803 βούλει;
2384 1736 2765 1807 Καταφρονεξ
2807 1736 2891 1788 ὅτι
2938 1734 3194 1803 διέφυγες
3238 1734 3372 1800 νῦν;
3419 1735 3521 1807 δρα
3569 1736 3644 1807 μὴ

1970 1821 2215 1891 μείζονος
2273 1821 2547 1885 κολάσεως
2602 1822 2784 1893 σαυτῷ
2839 1822 3180 1894 περιστήσῃς
3241 1822 3504 1893 ἀνάγκην,
3551 1824 3646 1878 καὶ

1971 1908 2130 1962 πάλιν
2179 1909 2526 1962 ἀπελθοῦσαν
2565 1909 2801 1982 καλέσῃς
2840 1910 2979 1979 μετὰ
3010 1908 3251 1972 πλείονος
3286 1909 3387 1976 τῆς
3422 1926 3644 1980 περιου-

1969 1997 2092 2059 σίας
2127 1996 2227 2067 τὴν
2257 1997 2512 2067 ἀπειλὴν,
2543 1999 2639 2051 καὶ
2670 1998 2852 2067 πάθῃς
2893 1995 3113 2060 ταυτὸν,
3153 1995 3181 2048 ὃ
3217 1996 3347 2065 περὶ
3375 1995 3484 2048 τῶν
3529 1997 3646 2051 δαι-

1971 2079 2198 2148 μόνωνὶ)
2243 2081 2406 2151 φησὶν
2455 2082 2484 2134 ό
2532 2082 2767 2152 Χριστός
2799 2095 2813 2109 ⁸
2885 2078 3108 2133 ἐπειδὰν
3172 2080 3283 2150 γάρ
3330 2076 3522 2152 ἐξέλθῃ
3582 2079 3646 2132 τὸ

1967 2168 2186 2238 πνεῦμα
2243 2168 2306 2222 τὸ
2357 2168 2696 2240 ἀκάθαρτονῖ,
2758 2168 2945 2238 φησὶν,
2991 2164 3111 2221 εἶτα
3156 2167 3291 2239 εὕρῃ
3344 2168 3438 2221 τὸν
3494 2164 3644 2222 οἷκον

1969 2254 2300 2324 σχολάζοντα
2345 2256 2438 2308 καὶ
2485 2255 2888 2325 σεσαρωμένον,
2942 2253 3080 2307 ἐπτά
3129 2254 3294 2325 ἕτερα
3359 2252 3645 2324 πνεύματα

1967 2344 2312 2415 πονηρότερα
2349 2342 2545 2397 ἑαυτοῦ
2582 2343 2746 2397 πάλιν
2773 2343 2938 2396 λαὸὸν
2966 2343 3346 2412 ἐπεισέρχεται
3377 2343 3444 2413 τῇ
3473 2341 3641 2414 ψυχῇ,

1967 2430 2064 2483 καὶ
2105 2431 2317 2499 γίνεται
2364 2430 2432 2485 τά
2480 2431 2684 2502 ἔσχατα
2735 2429 2902 2483 αὑτοῦ
2957 2430 3177 2501 χείρονα
3232 2428 3342 2483 τῶν
3384 2427 3639 2500 πρώτων.

1966 2516 2298 2588 Φοσηθῶμεν
2332 2513 2428 2572 οῦν
2456 2517 2553 2572 καὶ
2589 2519 2772 2588 ἡμεῖς,
2808 2516 2883 2588 μὴ
2928 2516 3036 2569 τῶν
3077 2518 3358 2587 προτέρων
3400 2514 3645 2570 amna-

1966 2603 2176 2671 γέντες,
2206 2604 2430 2675 μείζονα
2453 2604 2564 2657 τῶν
2588 2604 2870 2675 προτέρων
2908 2602 3350 2673 ἐπισπασώμεθα
3371 2613 3394 2642 θ
3425 2602 3514 2656 διὰ
3542 2602 3643 2673 τῆς

1970 2692 2110 2762 μετά
2145 2691 2319 2746 ταῦτα
2351 2692 2644 2764 ῥᾳθυμίας.
2671 2687 2824 2757 Οἶδα,
2849 2692 2933 2745 ὅτι
2969 2692 3129 2761 ὑμεῖς
3168 2689 3374 2761 ταύτης
3414 2689 3643 2762 καθαροί

1966 2779 2092 2832 ἐστε
2137 2780 2239 2850 τῆς
2286 2780 2546 2843 ἀτοπίας·
2594 2779 2732 2834 ἀλλὰ
2784 2779 2879 2833 καὶ
2924 2780 3050 2842 τοὺς
3097 2778 3476 2849 ἀκοσμοῦντας
3509 2795 3644 2832 κατ-

1967 2866 2144 2938 έχετε,
2173 2866 2457 2932 κολάζετε,
2483 2866 2867 2938 σωφρονίζετε,
2899 2867 2986 2919 ἵνα
3016 2867 3251 2920 πάντοτε
3285 2865 3567 2937 χαίρωμεν
3585 2864 3639 2924 ἀ.

1968 2952 2152 3017 καθὼς
2186 2956 2216 3007 ὁ
2261 2954 2473 3018 Παῦλος
2526 2954 2884 3026 προσέταξεν,
2925 2954 3073 3017 ὃπως
3115 2953 3210 3008 καὶ
3259 2953 3370 3007 τῶν
3423 2952 3640 3006 οἰκείων

1966 3039 2408 3112 κατορθωμάτων
2452 3040 2680 3111 καὶτῆς
2726 3041 2930 3111 ἐτέρων
2984 3041 3244 3113 προνοίας
3305 3039 3503 3111 πολλὴν
3543 3040 3641 3092 καὶ

1963 3126 2223 3192 ἐνταῦθα,
2250 3128 2347 3181 καὶ
2398 3126 2541 3181 κατὰ
2569 3127 2667 3198 τὴν
2699 3126 3000 3198 μέλλουσαν
3039 3126 3182 3198 ζωὴν
3216 3123 3642 3198 καρπωσὼμεθα

1961 3215 2062 3286 τὴν
2116 3216 2374 3287 ἀμοιϐὴν,
2432 3216 2617 3288 χάριτι
2675 3216 2772 3270 καὶ
2838 3214 3219 3286 φιλανθρωπίᾳ
3274 3214 3369 3268 τοῦ
3434 3212 3641 3284 Κυρίου

1961 3301 2120 3374 ἡμῶν
2157 3304 2332 3375 Ἰησοῦ
2363 3303 2625 3375 Χριστοῦ,
2656 3303 2723 3357 δι’
2752 3294 2815 3355 οὗ
2849 3303 2944 3357 καὶ
2980 3302 3099 3373 μεθ’
3125 3296 3186 3357 οὗ
3215 3301 3295 3373 τῷ
3323 3300 3499 3372 Πατρὶ
3524 3299 3642 3371 ἀμα

1960 3390 2040 3461 τῷ
2074 3390 2217 3464 ἁγίῳ
2267 3392 2544 3462 Πνεύματι
2592 3390 2754 3455 δόξα,
2802 3389 2936 3461 τιμὴ
2971 3390 3063 3444 καὶ
3098 3390 3500 3460 προσκύνησις,
3545 3387 3641 3442 νῦν

1961 3480 2055 3532 καὶ
2080 3479 2189 3542 ἀεὶ,
2217 3480 2311 3533 καὶ
2335 3481 2414 3543 είς
2442 3480 2569 3542 τοὺς
2597 3477 2800 3541 αἰῶνας
2831 3476 2940 3531 τῶν
2967 3476 3196 3531 αἰώνων.
3234 3477 3428 3548 Ἀμήν.

2024 3676 2055 3717 ιτ
2076 3681 2227 3731 Savil.
2248 3689 2300 3731 el
2318 3683 2513 3745 quidam
2536 3695 2649 3731 mss.
2676 3682 2781 3745 περὶ
2803 3681 2899 3745 τῶν
2920 3679 3267 3745 δαιμονῶντων.

1948 3782 1961 3785 ηη
2029 3746 2157 3793 cSic
2190 3742 2514 3795 recle'Sawl.
2560 3742 2755 3794 Ediluni
2794 3743 2980 3802 fuerat,
3023 3744 3140 3791 salis
3171 3743 3327 3803 male,
3382 3742 3639 3792 ἐκσπασώ-

1966 3807 2099 3867 μεθα.
2126 3807 2262 3855 Ιίυιτ.

2023 3869 2049 3905 ἀ
2071 3873 2109 3916 Α
2120 3870 2166 3915 lii
2192 3868 2404 3930 χαίρητε.

502 4116 580 4185 Τῇ
618 4114 884 4184 Κυριακῇ
922 4113 1031 4181 τῆς
1060 4110 1543 4179 ἐπισωζομένηςι
1580 4108 1730 4177 πρὸς
1760 4108 1901 4174 τοὺς
1924 4109 2041 4162 ἀπὸ
2072 4106 2180 4175 τῆς
2212 4107 2441 4178 χώρας·
2487 4107 2595 4160 καί
2618 4107 2749 4175 περὶ
2785 4106 2891 4159 τοῦ
2909 4105 3001 4173 μὴ
3042 4104 3306 4174 ὀμνύειν.

837 4314 1061 4381 Ὁμιλιά
1112 4318 1200 4370 ιϐ’.

252 4424 326 4478 α’.
353 4423 813 4493 Κατετρυφήσατε
842 4422 951 4475 τῶν
987 4422 1157 4490 ἁγίων
1183 4421 1477 4493 μαρτύρων
1509 4422 1566 4472 ἐν
1596 4419 1717 4481 ταῖς
1761 4418 1860 4486 ἒμ-

176 4511 423 4585 προσθεν
445 4509 666 4573 ταύταις
683 4508 919 4579 ἡμέραις
936 4525 949 4539 ³
972 4509 1338 4580 ἐνεφορήθητε
1361 4508 1461 4577 τῆς
1484 4507 1861 4577 πνευματικῆς

177 4603 417 4676 ἑορτῆς’
471 4600 832 4670 ἐσκιρτήσατε
889 4599 960 4653 τὰ
1027 4598 1169 4653 καλὰ
1240 4602 1628 4669 σκιρτήματα’
1690 4598 1859 4649 εἴδετε

178 4687 428 4759 πλευρὰς
490 4687 876 4757 ἡνειργμένας,
933 4686 1028 4740 καὶ
1091 4686 1325 4753 λαγόνας
1386 4684 1858 4755 κατατμηθείσας,

179 4772 325 4847 αἷμα
356 4775 664 4846 καταρρέον
698 4774 985 4836 πάντοθεν,
1019 4773 1192 4844 μυρία
1237 4773 1672 4844 βασανιστηρίων
1710 4772 1855 4842 είδηο

177 4864 355 4918 εἴδετε
388 4861 551 4932 φύσιν
599 4861 945 4933 ἀνθρωπίνην
989 4860 1058 4914 τὰ
1089 4862 1229 4933 ὑπὲρ
1275 4860 1438 4931 φύσιν
1482 4860 1860 4930 ἐπιδεικνυμέ-

178 4969 302 5022 νην,
336 4951 431 5004 καὶ
480 4950 778 5019 στεφάνους
824 4949 884 5015 ἐξ
929 4950 1161 5020 αἵματος
1213 4949 1607 5020 πλεκομένουςο
1642 4949 1862 5020 ἐχορεύ-

183 5056 313 5093 σατε
353 5037 573 5109 χορείαν
606 5037 797 5108 καλὴν,
843 5037 1119 5107 πανταχοῦ
1160 5038 1260 5109 τῆς
1304 5038 1510 5101 πόλεως
1551 5038 1645 5090 τοῦ
1693 5037 1859 5091 καλοῦ

179 5125 375 5178 τούτου
428 5125 783 5195 περιάγοντος
817 5124 961 5195 ὑμᾶς
993 5124 1299 5196 στρατηγοῦ
1321 5142 1335 5156 ’
1372 5124 1498 5177 ἀλλ’
1528 5126 1674 5194 ἡμᾶς
1709 5124 1859 5197 [I89]

180 5215 214 5284 ἡ
243 5212 500 5267 ἀσθένεια
527 5213 622 5266 καὶ
643 5211 878 5275 ἄκοντας
904 5212 1042 5265 οῖκοι
1073 5213 1254 5283 μένειν
1288 5213 1691 5283 κατηνάγκαζε.
1715 5213 1860 5283 Πλὴν

179 5303 231 5355 εί
285 5299 382 5354 καὶ
431 5299 506 5369 μὴ
564 5298 902 5369 μετέσχομεν
952 5298 1054 5368 τῆς
1108 5300 1333 5370 ἑορτῆς,
1379 5299 1713 5369 μετέσχομεν
1762 5302 1861 5369 τῆς

179 5388 380 5460 ἡδονῆς
401 5403 414 5415 ·
453 5387 504 5453 εἰ
533 5386 629 5439 καὶ
660 5386 734 5457 μὴ
763 5385 867 5455 τῆς
897 5384 1259 5456 πανηγύρεως
1293 5384 1710 5455 ἀπηλαύσαμεν,
1744 5388 1858 5440 ἀλλ’

180 5475 624 5545 ἐκοινωνήσαμεν
674 5473 775 5543 τῆς
814 5473 1154 5544 εὐφροσύνης
1205 5473 1353 5543 ὑμῖν.
1394 5472 1631 5542 Τοιαύτη
1673 5473 1781 5543 γὰρ
1823 5476 1855 5543 ή

180 5563 279 5633 τῆς
308 5563 531 5629 ἀγάπης
567 5562 797 5632 δύναμις
817 5577 828 5591 ·
862 5562 991 5623 τοὺς
1025 5561 1127 5613 οὑκ
1167 5559 1540 5621 ἀπολαύοντας
1580 5561 1689 5613 τῶν
1720 5562 1856 5614 ἀπο-

182 5648 454 5702 λαυόντων
479 5647 540 5712 ἐξ
568 5649 690 5717 ἴσης
723 5649 867 5700 ποιεῖ
909 5647 1140 5719 χαίρειν,
1185 5648 1340 5701 κοινά
1379 5646 1450 5699 τά
1476 5647 1584 5700 τῶν
1625 5647 1850 5719 πλησίον

242 5860 271 5890 ⁸
293 5856 447 5908 Savi).
471 5864 522 5907 ct
544 5859 739 5919 quidam
772 5871 888 5906 mss.
914 5864 997 5916 τῆς
1034 5857 1398 5918 ἐπισωζομένης,
1440 5862 1491 5906 el
1515 5857 1619 5907 hac
1639 5863 1715 5908 esl
1740 5872 1855 5909 vera

181 5924 332 5973 lectio
353 5941 366 5969 :
391 5920 568 5970 Morel.
592 5926 643 5969 ει
666 5921 860 5981 quidam
881 5920 962 5968 alii
986 5925 1069 5976 τῆς
1110 5919 1395 5983 σωζομένης.

1964 4296 2144 4377 άῨάθά
2184 4307 2443 4361 πείθουσα
2489 4303 2751 4377 νομίζειν.
2800 4304 2899 4357 Διὰ
2948 4302 3105 4358 τοῦτο
3165 4306 3259 4358 καὶ
3311 4306 3447 4358 οἴκοι
3494 4304 3627 4358 καθ-

1940 4378 2169 4466 ’ἡμενος
2200 4395 2415 4466 ἔχαιρον
2450 4392 2566 4465 μεθ’
2593 4393 2765 4464 ὑμῶν,
2797 4392 3008 4462 καὶτῆς
3052 4392 3361 4464 ἀρρωστίας
3392 4404 3479 4463 μοι
3527 4409 3629 4462 μη-

1962 4485 2108 4537 δέπω
2124 4484 2381 4553 λυθείσης
2406 4481 2640 4552 ἁπάσης,
2662 4480 2894 4550 ἀνέστην
2922 4482 3018 4533 καὶ
3036 4480 3271 4551 ἔδραμον
3296 4481 3432 4550 πρὸς
3463 4481 3630 4550 ὑμᾶς,

1961 4574 2101 4627 ὥστε
2129 4573 2199 4625 τά
2240 4572 2461 4625 ποθεινὰ
2494 4571 2759 4642 πρόσωπα
2798 4568 2952 4639 ὑμῶν
2988 4569 3116 4622 ίδείν
3156 4568 3249 4623 καὶ
3285 4569 3383 4639 τῆς
3426 4569 3633 4640 παρού-

1965 4679 2064 4732 σης
2096 4659 2288 4730 ἑορτῆς
2324 4661 2633 4729 μετασχεῖν.
2671 4656 2894 4728 Ἐορτὴν
2925 4656 3035 4727 γάρ
3082 4656 3344 4727 μεγίστην
3373 4652 3512 4709 εἶναι
3542 4674 3632 4711 νο-

1965 4753 2105 4822 μίζω
2133 4749 2230 4820 τὴν
2255 4748 2535 4819 παροῦσαν
2570 4746 2804 4818 ἡμέραν,
2833 4747 2921 4800 διά
2953 4745 3052 4817 τὴν
3078 4744 3188 4799 τῶν
3216 4744 3459 4814 ἀδελφῶν
3488 4763 3632 4818 παρο

1960 4837 2147 4893 ουσίαν
2206 4835 2315 4888 τῶν
2361 4834 2665 4905 ἡμετέρων,
2702 4833 2750 4885 οἳ
2785 4833 2884 4904 τὴν
2942 4833 3095 4887 πόλιν
3144 4834 3277 4903 ἡμῖν
3325 4831 3629 4886 ἐκαλλώπιο

1963 4944 2062 4979 σαν
2108 4927 2345 4996 τήμερον
2405 4925 2499 4977 καὶ
2553 4924 2651 4995 τὴν
2692 4923 2722 4962 b
2763 4922 3063 4992 ἐκκλησίαν
3116 4922 3452 4995 ἐκόσμησαν.
3489 4920 3632 4984 Λαδς

1962 5015 2105 5069 κατά
2153 5016 2251 5084 μέν
2290 5013 2389 5083 τὴν
2432 5011 2678 5081 γλῶτταν
2722 5013 2854 5081 ἡμῖν
2895 5009 3330 5081 ἐνηλλαγμένος,
3382 5007 3524 5061 κατά
3572 5006 3634 5061 δὲ

1960 5106 2057 5175 τὴν
2086 5104 2267 5156 πίστιν
2298 5104 2431 5172 ἡμῖν
2469 5099 2799 5170 συμφωνῶν,
2833 5098 2960 5162 λαὸς
2989 5096 3391 5170 ἀπραγμοσύνῃ
3430 5093 3628 5159 συζῶν,

1963 5192 2075 5260 βίον
2125 5189 2378 5259 σώφρονα
2424 5188 2520 5240 καὶ
2559 5185 2756 5257 σεμνὸν
2802 5185 2961 5256 ἔχων.
3010 5185 3166 5256 Παρὰ
3216 5183 3325 5253 γὰρ
3382 5184 3494 5243 τοῖς
3535 5181 3625 5232 άνο

1958 5280 2116 5350 δράσι
2162 5277 2371 5338 τούτοις
2411 5276 2512 5328 οὐκ
2558 5273 2673 5326 ἔστι
2713 5273 2915 5345 θέατρα
2963 5271 3329 5343 παρανομίας,
3371 5268 3495 5322 οὐδὲ
3539 5269 3631 5321 ἴπο

1961 5386 2077 5421 πων
2107 5365 2348 5436 ἅμιλλαι,
2376 5363 2496 5415 οὐδὲ
2533 5362 2729 5433 πόρναι
2773 5363 3052 5428 γυναῖκες,
3082 5358 3200 5411 οὐδὲ
3249 5359 3282 5427 ἡ
3329 5355 3489 5426 λοιπὴ
3530 5357 3629 5426 τῆς

1962 5455 2169 5517 πόλεως
2208 5452 2422 5524 ταραχὴ
2445 5467 2457 5480 ’
2486 5450 2601 5504 ἀλλ’
2626 5451 2772 5504 ἅπαν
2814 5449 2912 5519 μὲν
2947 5446 3237 5515 ἀσελγείας
3264 5440 3404 5509 εἶδος
3445 5444 3630 5515 ἐξελή-

1959 5541 2137 5605 λαται,
2168 5540 2336 5611 πολλὴ
2379 5539 2435 5591 δὲ
2486 5535 2762 5606 πανταχοῦ
2811 5535 2964 5588 ἀνθεῖ
3006 5536 3038 5603 ή
3086 5531 3433 5604 σωφροσύνη.
3467 5531 3540 5585 Τὸ
3571 5532 3628 5586 δὲ

1951 5632 2142 5697 αἴτιον,
2184 5629 2439 5690 ἐπίπονος
2469 5628 2653 5688 αὑτοῖς
2696 5626 2842 5676 ἐστιν
2874 5625 2903 5675 ό
2954 5621 3085 5692 βίος.
3118 5621 3214 5674 καὶ
3256 5620 3630 5674 διδασκαλεῖον

1934 5788 1937 5791 Ι
2019 5803 2051 5844 1³
2072 5800 2219 5851 Savil.
2242 5807 2296 5848 el
2314 5797 2398 5849 alii
2420 5799 2749 5860 ἐκαλλώπισαν
2770 5797 2972 5860 τήμερον
2996 5796 3077 5844 καὶ
3094 5797 3196 5860 τήν.
3218 5793 3625 5860 (Ηραρρίιηαεᾼτής

1962 5882 2117 5978 μερον.
2131 5876 2142 5919 ι
2167 5861 2321 5909 [idem
2345 5874 2457 5908 mox
2481 5859 2604 5933 κατά
2622 5860 2707 5916 τὴν
2725 5854 2845 5909 ἰδίαν
2863 5854 3092 5921 γλῶτταν.
3116 5854 3243 5908 infra
3279 5854 3427 5908 iidéln
3465 5855 3574 5903 οὐδὲ
3594 5854 3625 5911 ἠ

1994 5926 2104 5978 οιπὴ
2126 5930 2211 5978 τῆς
2229 5924 2413 5976 πόλεως
2439 5922 2653 5978 βλακεια.

1994 5922 2104 5984 οἱπή
2126 5930 2211 5982 τῆς
2229 5924 2413 5976 πόλεως
2439 5922 2653 5983 βλακεία.
