  <div class='ocr_page' id='page_1' title='image "/cluster/home/n/w/nwhite01/storage/ocr_20150623/49/mdp.39015028539461/193.png"; bbox 0 0 3920 6224; ppageno 0'>
   <div class='ocr_carea' id='block_1_1' title="bbox 340 256 444 313">
    <p class='ocr_par' dir='ltr' id='par_1_1' title="bbox 340 256 444 313">
     <span class='ocr_line' id='line_1_1' title="bbox 340 256 444 313; baseline 0.038 -4"><span class='ocrx_word' id='word_1_1' title='bbox 340 256 444 313; x_wconf 69' lang='grc'><strong>189</strong></span> 
     </span>
    </p>
   </div>
   <div class='ocr_carea' id='block_1_2' title="bbox 334 367 2021 447">
    <p class='ocr_par' dir='ltr' id='par_1_2' title="bbox 334 367 2021 447">
     <span class='ocr_line' id='line_1_2' title="bbox 334 367 2021 447; baseline 0.007 -25"><span class='ocrx_word' id='word_1_2' title='bbox 334 367 437 440; x_wconf 82' lang='grc' dir='ltr'><strong>τὴς</strong></span> <span class='ocrx_word' id='word_1_3' title='bbox 479 369 682 442; x_wconf 87' lang='grc' dir='ltr'><strong>ἀρετῆς</strong></span> <span class='ocrx_word' id='word_1_4' title='bbox 718 370 813 426; x_wconf 71' lang='grc' dir='ltr'><strong>καὶ</strong></span> <span class='ocrx_word' id='word_1_5' title='bbox 851 372 959 442; x_wconf 87' lang='grc' dir='ltr'><strong>,τῆς</strong></span> <span class='ocrx_word' id='word_1_6' title='bbox 1002 372 1355 443; x_wconf 77' lang='grc' dir='ltr'>σωφροσύνης</span> <span class='ocrx_word' id='word_1_7' title='bbox 1401 372 1582 443; x_wconf 80' lang='grc' dir='ltr'><strong>έχουσι</strong></span> <span class='ocrx_word' id='word_1_8' title='bbox 1620 373 1720 447; x_wconf 85' lang='grc' dir='ltr'><strong>τὴν</strong></span> <span class='ocrx_word' id='word_1_9' title='bbox 1754 375 1853 446; x_wconf 86' lang='grc' dir='ltr'><strong>τῆς</strong></span> <span class='ocrx_word' id='word_1_10' title='bbox 1900 367 2021 444; x_wconf 44' lang='grc' dir='ltr'><strong>γῆς’</strong></span> 
     </span>
    </p>
   </div>
   <div class='ocr_carea' id='block_1_3' title="bbox 336 457 2004 529">
    <p class='ocr_par' dir='ltr' id='par_1_3' title="bbox 336 457 2004 529">
     <span class='ocr_line' id='line_1_3' title="bbox 336 457 2004 529; baseline 0.002 -21"><span class='ocrx_word' id='word_1_11' title='bbox 336 457 622 528; x_wconf 81' lang='grc' dir='ltr'><strong>ἐργασίαν,</strong></span> <span class='ocrx_word' id='word_1_12' title='bbox 681 459 776 511; x_wconf 80' lang='grc' dir='ltr'><strong>καὶ</strong></span> <span class='ocrx_word' id='word_1_13' title='bbox 828 459 1023 529; x_wconf 84' lang='grc' dir='ltr'><strong>τέχνην</strong></span> <span class='ocrx_word' id='word_1_14' title='bbox 1072 458 1344 529; x_wconf 82' lang='grc' dir='ltr'><strong>μετιόντες</strong></span> <span class='ocrx_word' id='word_1_15' title='bbox 1389 457 1459 527; x_wconf 83' lang='grc' dir='ltr'><strong>ἣν</strong></span> <span class='ocrx_word' id='word_1_16' title='bbox 1508 457 1615 529; x_wconf 81' lang='grc' dir='ltr'><strong>πρὸ</strong></span> <span class='ocrx_word' id='word_1_17' title='bbox 1664 457 1773 511; x_wconf 85' lang='grc' dir='ltr'><strong>τῶν</strong></span> <span class='ocrx_word' id='word_1_18' title='bbox 1830 458 2004 513; x_wconf 81' lang='grc' dir='ltr'><strong>ἄλλων</strong></span> 
     </span>
    </p>
   </div>
   <div class='ocr_carea' id='block_1_4' title="bbox 333 543 2001 614">
    <p class='ocr_par' dir='ltr' id='par_1_4' title="bbox 333 543 2001 614">
     <span class='ocr_line' id='line_1_4' title="bbox 333 543 2001 614; baseline 0.001 -18"><span class='ocrx_word' id='word_1_19' title='bbox 333 543 562 597; x_wconf 86' lang='grc' dir='ltr'><strong>ἀπασῶν</strong></span> <span class='ocrx_word' id='word_1_20' title='bbox 600 546 630 598; x_wconf 99' lang='lat'><strong>6</strong></span> <span class='ocrx_word' id='word_1_21' title='bbox 662 543 795 608; x_wconf 81' lang='grc' dir='ltr'><strong>Θεὸς</strong></span> <span class='ocrx_word' id='word_1_22' title='bbox 845 547 926 608; x_wconf 89' lang='grc' dir='ltr'><strong>είς</strong></span> <span class='ocrx_word' id='word_1_23' title='bbox 955 545 1048 597; x_wconf 82' lang='grc' dir='ltr'><strong>τὸν</strong></span> <span class='ocrx_word' id='word_1_24' title='bbox 1098 544 1212 613; x_wconf 83' lang='grc' dir='ltr'><strong>βίον</strong></span> <span class='ocrx_word' id='word_1_25' title='bbox 1260 545 1522 613; x_wconf 78' lang='grc' dir='ltr'><strong>εἰσήγαγε</strong></span> <span class='ocrx_word' id='word_1_26' title='bbox 1570 543 1661 596; x_wconf 85' lang='grc' dir='ltr'><strong>τὸν</strong></span> <span class='ocrx_word' id='word_1_27' title='bbox 1715 543 2001 614; x_wconf 81' lang='grc' dir='ltr'><strong>ἡμέτερον.</strong></span> 
     </span>
    </p>
   </div>
   <div class='ocr_carea' id='block_1_5' title="bbox 335 630 2005 703">
    <p class='ocr_par' dir='ltr' id='par_1_5' title="bbox 335 630 2005 703">
     <span class='ocr_line' id='line_1_5' title="bbox 335 630 2005 703; baseline 0.002 -21"><span class='ocrx_word' id='word_1_28' title='bbox 335 630 445 683; x_wconf 74' lang='grc' dir='ltr'><strong>Καὶ</strong></span> <span class='ocrx_word' id='word_1_29' title='bbox 497 630 610 703; x_wconf 75' lang='grc' dir='ltr'><strong>γὰρ</strong></span> <span class='ocrx_word' id='word_1_30' title='bbox 663 631 771 703; x_wconf 85' lang='grc' dir='ltr'><strong>πρὸ</strong></span> <span class='ocrx_word' id='word_1_31' title='bbox 820 632 920 701; x_wconf 85' lang='grc' dir='ltr'><strong>τῆς</strong></span> <span class='ocrx_word' id='word_1_32' title='bbox 958 632 1232 702; x_wconf 85' lang='grc' dir='ltr'><strong>ἁμαρτίας</strong></span> <span class='ocrx_word' id='word_1_33' title='bbox 1263 633 1291 685; x_wconf 90' lang='grc' dir='ltr'><strong>ὀ</strong></span> <span class='ocrx_word' id='word_1_34' title='bbox 1335 631 1538 701; x_wconf 73' lang='grc' dir='ltr'><strong>Ἀδὰμ,</strong></span> <span class='ocrx_word' id='word_1_35' title='bbox 1584 631 1748 700; x_wconf 83' lang='grc' dir='ltr'><strong>ἡνίκα</strong></span> <span class='ocrx_word' id='word_1_36' title='bbox 1802 632 2005 703; x_wconf 81' lang='grc' dir='ltr'><strong>πολλῆς</strong></span> 
     </span>
    </p>
   </div>
   <div class='ocr_carea' id='block_1_6' title="bbox 332 717 2000 790">
    <p class='ocr_par' dir='ltr' id='par_1_6' title="bbox 332 717 2000 790">
     <span class='ocr_line' id='line_1_6' title="bbox 332 717 2000 790; baseline 0.001 -21"><span class='ocrx_word' id='word_1_37' title='bbox 332 717 585 789; x_wconf 84' lang='grc' dir='ltr'><strong>ἀπήλαυε</strong></span> <span class='ocrx_word' id='word_1_38' title='bbox 618 719 952 790; x_wconf 76' lang='grc' dir='ltr'><strong>παρρησίας,</strong></span> <span class='ocrx_word' id='word_1_39' title='bbox 989 718 1263 788; x_wconf 82' lang='grc' dir='ltr'><strong>γεωργίαν</strong></span> <span class='ocrx_word' id='word_1_40' title='bbox 1302 718 1423 772; x_wconf 72' lang='grc' dir='ltr'><strong>τινὰ</strong></span> <span class='ocrx_word' id='word_1_41' title='bbox 1461 718 1705 788; x_wconf 78' lang='grc' dir='ltr'><strong>ἐπετάγη</strong></span> <span class='ocrx_word' id='word_1_42' title='bbox 1736 719 2000 788; x_wconf 79' lang='grc' dir='ltr'><strong>μετιέναι,</strong></span> 
     </span>
    </p>
   </div>
   <div class='ocr_carea' id='block_1_7' title="bbox 330 804 2001 877">
    <p class='ocr_par' dir='ltr' id='par_1_7' title="bbox 330 804 2001 877">
     <span class='ocr_line' id='line_1_7' title="bbox 330 804 2001 877; baseline 0.002 -22"><span class='ocrx_word' id='word_1_43' title='bbox 330 804 433 857; x_wconf 83' lang='grc' dir='ltr'><strong>οὐκ</strong></span> <span class='ocrx_word' id='word_1_44' title='bbox 484 805 744 858; x_wconf 87' lang='grc' dir='ltr'><strong>ἐπίπονον</strong></span> <span class='ocrx_word' id='word_1_45' title='bbox 787 805 885 874; x_wconf 82' lang='grc' dir='ltr'><strong>μὲν</strong></span> <span class='ocrx_word' id='word_1_46' title='bbox 913 804 1034 857; x_wconf 87' lang='grc' dir='ltr'><strong>οὑδέ</strong></span> <span class='ocrx_word' id='word_1_47' title='bbox 1081 804 1458 877; x_wconf 76' lang='grc' dir='ltr'><strong>ταλαιπωρίαν</strong></span> <span class='ocrx_word' id='word_1_48' title='bbox 1503 805 1751 875; x_wconf 75' lang='grc' dir='ltr'><strong>ἔχουσαν,</strong></span> <span class='ocrx_word' id='word_1_49' title='bbox 1802 805 2001 876; x_wconf 77' lang='grc' dir='ltr'><strong>πολλὴν</strong></span> 
     </span>
    </p>
   </div>
   <div class='ocr_carea' id='block_1_8' title="bbox 327 890 2001 965">
    <p class='ocr_par' dir='ltr' id='par_1_8' title="bbox 327 890 2001 965">
     <span class='ocr_line' id='line_1_8' title="bbox 327 890 2001 965; baseline 0.001 -19"><span class='ocrx_word' id='word_1_50' title='bbox 327 892 388 946; x_wconf 76' lang='grc' dir='ltr'><strong>δέ</strong></span> <span class='ocrx_word' id='word_1_51' title='bbox 443 890 591 961; x_wconf 86' lang='grc' dir='ltr'><strong>αὑτῷ</strong></span> <span class='ocrx_word' id='word_1_52' title='bbox 659 892 1003 963; x_wconf 83' lang='grc' dir='ltr'><strong>παρέχουσαν</strong></span> <span class='ocrx_word' id='word_1_53' title='bbox 1066 891 1167 964; x_wconf 75' lang='grc' dir='ltr'><strong>τὴν</strong></span> <span class='ocrx_word' id='word_1_54' title='bbox 1231 893 1568 962; x_wconf 81' lang='grc' dir='ltr'><strong>φιλοσοφίαν.</strong></span> <span class='ocrx_word' id='word_1_55' title='bbox 1617 895 1830 961; x_wconf 81' lang='grc' dir='ltr'><strong>Ἔθηκε</strong></span> <span class='ocrx_word' id='word_1_56' title='bbox 1892 893 2001 965; x_wconf 79' lang='grc' dir='ltr'><strong>γάρ</strong></span> 
     </span>
    </p>
   </div>
   <div class='ocr_carea' id='block_1_9' title="bbox 327 976 2002 1049">
    <p class='ocr_par' dir='ltr' id='par_1_9' title="bbox 327 976 2002 1049">
     <span class='ocr_line' id='line_1_9' title="bbox 327 976 2002 1049; baseline 0.003 -21"><span class='ocrx_word' id='word_1_57' title='bbox 327 978 530 1041; x_wconf 74' lang='grc' dir='ltr'><strong>αὐτὸν,</strong></span> <span class='ocrx_word' id='word_1_58' title='bbox 563 977 749 1048; x_wconf 58' lang='grc' dir='ltr'><strong>φησιν,</strong></span> <span class='ocrx_word' id='word_1_59' title='bbox 779 976 1122 1046; x_wconf 78' lang='grc' dir='ltr'><strong>ἐργάζεσθαι</strong></span> <span class='ocrx_word' id='word_1_60' title='bbox 1165 978 1265 1032; x_wconf 78' lang='grc' dir='ltr'><strong>καὶ</strong></span> <span class='ocrx_word' id='word_1_61' title='bbox 1295 979 1644 1048; x_wconf 69' lang='grc' dir='ltr'><strong>φυλάσσειν</strong></span> <span class='ocrx_word' id='word_1_62' title='bbox 1675 980 1782 1033; x_wconf 79' lang='grc' dir='ltr'><strong>τόν</strong></span> <span class='ocrx_word' id='word_1_63' title='bbox 1813 980 2002 1049; x_wconf 78' lang='grc' dir='ltr'><strong>παρά-</strong></span> 
     </span>
    </p>
   </div>
   <div class='ocr_carea' id='block_1_10' title="bbox 330 1063 2000 1137">
    <p class='ocr_par' dir='ltr' id='par_1_10' title="bbox 330 1063 2000 1137">
     <span class='ocr_line' id='line_1_10' title="bbox 330 1063 2000 1137; baseline 0.003 -21"><span class='ocrx_word' id='word_1_64' title='bbox 330 1064 552 1118; x_wconf 78' lang='grc' dir='ltr'><strong>δεισον.</strong></span> <span class='ocrx_word' id='word_1_65' title='bbox 593 1063 809 1117; x_wconf 86' lang='grc' dir='ltr'><strong>Τούτων</strong></span> <span class='ocrx_word' id='word_1_66' title='bbox 847 1065 1079 1118; x_wconf 76' lang='grc' dir='ltr'><strong>ἕκαστον</strong></span> <span class='ocrx_word' id='word_1_67' title='bbox 1110 1065 1239 1129; x_wconf 74' lang='grc' dir='ltr'><strong>ἴδοις</strong></span> <span class='ocrx_word' id='word_1_68' title='bbox 1265 1065 1331 1119; x_wconf 84' lang='grc' dir='ltr'><strong>ἂν</strong></span> <span class='ocrx_word' id='word_1_69' title='bbox 1353 1078 1402 1129; x_wconf 75' lang='grc' dir='ltr'><strong>α,</strong></span> <span class='ocrx_word' id='word_1_70' title='bbox 1433 1066 1528 1120; x_wconf 89' lang='grc' dir='ltr'><strong>νῦν</strong></span> <span class='ocrx_word' id='word_1_71' title='bbox 1567 1066 1666 1137; x_wconf 88' lang='grc' dir='ltr'><strong>μὲν</strong></span> <span class='ocrx_word' id='word_1_72' title='bbox 1699 1065 2000 1135; x_wconf 77' lang='grc' dir='ltr'><strong>ζευγνύντα</strong></span> 
     </span>
    </p>
   </div>
   <div class='ocr_carea' id='block_1_11' title="bbox 331 1151 1998 1224">
    <p class='ocr_par' dir='ltr' id='par_1_11' title="bbox 331 1151 1998 1224">
     <span class='ocr_line' id='line_1_11' title="bbox 331 1151 1998 1224; baseline 0.003 -20"><span class='ocrx_word' id='word_1_73' title='bbox 331 1151 456 1219; x_wconf 78' lang='grc' dir='ltr'><strong>βόας</strong></span> <span class='ocrx_word' id='word_1_74' title='bbox 489 1153 765 1223; x_wconf 84' lang='grc' dir='ltr'><strong>ἀροτῆρας</strong></span> <span class='ocrx_word' id='word_1_75' title='bbox 786 1153 882 1205; x_wconf 75' lang='grc' dir='ltr'><strong>καὶ</strong></span> <span class='ocrx_word' id='word_1_76' title='bbox 916 1154 1146 1224; x_wconf 85' lang='grc' dir='ltr'><strong>ἄροτρον</strong></span> <span class='ocrx_word' id='word_1_77' title='bbox 1169 1154 1392 1208; x_wconf 73' lang='grc' dir='ltr'><strong>ἕλκοντα</strong></span> <span class='ocrx_word' id='word_1_78' title='bbox 1420 1155 1513 1208; x_wconf 68' lang='grc' dir='ltr'><strong>καὶ</strong></span> <span class='ocrx_word' id='word_1_79' title='bbox 1538 1154 1756 1224; x_wconf 80' lang='grc' dir='ltr'><strong>βαθεῖαν</strong></span> <span class='ocrx_word' id='word_1_80' title='bbox 1786 1153 1998 1209; x_wconf 70' lang='grc' dir='ltr'><strong>αὔλακα</strong></span> 
     </span>
    </p>
   </div>
   <div class='ocr_carea' id='block_1_12' title="bbox 325 1239 1996 1313">
    <p class='ocr_par' dir='ltr' id='par_1_12' title="bbox 325 1239 1996 1313">
     <span class='ocr_line' id='line_1_12' title="bbox 325 1239 1996 1313; baseline 0.001 -21"><span class='ocrx_word' id='word_1_81' title='bbox 325 1239 734 1310; x_wconf 85' lang='grc' dir='ltr'><strong>κατατέμνοντα</strong></span> <span class='ocrx_word' id='word_1_82' title='bbox 757 1240 810 1302; x_wconf 70' lang='grc' dir='ltr'><strong>ι),</strong></span> <span class='ocrx_word' id='word_1_83' title='bbox 854 1239 949 1293; x_wconf 90' lang='grc' dir='ltr'><strong>νῦν</strong></span> <span class='ocrx_word' id='word_1_84' title='bbox 975 1241 1032 1293; x_wconf 82' lang='grc' dir='ltr'><strong>δὲ</strong></span> <span class='ocrx_word' id='word_1_85' title='bbox 1063 1242 1154 1294; x_wconf 70' lang='grc' dir='ltr'><strong>ἐπὶ</strong></span> <span class='ocrx_word' id='word_1_86' title='bbox 1185 1241 1246 1293; x_wconf 87' lang='grc' dir='ltr'><strong>τὸ</strong></span> <span class='ocrx_word' id='word_1_87' title='bbox 1276 1241 1420 1311; x_wconf 79' lang='grc' dir='ltr'><strong>ἱερὸν</strong></span> <span class='ocrx_word' id='word_1_88' title='bbox 1445 1241 1805 1295; x_wconf 88' lang='grc' dir='ltr'><strong>ἀναϐαίνοντα</strong></span> <span class='ocrx_word' id='word_1_89' title='bbox 1847 1244 1996 1313; x_wconf 82' lang='grc' dir='ltr'><strong>βῆμα</strong></span> 
     </span>
    </p>
   </div>
   <div class='ocr_carea' id='block_1_13' title="bbox 324 1325 1998 1402">
    <p class='ocr_par' dir='ltr' id='par_1_13' title="bbox 324 1325 1998 1402">
     <span class='ocr_line' id='line_1_13' title="bbox 324 1325 1998 1402; baseline 0.002 -22"><span class='ocrx_word' id='word_1_90' title='bbox 324 1329 417 1380; x_wconf 80' lang='grc' dir='ltr'><strong>καὶ</strong></span> <span class='ocrx_word' id='word_1_91' title='bbox 451 1326 548 1391; x_wconf 84' lang='grc' dir='ltr'><strong>τάς</strong></span> <span class='ocrx_word' id='word_1_92' title='bbox 573 1325 751 1397; x_wconf 69' lang='grc' dir='ltr'><strong>ψυχὰς</strong></span> <span class='ocrx_word' id='word_1_93' title='bbox 792 1327 1134 1398; x_wconf 77' lang='grc' dir='ltr'><strong>ἀροτριῶντα</strong></span> <span class='ocrx_word' id='word_1_94' title='bbox 1173 1326 1282 1381; x_wconf 88' lang='grc' dir='ltr'><strong>τῶν</strong></span> <span class='ocrx_word' id='word_1_95' title='bbox 1311 1328 1588 1395; x_wconf 83' lang='grc' dir='ltr'><strong>ὑπηκόων,</strong></span> <span class='ocrx_word' id='word_1_96' title='bbox 1625 1329 1720 1382; x_wconf 80' lang='grc' dir='ltr'><strong>νῦν</strong></span> <span class='ocrx_word' id='word_1_97' title='bbox 1752 1331 1849 1401; x_wconf 79' lang='grc' dir='ltr'><strong>μὲν</strong></span> <span class='ocrx_word' id='word_1_98' title='bbox 1876 1330 1998 1402; x_wconf 85' lang='grc' dir='ltr'><strong>δρε-</strong></span> 
     </span>
    </p>
   </div>
   <div class='ocr_carea' id='block_1_14' title="bbox 323 1414 1996 1487">
    <p class='ocr_par' dir='ltr' id='par_1_14' title="bbox 323 1414 1996 1487">
     <span class='ocr_line' id='line_1_14' title="bbox 323 1414 1996 1487; baseline 0.004 -22"><span class='ocrx_word' id='word_1_99' title='bbox 323 1414 469 1485; x_wconf 75' lang='grc' dir='ltr'><strong>πάνῃ</strong></span> <span class='ocrx_word' id='word_1_100' title='bbox 500 1414 596 1477; x_wconf 90' lang='grc' dir='ltr'><strong>τάς</strong></span> <span class='ocrx_word' id='word_1_101' title='bbox 621 1414 864 1479; x_wconf 82' lang='grc' dir='ltr'><strong>ἀκάνθας</strong></span> <span class='ocrx_word' id='word_1_102' title='bbox 891 1415 1229 1485; x_wconf 79' lang='grc' dir='ltr'><strong>ἐκτέμνοντα</strong></span> <span class='ocrx_word' id='word_1_103' title='bbox 1252 1416 1350 1486; x_wconf 88' lang='grc' dir='ltr'><strong>τῆς</strong></span> <span class='ocrx_word' id='word_1_104' title='bbox 1376 1417 1499 1486; x_wconf 87' lang='grc' dir='ltr'><strong>γῆς,</strong></span> <span class='ocrx_word' id='word_1_105' title='bbox 1530 1416 1625 1470; x_wconf 84' lang='grc' dir='ltr'><strong>νῦν</strong></span> <span class='ocrx_word' id='word_1_106' title='bbox 1654 1417 1711 1470; x_wconf 82' lang='grc' dir='ltr'><strong>δέ</strong></span> <span class='ocrx_word' id='word_1_107' title='bbox 1731 1418 1875 1487; x_wconf 87' lang='grc' dir='ltr'><strong>λόγῳ</strong></span> <span class='ocrx_word' id='word_1_108' title='bbox 1898 1420 1996 1483; x_wconf 84' lang='grc' dir='ltr'><strong>τάς</strong></span> 
     </span>
    </p>
   </div>
   <div class='ocr_carea' id='block_1_15' title="bbox 324 1502 1994 1577">
    <p class='ocr_par' dir='ltr' id='par_1_15' title="bbox 324 1502 1994 1577">
     <span class='ocr_line' id='line_1_15' title="bbox 324 1502 1994 1577; baseline 0.003 -23"><span class='ocrx_word' id='word_1_109' title='bbox 324 1502 599 1572; x_wconf 84' lang='grc' dir='ltr'><strong>ἁμαρτίας</strong></span> <span class='ocrx_word' id='word_1_110' title='bbox 631 1502 1031 1574; x_wconf 86' lang='grc' dir='ltr'><strong>ἐκκαθαίροντα</strong></span> <span class='ocrx_word' id='word_1_111' title='bbox 1081 1502 1188 1557; x_wconf 86' lang='grc' dir='ltr'><strong>τῶν</strong></span> <span class='ocrx_word' id='word_1_112' title='bbox 1236 1503 1441 1574; x_wconf 79' lang='grc' dir='ltr'><strong>ψυχῶν.</strong></span> <span class='ocrx_word' id='word_1_113' title='bbox 1476 1505 1552 1557; x_wconf 88' lang='grc' dir='ltr'><strong>Οὐ</strong></span> <span class='ocrx_word' id='word_1_114' title='bbox 1582 1504 1691 1576; x_wconf 91' lang='grc' dir='ltr'><strong>γάρ</strong></span> <span class='ocrx_word' id='word_1_115' title='bbox 1730 1506 1994 1577; x_wconf 85' lang='grc' dir='ltr'><strong>ἐπαισχύ-</strong></span> 
     </span>
    </p>
   </div>
   <div class='ocr_carea' id='block_1_16' title="bbox 321 1589 1996 1663">
    <p class='ocr_par' dir='ltr' id='par_1_16' title="bbox 321 1589 1996 1663">
     <span class='ocr_line' id='line_1_16' title="bbox 321 1589 1996 1663; baseline 0.003 -22"><span class='ocrx_word' id='word_1_116' title='bbox 321 1605 499 1642; x_wconf 85' lang='grc' dir='ltr'><strong>νονται</strong></span> <span class='ocrx_word' id='word_1_117' title='bbox 520 1589 617 1660; x_wconf 84' lang='grc' dir='ltr'><strong>τὴν</strong></span> <span class='ocrx_word' id='word_1_118' title='bbox 642 1589 927 1660; x_wconf 88' lang='grc' dir='ltr'><strong>ἐργασίαν,</strong></span> <span class='ocrx_word' id='word_1_119' title='bbox 959 1590 1213 1662; x_wconf 88' lang='grc' dir='ltr'><strong>καθάπερ</strong></span> <span class='ocrx_word' id='word_1_120' title='bbox 1243 1592 1293 1644; x_wconf 73' lang='grc' dir='ltr'><strong>οἱ</strong></span> <span class='ocrx_word' id='word_1_121' title='bbox 1323 1591 1420 1662; x_wconf 80' lang='grc' dir='ltr'><strong>τὴν</strong></span> <span class='ocrx_word' id='word_1_122' title='bbox 1448 1591 1600 1645; x_wconf 89' lang='grc' dir='ltr'><strong>πόλιν</strong></span> <span class='ocrx_word' id='word_1_123' title='bbox 1626 1595 1759 1663; x_wconf 85' lang='grc' dir='ltr'><strong>ἡμῖν</strong></span> <span class='ocrx_word' id='word_1_124' title='bbox 1785 1593 1996 1646; x_wconf 83' lang='grc' dir='ltr'><strong>οἰκοῦν-</strong></span> 
     </span>
    </p>
   </div>
   <div class='ocr_carea' id='block_1_17' title="bbox 317 1678 1993 1751">
    <p class='ocr_par' dir='ltr' id='par_1_17' title="bbox 317 1678 1993 1751">
     <span class='ocr_line' id='line_1_17' title="bbox 317 1678 1993 1751; baseline 0.003 -21"><span class='ocrx_word' id='word_1_125' title='bbox 317 1695 432 1741; x_wconf 85' lang='grc' dir='ltr'><strong>τες,</strong></span> <span class='ocrx_word' id='word_1_126' title='bbox 464 1678 581 1732; x_wconf 83' lang='grc' dir='ltr'><strong>ἀλλ’</strong></span> <span class='ocrx_word' id='word_1_127' title='bbox 618 1678 1036 1750; x_wconf 76' lang='grc' dir='ltr'><strong>ἐπαισχύνονται</strong></span> <span class='ocrx_word' id='word_1_128' title='bbox 1075 1681 1173 1750; x_wconf 77' lang='grc' dir='ltr'><strong>τὴν</strong></span> <span class='ocrx_word' id='word_1_129' title='bbox 1221 1680 1442 1750; x_wconf 92' lang='grc' dir='ltr'><strong>ἀργίαν,</strong></span> <span class='ocrx_word' id='word_1_130' title='bbox 1485 1680 1743 1751; x_wconf 81' lang='grc' dir='ltr'><strong>μαθόντες</strong></span> <span class='ocrx_word' id='word_1_131' title='bbox 1771 1682 1854 1735; x_wconf 85' lang='grc' dir='ltr'><strong>ὅτι</strong></span> <span class='ocrx_word' id='word_1_132' title='bbox 1885 1683 1993 1735; x_wconf 79' lang='grc' dir='ltr'><strong>πᾶ-</strong></span> 
     </span>
    </p>
   </div>
   <div class='ocr_carea' id='block_1_18' title="bbox 321 1765 1994 1843">
    <p class='ocr_par' dir='ltr' id='par_1_18' title="bbox 321 1765 1994 1843">
     <span class='ocr_line' id='line_1_18' title="bbox 321 1765 1994 1843; baseline 0.005 -25"><span class='ocrx_word' id='word_1_133' title='bbox 321 1783 420 1820; x_wconf 79' lang='grc' dir='ltr'><strong>σαν</strong></span> <span class='ocrx_word' id='word_1_134' title='bbox 447 1765 627 1836; x_wconf 86' lang='grc' dir='ltr'><strong>ἐκείνη</strong></span> <span class='ocrx_word' id='word_1_135' title='bbox 654 1768 752 1837; x_wconf 76' lang='grc' dir='ltr'><strong>τὴν</strong></span> <span class='ocrx_word' id='word_1_136' title='bbox 787 1768 984 1821; x_wconf 85' lang='grc' dir='ltr'><strong>κακίαν</strong></span> <span class='ocrx_word' id='word_1_137' title='bbox 1016 1780 1037 1806; x_wconf 75' lang='grc' dir='ltr'><strong>ε</strong></span> <span class='ocrx_word' id='word_1_138' title='bbox 1084 1768 1315 1834; x_wconf 81' lang='grc' dir='ltr'><strong>ἐδίδαξε,</strong></span> <span class='ocrx_word' id='word_1_139' title='bbox 1358 1770 1452 1823; x_wconf 74' lang='grc' dir='ltr'><strong>καὶ</strong></span> <span class='ocrx_word' id='word_1_140' title='bbox 1487 1771 1805 1835; x_wconf 86' lang='grc' dir='ltr'><strong>διδάσκαλος</strong></span> <span class='ocrx_word' id='word_1_141' title='bbox 1830 1784 1994 1843; x_wconf 81' lang='grc' dir='ltr'><strong>πονη-</strong></span> 
     </span>
    </p>
   </div>
   <div class='ocr_carea' id='block_1_19' title="bbox 324 1854 1995 1931">
    <p class='ocr_par' dir='ltr' id='par_1_19' title="bbox 324 1854 1995 1931">
     <span class='ocr_line' id='line_1_19' title="bbox 324 1854 1995 1931; baseline 0.005 -25"><span class='ocrx_word' id='word_1_142' title='bbox 324 1854 443 1924; x_wconf 88' lang='grc' dir='ltr'><strong>ρίας</strong></span> <span class='ocrx_word' id='word_1_143' title='bbox 473 1854 689 1921; x_wconf 83' lang='grc' dir='ltr'><strong>ἐγένετο</strong></span> <span class='ocrx_word' id='word_1_144' title='bbox 713 1856 771 1922; x_wconf 83' lang='grc' dir='ltr'><strong>ἐξ</strong></span> <span class='ocrx_word' id='word_1_145' title='bbox 799 1856 976 1925; x_wconf 86' lang='grc' dir='ltr'><strong>ἀρχῆς</strong></span> <span class='ocrx_word' id='word_1_146' title='bbox 1010 1859 1123 1919; x_wconf 89' lang='grc' dir='ltr'><strong>τοῖς</strong></span> <span class='ocrx_word' id='word_1_147' title='bbox 1156 1857 1444 1925; x_wconf 85' lang='grc' dir='ltr'><strong>ἀγαπῶσιν</strong></span> <span class='ocrx_word' id='word_1_148' title='bbox 1470 1858 1661 1929; x_wconf 84' lang='grc' dir='ltr'><strong>αὐτήν.</strong></span> <span class='ocrx_word' id='word_1_149' title='bbox 1703 1857 1860 1914; x_wconf 76' lang='grc' dir='ltr'><strong>Οὗτοι</strong></span> <span class='ocrx_word' id='word_1_150' title='bbox 1891 1860 1995 1931; x_wconf 86' lang='grc' dir='ltr'><strong>μά-</strong></span> 
     </span>
    </p>
   </div>
   <div class='ocr_carea' id='block_1_20' title="bbox 331 1945 1994 2021">
    <p class='ocr_par' dir='ltr' id='par_1_20' title="bbox 331 1945 1994 2021">
     <span class='ocr_line' id='line_1_20' title="bbox 331 1945 1994 2021; baseline 0.004 -23"><span class='ocrx_word' id='word_1_151' title='bbox 331 1945 488 1999; x_wconf 88' lang='grc' dir='ltr'><strong>λιστά</strong></span> <span class='ocrx_word' id='word_1_152' title='bbox 513 1947 649 2001; x_wconf 78' lang='grc' dir='ltr'><strong>εἰσιν</strong></span> <span class='ocrx_word' id='word_1_153' title='bbox 681 1947 730 1998; x_wconf 74' lang='lat' dir='ltr'><strong>oi</strong></span> <span class='ocrx_word' id='word_1_154' title='bbox 776 1946 873 2017; x_wconf 79' lang='grc' dir='ltr'><strong>τὴν</strong></span> <span class='ocrx_word' id='word_1_155' title='bbox 904 1948 1131 2018; x_wconf 86' lang='grc' dir='ltr'><strong>ἀρίστην</strong></span> <span class='ocrx_word' id='word_1_156' title='bbox 1175 1950 1307 2019; x_wconf 77' lang='grc' dir='ltr'><strong>ἡμῖν</strong></span> <span class='ocrx_word' id='word_1_157' title='bbox 1344 1949 1759 2019; x_wconf 87' lang='grc' dir='ltr'><strong>φιλοσοφοῦντες</strong></span> <span class='ocrx_word' id='word_1_158' title='bbox 1781 1951 1994 2021; x_wconf 82' lang='grc' dir='ltr'><strong>φιλοσο-</strong></span> 
     </span>
    </p>
   </div>
   <div class='ocr_carea' id='block_1_21' title="bbox 328 2032 1991 2110">
    <p class='ocr_par' dir='ltr' id='par_1_21' title="bbox 328 2032 1991 2110">
     <span class='ocr_line' id='line_1_21' title="bbox 328 2032 1991 2110; baseline 0.004 -25"><span class='ocrx_word' id='word_1_159' title='bbox 328 2032 477 2101; x_wconf 85' lang='grc' dir='ltr'><strong>φίαν,</strong></span> <span class='ocrx_word' id='word_1_160' title='bbox 514 2035 614 2087; x_wconf 86' lang='grc' dir='ltr'><strong>οὐκ</strong></span> <span class='ocrx_word' id='word_1_161' title='bbox 660 2034 768 2087; x_wconf 87' lang='grc' dir='ltr'><strong>ἀπὸ</strong></span> <span class='ocrx_word' id='word_1_162' title='bbox 788 2035 881 2088; x_wconf 90' lang='grc' dir='ltr'><strong>τοῦ</strong></span> <span class='ocrx_word' id='word_1_163' title='bbox 914 2037 1210 2106; x_wconf 77' lang='grc' dir='ltr'><strong>σχήματος,</strong></span> <span class='ocrx_word' id='word_1_164' title='bbox 1240 2036 1352 2090; x_wconf 81' lang='grc' dir='ltr'><strong>ἀλλ’</strong></span> <span class='ocrx_word' id='word_1_165' title='bbox 1388 2037 1493 2090; x_wconf 79' lang='grc' dir='ltr'><strong>ἀπὸ</strong></span> <span class='ocrx_word' id='word_1_166' title='bbox 1515 2037 1614 2107; x_wconf 81' lang='grc' dir='ltr'><strong>τῆς</strong></span> <span class='ocrx_word' id='word_1_167' title='bbox 1633 2036 1859 2109; x_wconf 80' lang='grc' dir='ltr'><strong>γνώμης</strong></span> <span class='ocrx_word' id='word_1_168' title='bbox 1891 2038 1991 2110; x_wconf 82' lang='grc' dir='ltr'><strong>τὴν</strong></span> 
     </span>
    </p>
   </div>
   <div class='ocr_carea' id='block_1_22' title="bbox 316 2121 1991 2194">
    <p class='ocr_par' dir='ltr' id='par_1_22' title="bbox 316 2121 1991 2194">
     <span class='ocr_line' id='line_1_22' title="bbox 316 2121 1991 2194; baseline 0.004 -22"><span class='ocrx_word' id='word_1_169' title='bbox 316 2121 517 2191; x_wconf 85' lang='grc' dir='ltr'><strong>ἀρετὴν</strong></span> <span class='ocrx_word' id='word_1_170' title='bbox 548 2121 948 2193; x_wconf 84' lang='grc' dir='ltr'><strong>ἐνδεικνύμενοι</strong></span> <span class='ocrx_word' id='word_1_171' title='bbox 981 2124 1082 2194; x_wconf 86' lang='grc' dir='ltr'><strong>τὴν</strong></span> <span class='ocrx_word' id='word_1_172' title='bbox 1111 2123 1337 2178; x_wconf 80' lang='grc' dir='ltr'><strong>ἑαυτῶν.</strong></span> <span class='ocrx_word' id='word_1_173' title='bbox 1373 2125 1460 2187; x_wconf 83' lang='grc' dir='ltr'><strong>Ὠς</strong></span> <span class='ocrx_word' id='word_1_174' title='bbox 1492 2125 1547 2178; x_wconf 79' lang='grc' dir='ltr'><strong>οἵ</strong></span> <span class='ocrx_word' id='word_1_175' title='bbox 1566 2142 1631 2193; x_wconf 90' lang='grc' dir='ltr'><strong>γε</strong></span> <span class='ocrx_word' id='word_1_176' title='bbox 1660 2126 1768 2178; x_wconf 86' lang='grc' dir='ltr'><strong>τῶν</strong></span> <span class='ocrx_word' id='word_1_177' title='bbox 1792 2125 1991 2190; x_wconf 80' lang='grc' dir='ltr'><strong>ἔξωθεν</strong></span> 
     </span>
    </p>
   </div>
   <div class='ocr_carea' id='block_1_23' title="bbox 315 2206 1991 2282">
    <p class='ocr_par' dir='ltr' id='par_1_23' title="bbox 315 2206 1991 2282">
     <span class='ocr_line' id='line_1_23' title="bbox 315 2206 1991 2282; baseline 0.004 -22"><span class='ocrx_word' id='word_1_178' title='bbox 315 2206 596 2274; x_wconf 82' lang='grc' dir='ltr'><strong>φιλόσοφοι</strong></span> <span class='ocrx_word' id='word_1_179' title='bbox 618 2207 727 2260; x_wconf 86' lang='grc' dir='ltr'><strong>τῶν</strong></span> <span class='ocrx_word' id='word_1_180' title='bbox 748 2208 806 2260; x_wconf 90' lang='grc' dir='ltr'><strong>ἐν</strong></span> <span class='ocrx_word' id='word_1_181' title='bbox 827 2211 893 2279; x_wconf 81' lang='grc' dir='ltr'><strong>τῇ</strong></span> <span class='ocrx_word' id='word_1_182' title='bbox 920 2211 1090 2280; x_wconf 78' lang='grc' dir='ltr'><strong>σκηνῇ</strong></span> <span class='ocrx_word' id='word_1_183' title='bbox 1120 2211 1214 2262; x_wconf 77' lang='grc' dir='ltr'><strong>καὶ</strong></span> <span class='ocrx_word' id='word_1_184' title='bbox 1237 2212 1359 2273; x_wconf 89' lang='grc' dir='ltr'><strong>ταῖς</strong></span> <span class='ocrx_word' id='word_1_185' title='bbox 1386 2210 1495 2266; x_wconf 85' lang='grc' dir='ltr'><strong>τῶν</strong></span> <span class='ocrx_word' id='word_1_186' title='bbox 1525 2211 1711 2282; x_wconf 85' lang='grc' dir='ltr'><strong>μίμων</strong></span> <span class='ocrx_word' id='word_1_187' title='bbox 1748 2211 1991 2276; x_wconf 79' lang='grc' dir='ltr'><strong>παιδιαῖς</strong></span> 
     </span>
    </p>
   </div>
   <div class='ocr_carea' id='block_1_24' title="bbox 314 2293 1991 2369">
    <p class='ocr_par' dir='ltr' id='par_1_24' title="bbox 314 2293 1991 2369">
     <span class='ocr_line' id='line_1_24' title="bbox 314 2293 1991 2369; baseline 0.002 -21"><span class='ocrx_word' id='word_1_188' title='bbox 314 2294 467 2348; x_wconf 80' lang='grc' dir='ltr'><strong>οὐδὲν</strong></span> <span class='ocrx_word' id='word_1_189' title='bbox 494 2293 716 2365; x_wconf 81' lang='grc' dir='ltr'><strong>ἄμεινον</strong></span> <span class='ocrx_word' id='word_1_190' title='bbox 738 2296 1057 2360; x_wconf 80' lang='grc' dir='ltr'><strong>διάκεινται,</strong></span> <span class='ocrx_word' id='word_1_191' title='bbox 1076 2295 1170 2350; x_wconf 89' lang='grc' dir='ltr'><strong>τοῦ</strong></span> <span class='ocrx_word' id='word_1_192' title='bbox 1200 2297 1463 2369; x_wconf 90' lang='grc' dir='ltr'><strong>τρίϐωνος</strong></span> <span class='ocrx_word' id='word_1_193' title='bbox 1488 2299 1580 2352; x_wconf 77' lang='grc' dir='ltr'><strong>καὶ</strong></span> <span class='ocrx_word' id='word_1_194' title='bbox 1607 2298 1701 2352; x_wconf 89' lang='grc' dir='ltr'><strong>τοῦ</strong></span> <span class='ocrx_word' id='word_1_195' title='bbox 1728 2298 1991 2368; x_wconf 83' lang='grc' dir='ltr'><strong>πώγωνος</strong></span> 
     </span>
    </p>
   </div>
   <div class='ocr_carea' id='block_1_25' title="bbox 314 2381 1987 2455">
    <p class='ocr_par' dir='ltr' id='par_1_25' title="bbox 314 2381 1987 2455">
     <span class='ocr_line' id='line_1_25' title="bbox 314 2381 1987 2455; baseline 0.004 -20"><span class='ocrx_word' id='word_1_196' title='bbox 314 2383 410 2445; x_wconf 73' lang='grc' dir='ltr'><strong>καὶ</strong></span> <span class='ocrx_word' id='word_1_197' title='bbox 447 2383 546 2453; x_wconf 90' lang='grc' dir='ltr'><strong>τῆς</strong></span> <span class='ocrx_word' id='word_1_198' title='bbox 577 2383 769 2453; x_wconf 80' lang='grc' dir='ltr'><strong>στολῆς</strong></span> <span class='ocrx_word' id='word_1_199' title='bbox 802 2383 952 2437; x_wconf 82' lang='grc' dir='ltr'><strong>οὐδὲν</strong></span> <span class='ocrx_word' id='word_1_200' title='bbox 978 2383 1138 2438; x_wconf 83' lang='grc' dir='ltr'><strong>πλέον</strong></span> <span class='ocrx_word' id='word_1_201' title='bbox 1162 2384 1376 2455; x_wconf 78' lang='grc' dir='ltr'><strong>ἔχοντες</strong></span> <span class='ocrx_word' id='word_1_202' title='bbox 1399 2385 1803 2452; x_wconf 73' lang='grc' dir='ltr'><strong>ἐπιδείξασθαι⁸</strong></span> <span class='ocrx_word' id='word_1_203' title='bbox 1843 2381 1987 2441; x_wconf 76' lang='grc' dir='ltr'><strong>οὗτοι</strong></span> 
     </span>
    </p>
   </div>
   <div class='ocr_carea' id='block_1_26' title="bbox 312 2470 1989 2548">
    <p class='ocr_par' dir='ltr' id='par_1_26' title="bbox 312 2470 1989 2548">
     <span class='ocr_line' id='line_1_26' title="bbox 312 2470 1989 2548; baseline 0.002 -25"><span class='ocrx_word' id='word_1_204' title='bbox 312 2470 368 2523; x_wconf 85' lang='grc' dir='ltr'><strong>δὲ</strong></span> <span class='ocrx_word' id='word_1_205' title='bbox 401 2471 710 2525; x_wconf 87' lang='grc' dir='ltr'><strong>τούναντίον</strong></span> <span class='ocrx_word' id='word_1_206' title='bbox 730 2471 897 2537; x_wconf 79' lang='grc' dir='ltr'><strong>ἅπαν,</strong></span> <span class='ocrx_word' id='word_1_207' title='bbox 934 2472 1208 2544; x_wconf 79' lang='grc' dir='ltr'><strong>βακτηρίᾳ</strong></span> <span class='ocrx_word' id='word_1_208' title='bbox 1242 2474 1336 2527; x_wconf 69' lang='grc' dir='ltr'><strong>καὶ</strong></span> <span class='ocrx_word' id='word_1_209' title='bbox 1383 2473 1604 2545; x_wconf 84' lang='grc' dir='ltr'><strong>πώγωνι</strong></span> <span class='ocrx_word' id='word_1_210' title='bbox 1631 2476 1724 2529; x_wconf 79' lang='grc' dir='ltr'><strong>καὶ</strong></span> <span class='ocrx_word' id='word_1_211' title='bbox 1756 2478 1821 2547; x_wconf 81' lang='grc' dir='ltr'><strong>τῇ</strong></span> <span class='ocrx_word' id='word_1_212' title='bbox 1854 2474 1989 2548; x_wconf 80' lang='grc' dir='ltr'><strong>ἄλλῃ</strong></span> 
     </span>
    </p>
   </div>
   <div class='ocr_carea' id='block_1_27' title="bbox 321 2559 1990 2633">
    <p class='ocr_par' dir='ltr' id='par_1_27' title="bbox 321 2559 1990 2633">
     <span class='ocr_line' id='line_1_27' title="bbox 321 2559 1990 2633; baseline 0.004 -23"><span class='ocrx_word' id='word_1_213' title='bbox 321 2561 483 2629; x_wconf 77' lang='grc' dir='ltr'><strong>σκευῇ</strong></span> <span class='ocrx_word' id='word_1_214' title='bbox 513 2559 685 2611; x_wconf 82' lang='grc' dir='ltr'><strong>πολλά</strong></span> <span class='ocrx_word' id='word_1_215' title='bbox 720 2561 933 2629; x_wconf 76' lang='grc' dir='ltr'><strong>χαίρειν</strong></span> <span class='ocrx_word' id='word_1_216' title='bbox 975 2559 1240 2623; x_wconf 71' lang='grc' dir='ltr'><strong>εἰπόντες,</strong></span> <span class='ocrx_word' id='word_1_217' title='bbox 1274 2561 1374 2631; x_wconf 83' lang='grc' dir='ltr'><strong>τὴν</strong></span> <span class='ocrx_word' id='word_1_218' title='bbox 1413 2561 1592 2633; x_wconf 77' lang='grc' dir='ltr'><strong>ψυχὴν</strong></span> <span class='ocrx_word' id='word_1_219' title='bbox 1629 2562 1836 2618; x_wconf 79' lang='grc' dir='ltr'><strong>ἑαυτῶν</strong></span> <span class='ocrx_word' id='word_1_220' title='bbox 1864 2580 1990 2618; x_wconf 89' lang='grc' dir='ltr'><strong>κατ-</strong></span> 
     </span>
    </p>
   </div>
   <div class='ocr_carea' id='block_1_28' title="bbox 320 2645 1987 2721">
    <p class='ocr_par' dir='ltr' id='par_1_28' title="bbox 320 2645 1987 2721">
     <span class='ocr_line' id='line_1_28' title="bbox 320 2645 1987 2721; baseline 0.004 -26"><span class='ocrx_word' id='word_1_221' title='bbox 320 2645 626 2716; x_wconf 77' lang='grc' dir='ltr'><strong>ικόσμησαν</strong></span> <span class='ocrx_word' id='word_1_222' title='bbox 651 2649 760 2709; x_wconf 90' lang='grc' dir='ltr'><strong>τοῖς</strong></span> <span class='ocrx_word' id='word_1_223' title='bbox 786 2647 888 2716; x_wconf 83' lang='grc' dir='ltr'><strong>τῆς</strong></span> <span class='ocrx_word' id='word_1_224' title='bbox 913 2646 1148 2718; x_wconf 78' lang='grc' dir='ltr'><strong>ἀληθοῦς</strong></span> <span class='ocrx_word' id='word_1_225' title='bbox 1178 2647 1496 2717; x_wconf 82' lang='grc' dir='ltr'><strong>φιλοσοφίας</strong></span> <span class='ocrx_word' id='word_1_226' title='bbox 1536 2649 1825 2719; x_wconf 81' lang='grc' dir='ltr'><strong>δόγμασιν,</strong></span> <span class='ocrx_word' id='word_1_227' title='bbox 1867 2650 1987 2721; x_wconf 80' lang='grc' dir='ltr'><strong>οὐχὶ</strong></span> 
     </span>
    </p>
   </div>
   <div class='ocr_carea' id='block_1_29' title="bbox 322 2732 1983 2808">
    <p class='ocr_par' dir='ltr' id='par_1_29' title="bbox 322 2732 1983 2808">
     <span class='ocr_line' id='line_1_29' title="bbox 322 2732 1983 2808; baseline 0.004 -24"><span class='ocrx_word' id='word_1_228' title='bbox 322 2734 425 2796; x_wconf 73' lang='grc' dir='ltr'><strong>τοῖς</strong></span> <span class='ocrx_word' id='word_1_229' title='bbox 460 2732 693 2802; x_wconf 77' lang='grc' dir='ltr'><strong>δόγμασι</strong></span> <span class='ocrx_word' id='word_1_230' title='bbox 730 2733 789 2787; x_wconf 83' lang='grc' dir='ltr'><strong>δὲ</strong></span> <span class='ocrx_word' id='word_1_231' title='bbox 845 2734 1047 2803; x_wconf 88' lang='grc' dir='ltr'><strong>μόνοις,</strong></span> <span class='ocrx_word' id='word_1_232' title='bbox 1074 2734 1222 2788; x_wconf 82' lang='grc' dir='ltr'><strong>ἀλλά</strong></span> <span class='ocrx_word' id='word_1_233' title='bbox 1257 2735 1352 2788; x_wconf 75' lang='grc' dir='ltr'><strong>καὶ</strong></span> <span class='ocrx_word' id='word_1_234' title='bbox 1395 2738 1508 2799; x_wconf 86' lang='grc' dir='ltr'><strong>τοῖς</strong></span> <span class='ocrx_word' id='word_1_235' title='bbox 1558 2735 1743 2808; x_wconf 78' lang='grc' dir='ltr'><strong>ἔργοις</strong></span> <span class='ocrx_word' id='word_1_236' title='bbox 1777 2738 1983 2800; x_wconf 86' lang='grc' dir='ltr'><strong>αὐτοῖς.</strong></span> 
     </span>
    </p>
   </div>
   <div class='ocr_carea' id='block_1_30' title="bbox 319 2820 1986 2895">
    <p class='ocr_par' dir='ltr' id='par_1_30' title="bbox 319 2820 1986 2895">
     <span class='ocr_line' id='line_1_30' title="bbox 319 2820 1986 2895; baseline 0.001 -18"><span class='ocrx_word' id='word_1_237' title='bbox 319 2820 431 2877; x_wconf 81' lang='grc' dir='ltr'><strong>Κᾶν</strong></span> <span class='ocrx_word' id='word_1_238' title='bbox 456 2820 554 2892; x_wconf 77' lang='grc' dir='ltr'><strong>ἐρῃ</strong></span> <span class='ocrx_word' id='word_1_239' title='bbox 586 2820 708 2875; x_wconf 88' lang='grc' dir='ltr'><strong>τινά</strong></span> <span class='ocrx_word' id='word_1_240' title='bbox 737 2820 940 2875; x_wconf 81' lang='grc' dir='ltr'><strong>τούτων</strong></span> <span class='ocrx_word' id='word_1_241' title='bbox 980 2821 1088 2877; x_wconf 90' lang='grc' dir='ltr'><strong>τῶν</strong></span> <span class='ocrx_word' id='word_1_242' title='bbox 1123 2825 1181 2876; x_wconf 88' lang='grc' dir='ltr'><strong>ἐν</strong></span> <span class='ocrx_word' id='word_1_243' title='bbox 1213 2823 1470 2895; x_wconf 79' lang='grc' dir='ltr'><strong>ἀγροικίᾳ</strong></span> <span class='ocrx_word' id='word_1_244' title='bbox 1509 2824 1747 2889; x_wconf 89' lang='grc' dir='ltr'><strong>ζώντων,</strong></span> <span class='ocrx_word' id='word_1_245' title='bbox 1801 2824 1896 2877; x_wconf 68' lang='grc' dir='ltr'><strong>καλ⁸</strong></span> <span class='ocrx_word' id='word_1_246' title='bbox 1929 2826 1986 2879; x_wconf 87' lang='grc' dir='ltr'><strong>ἐν</strong></span> 
     </span>
    </p>
   </div>
   <div class='ocr_carea' id='block_1_31' title="bbox 316 2908 1986 2983">
    <p class='ocr_par' dir='ltr' id='par_1_31' title="bbox 316 2908 1986 2983">
     <span class='ocr_line' id='line_1_31' title="bbox 316 2908 1986 2983; baseline 0.002 -22"><span class='ocrx_word' id='word_1_247' title='bbox 316 2908 568 2981; x_wconf 74' lang='grc' dir='ltr'><strong>σκαπάνῃ</strong></span> <span class='ocrx_word' id='word_1_248' title='bbox 599 2909 690 2962; x_wconf 76' lang='grc' dir='ltr'><strong>καὶ</strong></span> <span class='ocrx_word' id='word_1_249' title='bbox 742 2910 801 2962; x_wconf 90' lang='grc' dir='ltr'><strong>ἐν</strong></span> <span class='ocrx_word' id='word_1_250' title='bbox 852 2910 1066 2981; x_wconf 84' lang='grc' dir='ltr'><strong>ἀρότρῳ</strong></span> <span class='ocrx_word' id='word_1_251' title='bbox 1109 2909 1548 2980; x_wconf 77' lang='grc' dir='ltr'><strong>δαπανηθέντων,</strong></span> <span class='ocrx_word' id='word_1_252' title='bbox 1590 2913 1731 2983; x_wconf 83' lang='grc' dir='ltr'><strong>ὑπὲρ</strong></span> <span class='ocrx_word' id='word_1_253' title='bbox 1758 2911 1867 2965; x_wconf 85' lang='grc' dir='ltr'><strong>τῶν</strong></span> <span class='ocrx_word' id='word_1_254' title='bbox 1900 2912 1986 2965; x_wconf 84' lang='grc' dir='ltr'><strong>δο-</strong></span> 
     </span>
    </p>
   </div>
   <div class='ocr_carea' id='block_1_32' title="bbox 314 2988 1986 3070">
    <p class='ocr_par' dir='ltr' id='par_1_32' title="bbox 314 2988 1986 3070">
     <span class='ocr_line' id='line_1_32' title="bbox 314 2988 1986 3070; baseline 0.005 -24"><span class='ocrx_word' id='word_1_255' title='bbox 314 2994 562 3065; x_wconf 85' lang='grc' dir='ltr'><strong>γμάτων,</strong></span> <span class='ocrx_word' id='word_1_256' title='bbox 600 2988 846 3068; x_wconf 71' lang='grc' dir='ltr'><strong>ὑπέρῶν</strong></span> <span class='ocrx_word' id='word_1_257' title='bbox 895 2997 1065 3068; x_wconf 88' lang='grc' dir='ltr'><strong>μυρία</strong></span> <span class='ocrx_word' id='word_1_258' title='bbox 1115 2995 1498 3070; x_wconf 73' lang='grc' dir='ltr'><strong>περιελθόντες</strong></span> <span class='ocrx_word' id='word_1_259' title='bbox 1543 3001 1593 3053; x_wconf 78' lang='lat' dir='ltr'><strong>oi</strong></span> <span class='ocrx_word' id='word_1_260' title='bbox 1644 2999 1755 3053; x_wconf 89' lang='grc' dir='ltr'><strong>τῶν</strong></span> <span class='ocrx_word' id='word_1_261' title='bbox 1787 2999 1986 3064; x_wconf 77' lang='grc' dir='ltr'><strong>ἔξωθεν</strong></span> 
     </span>
    </p>
   </div>
   <div class='ocr_carea' id='block_1_33' title="bbox 317 3083 1988 3158">
    <p class='ocr_par' dir='ltr' id='par_1_33' title="bbox 317 3083 1988 3158">
     <span class='ocr_line' id='line_1_33' title="bbox 317 3083 1988 3158; baseline 0.004 -23"><span class='ocrx_word' id='word_1_262' title='bbox 317 3083 591 3153; x_wconf 78' lang='grc' dir='ltr'><strong>φιλόσοφοι</strong></span> <span class='ocrx_word' id='word_1_263' title='bbox 622 3085 718 3139; x_wconf 72' lang='grc' dir='ltr'><strong>καὶ</strong></span> <span class='ocrx_word' id='word_1_264' title='bbox 748 3083 977 3148; x_wconf 83' lang='grc' dir='ltr'><strong>πολλοὺς</strong></span> <span class='ocrx_word' id='word_1_265' title='bbox 1006 3084 1387 3150; x_wconf 78' lang='grc' dir='ltr'><strong>ἀναλώσαντες</strong></span> <span class='ocrx_word' id='word_1_266' title='bbox 1440 3086 1633 3155; x_wconf 82' lang='grc' dir='ltr'><strong>λόγους</strong></span> <span class='ocrx_word' id='word_1_267' title='bbox 1679 3087 1828 3142; x_wconf 76' lang='grc' dir='ltr'><strong>οὐδὲν</strong></span> <span class='ocrx_word' id='word_1_268' title='bbox 1866 3087 1988 3158; x_wconf 82' lang='grc' dir='ltr'><strong>ήδυ-</strong></span> 
     </span>
    </p>
   </div>
   <div class='ocr_carea' id='block_1_34' title="bbox 316 3169 1984 3246">
    <p class='ocr_par' dir='ltr' id='par_1_34' title="bbox 316 3169 1984 3246">
     <span class='ocr_line' id='line_1_34' title="bbox 316 3169 1984 3246; baseline 0.005 -24"><span class='ocrx_word' id='word_1_269' title='bbox 316 3169 555 3242; x_wconf 84' lang='grc' dir='ltr'><strong>νήθησαν</strong></span> <span class='ocrx_word' id='word_1_270' title='bbox 587 3172 742 3240; x_wconf 82' lang='grc' dir='ltr'><strong>ὑγιὲς</strong></span> <span class='ocrx_word' id='word_1_271' title='bbox 767 3174 960 3238; x_wconf 79' lang='grc' dir='ltr'><strong>εἰπεῖν,</strong></span> <span class='ocrx_word' id='word_1_272' title='bbox 1005 3173 1455 3244; x_wconf 80' lang='grc' dir='ltr'><strong>μετάἀκριϐείας</strong></span> <span class='ocrx_word' id='word_1_273' title='bbox 1482 3175 1858 3246; x_wconf 77' lang='grc' dir='ltr'><strong>ἀποκρινεῖται</strong></span> <span class='ocrx_word' id='word_1_274' title='bbox 1903 3193 1984 3231; x_wconf 90' lang='grc' dir='ltr'><strong>σοι</strong></span> 
     </span>
    </p>
   </div>
   <div class='ocr_carea' id='block_1_35' title="bbox 311 3259 1988 3331">
    <p class='ocr_par' dir='ltr' id='par_1_35' title="bbox 311 3259 1988 3331">
     <span class='ocr_line' id='line_1_35' title="bbox 311 3259 1988 3331; baseline 0.006 -21"><span class='ocrx_word' id='word_1_275' title='bbox 311 3259 489 3312; x_wconf 85' lang='grc' dir='ltr'><strong>πάντα</strong></span> <span class='ocrx_word' id='word_1_276' title='bbox 519 3260 584 3313; x_wconf 88' lang='grc' dir='ltr'><strong>ἐκ</strong></span> <span class='ocrx_word' id='word_1_277' title='bbox 611 3259 812 3329; x_wconf 85' lang='grc' dir='ltr'><strong>πολλῆς</strong></span> <span class='ocrx_word' id='word_1_278' title='bbox 842 3261 943 3331; x_wconf 90' lang='grc' dir='ltr'><strong>τῆς</strong></span> <span class='ocrx_word' id='word_1_279' title='bbox 967 3263 1180 3331; x_wconf 85' lang='grc' dir='ltr'><strong>σοφίας.</strong></span> <span class='ocrx_word' id='word_1_280' title='bbox 1207 3263 1317 3318; x_wconf 71' lang='grc' dir='ltr'><strong>Καὶ</strong></span> <span class='ocrx_word' id='word_1_281' title='bbox 1339 3264 1400 3315; x_wconf 86' lang='grc' dir='ltr'><strong>οὐ</strong></span> <span class='ocrx_word' id='word_1_282' title='bbox 1426 3262 1584 3316; x_wconf 85' lang='grc' dir='ltr'><strong>τοῦτό</strong></span> <span class='ocrx_word' id='word_1_283' title='bbox 1609 3267 1728 3318; x_wconf 85' lang='grc' dir='ltr'><strong>ἐστι</strong></span> <span class='ocrx_word' id='word_1_284' title='bbox 1757 3264 1819 3317; x_wconf 83' lang='grc' dir='ltr'><strong>τὸ</strong></span> <span class='ocrx_word' id='word_1_285' title='bbox 1856 3263 1988 3319; x_wconf 85' lang='grc' dir='ltr'><strong>θαυ-</strong></span> 
     </span>
    </p>
   </div>
   <div class='ocr_carea' id='block_1_36' title="bbox 312 3345 1988 3423">
    <p class='ocr_par' dir='ltr' id='par_1_36' title="bbox 312 3345 1988 3423">
     <span class='ocr_line' id='line_1_36' title="bbox 312 3345 1988 3423; baseline 0.005 -25"><span class='ocrx_word' id='word_1_286' title='bbox 312 3345 518 3416; x_wconf 73' lang='grc' dir='ltr'><strong>μαστὸν</strong></span> <span class='ocrx_word' id='word_1_287' title='bbox 538 3345 718 3416; x_wconf 91' lang='grc' dir='ltr'><strong>μόνον,</strong></span> <span class='ocrx_word' id='word_1_288' title='bbox 741 3345 857 3401; x_wconf 83' lang='grc' dir='ltr'><strong>ἀλλ’</strong></span> <span class='ocrx_word' id='word_1_289' title='bbox 885 3349 967 3401; x_wconf 84' lang='grc' dir='ltr'><strong>ὅτι</strong></span> <span class='ocrx_word' id='word_1_290' title='bbox 993 3348 1198 3402; x_wconf 70' lang='grc' dir='ltr'><strong>καὶδιά</strong></span> <span class='ocrx_word' id='word_1_291' title='bbox 1219 3349 1333 3403; x_wconf 80' lang='grc' dir='ltr'><strong>τῶν</strong></span> <span class='ocrx_word' id='word_1_292' title='bbox 1344 3347 1494 3422; x_wconf 76' lang='grc'><strong>[190]</strong></span> <span class='ocrx_word' id='word_1_293' title='bbox 1514 3350 1690 3423; x_wconf 77' lang='grc' dir='ltr'><strong>ἔργων</strong></span> <span class='ocrx_word' id='word_1_294' title='bbox 1716 3351 1988 3423; x_wconf 81' lang='grc' dir='ltr'><strong>βεϐαιοῦν-</strong></span> 
     </span>
    </p>
   </div>
   <div class='ocr_carea' id='block_1_37' title="bbox 308 3430 1986 3512">
    <p class='ocr_par' dir='ltr' id='par_1_37' title="bbox 308 3430 1986 3512">
     <span class='ocr_line' id='line_1_37' title="bbox 308 3430 1986 3512; baseline 0.007 -29"><span class='ocrx_word' id='word_1_295' title='bbox 308 3447 400 3484; x_wconf 86' lang='grc' dir='ltr'><strong>ται</strong></span> <span class='ocrx_word' id='word_1_296' title='bbox 437 3430 534 3502; x_wconf 83' lang='grc' dir='ltr'><strong>τὴν</strong></span> <span class='ocrx_word' id='word_1_297' title='bbox 558 3432 649 3486; x_wconf 80' lang='grc' dir='ltr'><strong>διὰ</strong></span> <span class='ocrx_word' id='word_1_298' title='bbox 693 3433 803 3487; x_wconf 86' lang='grc' dir='ltr'><strong>τῶν</strong></span> <span class='ocrx_word' id='word_1_299' title='bbox 840 3433 1133 3506; x_wconf 75' lang='grc' dir='ltr'><strong>δογμάτων</strong></span> <span class='ocrx_word' id='word_1_300' title='bbox 1167 3436 1374 3493; x_wconf 89' lang='grc' dir='ltr'><strong>πίστιν.</strong></span> <span class='ocrx_word' id='word_1_301' title='bbox 1415 3439 1527 3492; x_wconf 77' lang='grc' dir='ltr'><strong>Καὶ</strong></span> <span class='ocrx_word' id='word_1_302' title='bbox 1552 3439 1663 3511; x_wconf 81' lang='grc' dir='ltr'><strong>γὰρ</strong></span> <span class='ocrx_word' id='word_1_303' title='bbox 1698 3440 1783 3494; x_wconf 81' lang='grc' dir='ltr'><strong>δτι</strong></span> <span class='ocrx_word' id='word_1_304' title='bbox 1809 3438 1986 3512; x_wconf 72' lang='grc' dir='ltr'><strong>ψυχήν</strong></span> 
     </span>
    </p>
   </div>
   <div class='ocr_carea' id='block_1_38' title="bbox 310 3519 1987 3599">
    <p class='ocr_par' dir='ltr' id='par_1_38' title="bbox 310 3519 1987 3599">
     <span class='ocr_line' id='line_1_38' title="bbox 310 3519 1987 3599; baseline 0.007 -28"><span class='ocrx_word' id='word_1_305' title='bbox 310 3519 576 3574; x_wconf 84' lang='grc' dir='ltr'><strong>ἀθάνατον</strong></span> <span class='ocrx_word' id='word_1_306' title='bbox 601 3520 820 3592; x_wconf 76' lang='grc' dir='ltr'><strong>ἔχομεν,</strong></span> <span class='ocrx_word' id='word_1_307' title='bbox 836 3522 932 3575; x_wconf 77' lang='grc' dir='ltr'><strong>καὶ</strong></span> <span class='ocrx_word' id='word_1_308' title='bbox 956 3523 1226 3595; x_wconf 84' lang='grc' dir='ltr'><strong>μέλλομεν</strong></span> <span class='ocrx_word' id='word_1_309' title='bbox 1252 3525 1360 3578; x_wconf 87' lang='grc' dir='ltr'><strong>τῶν</strong></span> <span class='ocrx_word' id='word_1_310' title='bbox 1390 3525 1630 3580; x_wconf 81' lang='grc' dir='ltr'><strong>ἐνταῦθα</strong></span> <span class='ocrx_word' id='word_1_311' title='bbox 1664 3528 1987 3599; x_wconf 80' lang='grc' dir='ltr'><strong>πεπραγμέ-</strong></span> 
     </span>
    </p>
   </div>
   <div class='ocr_carea' id='block_1_39' title="bbox 311 3604 1983 3687">
    <p class='ocr_par' dir='ltr' id='par_1_39' title="bbox 311 3604 1983 3687">
     <span class='ocr_line' id='line_1_39' title="bbox 311 3604 1983 3687; baseline 0.007 -28"><span class='ocrx_word' id='word_1_312' title='bbox 311 3624 416 3660; x_wconf 89' lang='grc' dir='ltr'><strong>νων</strong></span> <span class='ocrx_word' id='word_1_313' title='bbox 448 3604 678 3671; x_wconf 77' lang='grc' dir='ltr'><strong>εὐθύνας</strong></span> <span class='ocrx_word' id='word_1_314' title='bbox 705 3607 905 3663; x_wconf 87' lang='grc' dir='ltr'><strong>διδόναι</strong></span> <span class='ocrx_word' id='word_1_315' title='bbox 958 3611 1052 3664; x_wconf 80' lang='grc' dir='ltr'><strong>καὶ</strong></span> <span class='ocrx_word' id='word_1_316' title='bbox 1083 3609 1289 3681; x_wconf 83' lang='grc' dir='ltr'><strong>βήματι</strong></span> <span class='ocrx_word' id='word_1_317' title='bbox 1345 3613 1707 3684; x_wconf 86' lang='grc' dir='ltr'><strong>παρίστασθαι</strong></span> <span class='ocrx_word' id='word_1_318' title='bbox 1745 3615 1983 3687; x_wconf 80' lang='grc' dir='ltr'><strong>φοϐερῷ,</strong></span> 
     </span>
    </p>
   </div>
   <div class='ocr_carea' id='block_1_40' title="bbox 310 3693 1986 3773">
    <p class='ocr_par' dir='ltr' id='par_1_40' title="bbox 310 3693 1986 3773">
     <span class='ocr_line' id='line_1_40' title="bbox 310 3693 1986 3773; baseline 0.006 -27"><span class='ocrx_word' id='word_1_319' title='bbox 310 3693 404 3746; x_wconf 73' lang='grc' dir='ltr'><strong>καὶ</strong></span> <span class='ocrx_word' id='word_1_320' title='bbox 426 3694 524 3764; x_wconf 79' lang='grc' dir='ltr'><strong>τήν</strong></span> <span class='ocrx_word' id='word_1_321' title='bbox 548 3694 786 3748; x_wconf 89' lang='grc' dir='ltr'><strong>διάνοιαν</strong></span> <span class='ocrx_word' id='word_1_322' title='bbox 815 3693 1075 3761; x_wconf 68' lang='grc' dir='ltr'><strong>ἔπεισαν,</strong></span> <span class='ocrx_word' id='word_1_323' title='bbox 1090 3697 1184 3751; x_wconf 76' lang='grc' dir='ltr'><strong>καὶ</strong></span> <span class='ocrx_word' id='word_1_324' title='bbox 1204 3698 1295 3752; x_wconf 71' lang='grc' dir='ltr'><strong>τὸν</strong></span> <span class='ocrx_word' id='word_1_325' title='bbox 1318 3698 1431 3770; x_wconf 81' lang='grc' dir='ltr'><strong>βίον</strong></span> <span class='ocrx_word' id='word_1_326' title='bbox 1460 3700 1674 3755; x_wconf 74' lang='grc' dir='ltr'><strong>ἅπαντα</strong></span> <span class='ocrx_word' id='word_1_327' title='bbox 1702 3703 1839 3773; x_wconf 77' lang='grc' dir='ltr'><strong>πρὸς</strong></span> <span class='ocrx_word' id='word_1_328' title='bbox 1852 3702 1986 3756; x_wconf 81' lang='grc' dir='ltr'><strong>ταύ-</strong></span> 
     </span>
    </p>
   </div>
   <div class='ocr_carea' id='block_1_41' title="bbox 314 3778 1986 3856">
    <p class='ocr_par' dir='ltr' id='par_1_41' title="bbox 314 3778 1986 3856">
     <span class='ocr_line' id='line_1_41' title="bbox 314 3778 1986 3856; baseline 0.005 -25"><span class='ocrx_word' id='word_1_329' title='bbox 314 3794 413 3841; x_wconf 90' lang='grc' dir='ltr'><strong>τας</strong></span> <span class='ocrx_word' id='word_1_330' title='bbox 465 3779 872 3848; x_wconf 81' lang='grc' dir='ltr'><strong>κατεστήσαντο</strong></span> <span class='ocrx_word' id='word_1_331' title='bbox 922 3778 1019 3843; x_wconf 86' lang='grc' dir='ltr'><strong>τάς</strong></span> <span class='ocrx_word' id='word_1_332' title='bbox 1075 3779 1319 3845; x_wconf 80' lang='grc' dir='ltr'><strong>ἐλπίδας,</strong></span> <span class='ocrx_word' id='word_1_333' title='bbox 1359 3784 1454 3835; x_wconf 75' lang='grc' dir='ltr'><strong>καὶ</strong></span> <span class='ocrx_word' id='word_1_334' title='bbox 1496 3784 1677 3854; x_wconf 85' lang='grc' dir='ltr'><strong>πάσης</strong></span> <span class='ocrx_word' id='word_1_335' title='bbox 1723 3783 1986 3856; x_wconf 81' lang='grc' dir='ltr'><strong>ἀνώτεροι</strong></span> 
     </span>
    </p>
   </div>
   <div class='ocr_carea' id='block_1_42' title="bbox 315 3865 1986 3944">
    <p class='ocr_par' dir='ltr' id='par_1_42' title="bbox 315 3865 1986 3944">
     <span class='ocr_line' id='line_1_42' title="bbox 315 3865 1986 3944; baseline 0.006 -27"><span class='ocrx_word' id='word_1_336' title='bbox 315 3865 572 3937; x_wconf 80' lang='grc' dir='ltr'><strong>βιωτικῆς</strong></span> <span class='ocrx_word' id='word_1_337' title='bbox 615 3867 863 3935; x_wconf 87' lang='grc' dir='ltr'><strong>ἐγένοντο</strong></span> <span class='ocrx_word' id='word_1_338' title='bbox 919 3870 1239 3938; x_wconf 85' lang='grc' dir='ltr'><strong>φαντασίας,</strong></span> <span class='ocrx_word' id='word_1_339' title='bbox 1295 3868 1668 3935; x_wconf 81' lang='grc' dir='ltr'><strong>παιδευθέντες</strong></span> <span class='ocrx_word' id='word_1_340' title='bbox 1705 3873 1852 3944; x_wconf 86' lang='grc' dir='ltr'><strong>παρά</strong></span> <span class='ocrx_word' id='word_1_341' title='bbox 1885 3873 1986 3944; x_wconf 88' lang='grc' dir='ltr'><strong>τῆς</strong></span> 
     </span>
    </p>
   </div>
   <div class='ocr_carea' id='block_1_43' title="bbox 314 3953 1986 4026">
    <p class='ocr_par' dir='ltr' id='par_1_43' title="bbox 314 3953 1986 4026">
     <span class='ocr_line' id='line_1_43' title="bbox 314 3953 1986 4026; baseline 0.006 -21"><span class='ocrx_word' id='word_1_342' title='bbox 314 3953 464 4017; x_wconf 86' lang='grc' dir='ltr'><strong>θείας</strong></span> <span class='ocrx_word' id='word_1_343' title='bbox 494 3954 740 4026; x_wconf 84' lang='grc' dir='ltr'><strong>Γραφῆς,</strong></span> <span class='ocrx_word' id='word_1_344' title='bbox 770 3956 852 4009; x_wconf 82' lang='grc' dir='ltr'><strong>δτι</strong></span> <span class='ocrx_word' id='word_1_345' title='bbox 881 3956 1664 4026; x_wconf 74' lang='grc' dir='ltr'><strong>Ματαιὸτηςματαιοτήτων,</strong></span> <span class='ocrx_word' id='word_1_346' title='bbox 1691 3961 1765 4014; x_wconf 81' lang='grc' dir='ltr'><strong>τὰ</strong></span> <span class='ocrx_word' id='word_1_347' title='bbox 1789 3961 1986 4016; x_wconf 76' lang='grc' dir='ltr'><strong>πάντα</strong></span> 
     </span>
    </p>
   </div>
   <div class='ocr_carea' id='block_1_44' title="bbox 307 4043 1986 4121">
    <p class='ocr_par' dir='ltr' id='par_1_44' title="bbox 307 4043 1986 4121">
     <span class='ocr_line' id='line_1_44' title="bbox 307 4043 1986 4121; baseline 0.005 -26"><span class='ocrx_word' id='word_1_348' title='bbox 307 4043 653 4111; x_wconf 75' lang='grc' dir='ltr'><strong>ματαιότης,</strong></span> <span class='ocrx_word' id='word_1_349' title='bbox 688 4044 783 4097; x_wconf 75' lang='grc' dir='ltr'><strong>καὶ</strong></span> <span class='ocrx_word' id='word_1_350' title='bbox 818 4044 954 4114; x_wconf 81' lang='grc' dir='ltr'><strong>πρὸς</strong></span> <span class='ocrx_word' id='word_1_351' title='bbox 981 4044 1133 4098; x_wconf 81' lang='grc' dir='ltr'><strong>οὐδὲν</strong></span> <span class='ocrx_word' id='word_1_352' title='bbox 1175 4045 1285 4098; x_wconf 84' lang='grc' dir='ltr'><strong>τῶν</strong></span> <span class='ocrx_word' id='word_1_353' title='bbox 1316 4045 1613 4101; x_wconf 83' lang='grc' dir='ltr'><strong>δοκούντων</strong></span> <span class='ocrx_word' id='word_1_354' title='bbox 1663 4043 1798 4103; x_wconf 70' lang='grc' dir='ltr'><strong>εἶναι</strong></span> <span class='ocrx_word' id='word_1_355' title='bbox 1846 4048 1986 4121; x_wconf 83' lang='grc' dir='ltr'><strong>λαμ·</strong></span> 
     </span>
    </p>
   </div>
   <div class='ocr_carea' id='block_1_45' title="bbox 311 4129 806 4200">
    <p class='ocr_par' dir='ltr' id='par_1_45' title="bbox 311 4129 806 4200">
     <span class='ocr_line' id='line_1_45' title="bbox 311 4129 806 4200; baseline 0.008 -20"><span class='ocrx_word' id='word_1_356' title='bbox 311 4129 466 4200; x_wconf 83' lang='grc' dir='ltr'><strong>πρῶν</strong></span> <span class='ocrx_word' id='word_1_357' title='bbox 495 4131 806 4200; x_wconf 87' lang='grc' dir='ltr'><strong>κεχήνασιν.</strong></span> 
     </span>
    </p>
   </div>
   <div class='ocr_carea' id='block_1_46' title="bbox 383 4207 1986 4295">
    <p class='ocr_par' dir='ltr' id='par_1_46' title="bbox 383 4207 1986 4295">
     <span class='ocr_line' id='line_1_46' title="bbox 383 4207 1986 4295; baseline 0.005 -27"><span class='ocrx_word' id='word_1_358' title='bbox 383 4207 542 4268; x_wconf 72' lang='grc' dir='ltr'><strong>Οὗτοι</strong></span> <span class='ocrx_word' id='word_1_359' title='bbox 576 4216 671 4268; x_wconf 76' lang='grc' dir='ltr'><strong>καὶ</strong></span> <span class='ocrx_word' id='word_1_360' title='bbox 706 4218 835 4286; x_wconf 77' lang='grc' dir='ltr'><strong>περὶ</strong></span> <span class='ocrx_word' id='word_1_361' title='bbox 865 4217 999 4271; x_wconf 82' lang='grc' dir='ltr'><strong>Θεοῦ</strong></span> <span class='ocrx_word' id='word_1_362' title='bbox 1054 4217 1364 4288; x_wconf 82' lang='grc' dir='ltr'><strong>φιλοσοφεῖν</strong></span> <span class='ocrx_word' id='word_1_363' title='bbox 1420 4219 1564 4273; x_wconf 82' lang='grc' dir='ltr'><strong>ίσασι</strong></span> <span class='ocrx_word' id='word_1_364' title='bbox 1615 4221 1809 4286; x_wconf 83' lang='grc' dir='ltr'><strong>ταῦτα,</strong></span> <span class='ocrx_word' id='word_1_365' title='bbox 1842 4222 1986 4295; x_wconf 80' lang='grc' dir='ltr'><strong>ἀπερ</strong></span> 
     </span>
    </p>
   </div>
   <div class='ocr_carea' id='block_1_47' title="bbox 312 4301 1987 4378">
    <p class='ocr_par' dir='ltr' id='par_1_47' title="bbox 312 4301 1987 4378">
     <span class='ocr_line' id='line_1_47' title="bbox 312 4301 1987 4378; baseline 0.006 -23"><span class='ocrx_word' id='word_1_366' title='bbox 312 4301 575 4369; x_wconf 80' lang='grc' dir='ltr'><strong>ἐπέταξεν</strong></span> <span class='ocrx_word' id='word_1_367' title='bbox 605 4305 633 4357; x_wconf 94' lang='grc' dir='ltr'><strong>ὀ</strong></span> <span class='ocrx_word' id='word_1_368' title='bbox 664 4301 817 4366; x_wconf 83' lang='grc' dir='ltr'><strong>Θεός·</strong></span> <span class='ocrx_word' id='word_1_369' title='bbox 861 4305 961 4359; x_wconf 85' lang='grc' dir='ltr'><strong>κᾶν</strong></span> <span class='ocrx_word' id='word_1_370' title='bbox 1008 4304 1105 4358; x_wconf 83' lang='grc' dir='ltr'><strong>ἐνα</strong></span> <span class='ocrx_word' id='word_1_371' title='bbox 1134 4306 1313 4360; x_wconf 81' lang='grc' dir='ltr'><strong>αὐτῶν</strong></span> <span class='ocrx_word' id='word_1_372' title='bbox 1341 4307 1522 4361; x_wconf 88' lang='grc' dir='ltr'><strong>λαϐὼν</strong></span> <span class='ocrx_word' id='word_1_373' title='bbox 1547 4308 1835 4378; x_wconf 85' lang='grc' dir='ltr'><strong>φιλόσοφόν</strong></span> <span class='ocrx_word' id='word_1_374' title='bbox 1865 4329 1987 4365; x_wconf 90' lang='grc' dir='ltr'><strong>τινα</strong></span> 
     </span>
    </p>
   </div>
   <div class='ocr_carea' id='block_1_48' title="bbox 310 4390 1986 4473">
    <p class='ocr_par' dir='ltr' id='par_1_48' title="bbox 310 4390 1986 4473">
     <span class='ocr_line' id='line_1_48' title="bbox 310 4390 1986 4473; baseline 0.006 -27"><span class='ocrx_word' id='word_1_375' title='bbox 310 4392 418 4446; x_wconf 81' lang='grc' dir='ltr'><strong>τῶν</strong></span> <span class='ocrx_word' id='word_1_376' title='bbox 452 4390 651 4459; x_wconf 73' lang='grc' dir='ltr'><strong>ἔξωθεν</strong></span> <span class='ocrx_word' id='word_1_377' title='bbox 684 4393 900 4467; x_wconf 83' lang='grc' dir='ltr'><strong>ἀγάγῃς</strong></span> <span class='ocrx_word' id='word_1_378' title='bbox 950 4396 1032 4458; x_wconf 81' lang='grc' dir='ltr'><strong>είς</strong></span> <span class='ocrx_word' id='word_1_379' title='bbox 1064 4396 1226 4467; x_wconf 83' lang='grc' dir='ltr'><strong>μέσον</strong></span> <span class='ocrx_word' id='word_1_380' title='bbox 1277 4396 1391 4451; x_wconf 89' lang='grc' dir='ltr'><strong>νῦν·</strong></span> <span class='ocrx_word' id='word_1_381' title='bbox 1430 4399 1631 4469; x_wconf 85' lang='grc' dir='ltr'><strong>μᾶλλον</strong></span> <span class='ocrx_word' id='word_1_382' title='bbox 1666 4400 1724 4453; x_wconf 81' lang='grc' dir='ltr'><strong>δὲ</strong></span> <span class='ocrx_word' id='word_1_383' title='bbox 1767 4401 1861 4455; x_wconf 90' lang='grc' dir='ltr'><strong>νῦν</strong></span> <span class='ocrx_word' id='word_1_384' title='bbox 1888 4403 1986 4473; x_wconf 89' lang='grc' dir='ltr'><strong>μέν</strong></span> 
     </span>
    </p>
   </div>
   <div class='ocr_carea' id='block_1_49' title="bbox 310 4477 1988 4554">
    <p class='ocr_par' dir='ltr' id='par_1_49' title="bbox 310 4477 1988 4554">
     <span class='ocr_line' id='line_1_49' title="bbox 310 4477 1988 4554; baseline 0.008 -24"><span class='ocrx_word' id='word_1_385' title='bbox 310 4478 499 4531; x_wconf 77' lang='grc' dir='ltr'><strong>οὐδένα</strong></span> <span class='ocrx_word' id='word_1_386' title='bbox 535 4477 684 4533; x_wconf 77' lang='grc' dir='ltr'><strong>ἐστιν</strong></span> <span class='ocrx_word' id='word_1_387' title='bbox 729 4481 930 4551; x_wconf 86' lang='grc' dir='ltr'><strong>εὑρεῖν’</strong></span> <span class='ocrx_word' id='word_1_388' title='bbox 964 4481 1030 4535; x_wconf 87' lang='grc' dir='ltr'><strong>ἂν</strong></span> <span class='ocrx_word' id='word_1_389' title='bbox 1072 4482 1127 4536; x_wconf 89' lang='grc' dir='ltr'><strong>δέ</strong></span> <span class='ocrx_word' id='word_1_390' title='bbox 1155 4500 1277 4537; x_wconf 82' lang='grc' dir='ltr'><strong>τινα.</strong></span> <span class='ocrx_word' id='word_1_391' title='bbox 1309 4485 1514 4541; x_wconf 91' lang='grc' dir='ltr'><strong>τούτων</strong></span> <span class='ocrx_word' id='word_1_392' title='bbox 1543 4486 1742 4554; x_wconf 85' lang='grc' dir='ltr'><strong>λαϐὼν,</strong></span> <span class='ocrx_word' id='word_1_393' title='bbox 1797 4490 1891 4543; x_wconf 74' lang='grc' dir='ltr'><strong>καὶ</strong></span> <span class='ocrx_word' id='word_1_394' title='bbox 1919 4490 1988 4544; x_wconf 85' lang='grc' dir='ltr'><strong>τά</strong></span> 
     </span>
    </p>
   </div>
   <div class='ocr_carea' id='block_1_50' title="bbox 314 4564 1988 4645">
    <p class='ocr_par' dir='ltr' id='par_1_50' title="bbox 314 4564 1988 4645">
     <span class='ocr_line' id='line_1_50' title="bbox 314 4564 1988 4645; baseline 0.009 -28"><span class='ocrx_word' id='word_1_395' title='bbox 314 4564 493 4636; x_wconf 86' lang='grc' dir='ltr'><strong>βιϐλία</strong></span> <span class='ocrx_word' id='word_1_396' title='bbox 517 4565 624 4619; x_wconf 89' lang='grc' dir='ltr'><strong>τῶν</strong></span> <span class='ocrx_word' id='word_1_397' title='bbox 657 4566 824 4621; x_wconf 86' lang='grc' dir='ltr'><strong>πάλαι</strong></span> <span class='ocrx_word' id='word_1_398' title='bbox 860 4569 989 4640; x_wconf 81' lang='grc' dir='ltr'><strong>παρ’</strong></span> <span class='ocrx_word' id='word_1_399' title='bbox 1010 4569 1193 4634; x_wconf 86' lang='grc' dir='ltr'><strong>αὐτοῖς</strong></span> <span class='ocrx_word' id='word_1_400' title='bbox 1242 4573 1721 4645; x_wconf 82' lang='grc' dir='ltr'><strong>φιλοσοφησάντων</strong></span> <span class='ocrx_word' id='word_1_401' title='bbox 1749 4578 1988 4631; x_wconf 87' lang='grc' dir='ltr'><strong>ἀναπτύ-</strong></span> 
     </span>
    </p>
   </div>
   <div class='ocr_carea' id='block_1_51' title="bbox 314 4650 1985 4731">
    <p class='ocr_par' dir='ltr' id='par_1_51' title="bbox 314 4650 1985 4731">
     <span class='ocr_line' id='line_1_51' title="bbox 314 4650 1985 4731; baseline 0.01 -28"><span class='ocrx_word' id='word_1_402' title='bbox 314 4650 406 4715; x_wconf 75' lang='grc' dir='ltr'><strong>ξας</strong></span> <span class='ocrx_word' id='word_1_403' title='bbox 437 4652 688 4724; x_wconf 83' lang='grc' dir='ltr'><strong>ἐπέλοῃς,</strong></span> <span class='ocrx_word' id='word_1_404' title='bbox 727 4655 821 4706; x_wconf 72' lang='grc' dir='ltr'><strong>καὶ</strong></span> <span class='ocrx_word' id='word_1_405' title='bbox 848 4654 901 4707; x_wconf 93' lang='grc' dir='ltr'><strong>τί</strong></span> <span class='ocrx_word' id='word_1_406' title='bbox 927 4655 1024 4726; x_wconf 79' lang='grc' dir='ltr'><strong>μὲν</strong></span> <span class='ocrx_word' id='word_1_407' title='bbox 1065 4652 1212 4711; x_wconf 72' lang='grc' dir='ltr'><strong>οὗτοι</strong></span> <span class='ocrx_word' id='word_1_408' title='bbox 1247 4660 1628 4731; x_wconf 88' lang='grc' dir='ltr'><strong>ἀποκρίνονται</strong></span> <span class='ocrx_word' id='word_1_409' title='bbox 1661 4663 1776 4728; x_wconf 88' lang='grc' dir='ltr'><strong>νῦν,</strong></span> <span class='ocrx_word' id='word_1_410' title='bbox 1822 4665 1875 4718; x_wconf 89' lang='grc' dir='ltr'><strong>τί</strong></span> <span class='ocrx_word' id='word_1_411' title='bbox 1929 4666 1985 4719; x_wconf 82' lang='grc' dir='ltr'><strong>δὲ</strong></span> 
     </span>
    </p>
   </div>
   <div class='ocr_carea' id='block_1_52' title="bbox 186 4739 1983 4825">
    <p class='ocr_par' dir='ltr' id='par_1_52' title="bbox 186 4739 1983 4825">
     <span class='ocr_line' id='line_1_52' title="bbox 186 4739 1983 4825; baseline 0.012 -39"><span class='ocrx_word' id='word_1_412' title='bbox 186 4808 197 4811; x_wconf 11' lang='grc' dir='ltr'>μ</span> <span class='ocrx_word' id='word_1_413' title='bbox 312 4739 508 4792; x_wconf 82' lang='grc' dir='ltr'><strong>ἐκεῖνοι</strong></span> <span class='ocrx_word' id='word_1_414' title='bbox 558 4741 681 4793; x_wconf 87' lang='grc' dir='ltr'><strong>τότε</strong></span> <span class='ocrx_word' id='word_1_415' title='bbox 727 4741 1126 4812; x_wconf 79' lang='grc' dir='ltr'><strong>ἐφιλοσόφησαν</strong></span> <span class='ocrx_word' id='word_1_416' title='bbox 1180 4746 1501 4818; x_wconf 87' lang='grc' dir='ltr'><strong>παράλληλα</strong></span> <span class='ocrx_word' id='word_1_417' title='bbox 1554 4749 1666 4814; x_wconf 72' lang='grc' dir='ltr'><strong>θεὶς</strong></span> <span class='ocrx_word' id='word_1_418' title='bbox 1701 4750 1983 4825; x_wconf 76' lang='grc' dir='ltr'><strong>ἐξετάσης,</strong></span> 
     </span>
    </p>
   </div>
   <div class='ocr_carea' id='block_1_53' title="bbox 309 4825 1980 4909">
    <p class='ocr_par' dir='ltr' id='par_1_53' title="bbox 309 4825 1980 4909">
     <span class='ocr_line' id='line_1_53' title="bbox 309 4825 1980 4909; baseline 0.011 -33"><span class='ocrx_word' id='word_1_419' title='bbox 309 4825 429 4894; x_wconf 66' lang='grc' dir='ltr'><strong>ὄψει</strong></span> <span class='ocrx_word' id='word_1_420' title='bbox 455 4827 595 4897; x_wconf 81' lang='grc' dir='ltr'><strong>πόση</strong></span> <span class='ocrx_word' id='word_1_421' title='bbox 627 4829 723 4898; x_wconf 84' lang='grc' dir='ltr'><strong>μὲν</strong></span> <span class='ocrx_word' id='word_1_422' title='bbox 757 4829 789 4897; x_wconf 82' lang='grc' dir='ltr'>ἡ</span> <span class='ocrx_word' id='word_1_423' title='bbox 823 4829 1030 4883; x_wconf 89' lang='grc' dir='ltr'><strong>τούτων</strong></span> <span class='ocrx_word' id='word_1_424' title='bbox 1060 4833 1240 4901; x_wconf 85' lang='grc' dir='ltr'><strong>σοφία,</strong></span> <span class='ocrx_word' id='word_1_425' title='bbox 1264 4835 1402 4906; x_wconf 88' lang='grc' dir='ltr'><strong>πόση</strong></span> <span class='ocrx_word' id='word_1_426' title='bbox 1428 4836 1533 4909; x_wconf 75' lang='grc' dir='ltr'><strong>δὲὴ</strong></span> <span class='ocrx_word' id='word_1_427' title='bbox 1562 4839 1786 4893; x_wconf 78' lang='grc' dir='ltr'><strong>ἐκείνων</strong></span> <span class='ocrx_word' id='word_1_428' title='bbox 1808 4839 1980 4895; x_wconf 80' lang='grc' dir='ltr'><strong>ἄνοια.</strong></span> 
     </span>
    </p>
   </div>
   <div class='ocr_carea' id='block_1_54' title="bbox 310 4910 1986 4999">
    <p class='ocr_par' dir='ltr' id='par_1_54' title="bbox 310 4910 1986 4999">
     <span class='ocr_line' id='line_1_54' title="bbox 310 4910 1986 4999; baseline 0.011 -35"><span class='ocrx_word' id='word_1_429' title='bbox 310 4910 480 4967; x_wconf 84' lang='grc' dir='ltr'><strong>Ὅταν</strong></span> <span class='ocrx_word' id='word_1_430' title='bbox 502 4912 612 4986; x_wconf 85' lang='grc' dir='ltr'><strong>γάρ</strong></span> <span class='ocrx_word' id='word_1_431' title='bbox 661 4917 708 4968; x_wconf 82' lang='grc' dir='ltr'><strong>οἱ</strong></span> <span class='ocrx_word' id='word_1_432' title='bbox 747 4916 847 4987; x_wconf 76' lang='grc' dir='ltr'><strong>μὲν</strong></span> <span class='ocrx_word' id='word_1_433' title='bbox 885 4919 1065 4972; x_wconf 87' lang='grc' dir='ltr'><strong>αὐτῶν</strong></span> <span class='ocrx_word' id='word_1_434' title='bbox 1111 4922 1243 4992; x_wconf 82' lang='grc' dir='ltr'><strong>μηδὲ</strong></span> <span class='ocrx_word' id='word_1_435' title='bbox 1287 4925 1544 4999; x_wconf 87' lang='grc' dir='ltr'><strong>προνοίας</strong></span> <span class='ocrx_word' id='word_1_436' title='bbox 1583 4927 1813 4996; x_wconf 84' lang='grc' dir='ltr'><strong>λέγωσιν</strong></span> <span class='ocrx_word' id='word_1_437' title='bbox 1853 4931 1986 4983; x_wconf 84' lang='grc' dir='ltr'><strong>ἀπο-</strong></span> 
     </span>
    </p>
   </div>
   <div class='ocr_carea' id='block_1_55' title="bbox 308 4998 1984 5088">
    <p class='ocr_par' dir='ltr' id='par_1_55' title="bbox 308 4998 1984 5088">
     <span class='ocr_line' id='line_1_55' title="bbox 308 4998 1984 5088; baseline 0.01 -33"><span class='ocrx_word' id='word_1_438' title='bbox 308 4998 493 5055; x_wconf 84' lang='grc' dir='ltr'><strong>λαύειν</strong></span> <span class='ocrx_word' id='word_1_439' title='bbox 522 5001 589 5054; x_wconf 88' lang='grc' dir='ltr'><strong>τά</strong></span> <span class='ocrx_word' id='word_1_440' title='bbox 628 5002 777 5068; x_wconf 72' lang='grc' dir='ltr'><strong>ὄντα,</strong></span> <span class='ocrx_word' id='word_1_441' title='bbox 827 5006 961 5076; x_wconf 87' lang='grc' dir='ltr'><strong>μηδέ</strong></span> <span class='ocrx_word' id='word_1_442' title='bbox 990 5008 1096 5061; x_wconf 86' lang='grc' dir='ltr'><strong>ὑπὸ</strong></span> <span class='ocrx_word' id='word_1_443' title='bbox 1122 5008 1255 5062; x_wconf 88' lang='grc' dir='ltr'>Θεοῦ</span> <span class='ocrx_word' id='word_1_444' title='bbox 1293 4998 1620 5084; x_wconf 85' lang='grc' dir='ltr'><strong>γεγενῆσθαι</strong></span> <span class='ocrx_word' id='word_1_445' title='bbox 1656 5015 1753 5088; x_wconf 83' lang='grc' dir='ltr'><strong>τὴν</strong></span> <span class='ocrx_word' id='word_1_446' title='bbox 1784 5017 1984 5081; x_wconf 86' lang='grc' dir='ltr'><strong>κτίσιν,</strong></span> 
     </span>
    </p>
   </div>
   <div class='ocr_carea' id='block_1_56' title="bbox 312 5090 1985 5174">
    <p class='ocr_par' dir='ltr' id='par_1_56' title="bbox 312 5090 1985 5174">
     <span class='ocr_line' id='line_1_56' title="bbox 312 5090 1985 5174; baseline 0.012 -34"><span class='ocrx_word' id='word_1_447' title='bbox 312 5090 448 5160; x_wconf 86' lang='grc' dir='ltr'><strong>μήτε</strong></span> <span class='ocrx_word' id='word_1_448' title='bbox 477 5090 575 5162; x_wconf 82' lang='grc' dir='ltr'><strong>τὴν</strong></span> <span class='ocrx_word' id='word_1_449' title='bbox 613 5090 814 5164; x_wconf 76' lang='grc' dir='ltr'><strong>ἀρετὴν</strong></span> <span class='ocrx_word' id='word_1_450' title='bbox 844 5093 1013 5166; x_wconf 79' lang='grc' dir='ltr'><strong>αὐτὴν</strong></span> <span class='ocrx_word' id='word_1_451' title='bbox 1042 5097 1208 5168; x_wconf 82' lang='grc' dir='ltr'><strong>ἑαυτῇ</strong></span> <span class='ocrx_word' id='word_1_452' title='bbox 1244 5099 1492 5174; x_wconf 77' lang='grc' dir='ltr'><strong>αὐτάρκη</strong></span> <span class='ocrx_word' id='word_1_453' title='bbox 1520 5097 1684 5168; x_wconf 82' lang='grc' dir='ltr'><strong>εἶναι,</strong></span> <span class='ocrx_word' id='word_1_454' title='bbox 1718 5103 1854 5159; x_wconf 90' lang='grc' dir='ltr'><strong>ἀλλά</strong></span> <span class='ocrx_word' id='word_1_455' title='bbox 1875 5105 1985 5158; x_wconf 72' lang='grc' dir='ltr'><strong>δεῖ⁴</strong></span> 
     </span>
    </p>
   </div>
   <div class='ocr_carea' id='block_1_57' title="bbox 310 5175 1985 5263">
    <p class='ocr_par' dir='ltr' id='par_1_57' title="bbox 310 5175 1985 5263">
     <span class='ocr_line' id='line_1_57' title="bbox 310 5175 1985 5263; baseline 0.011 -35"><span class='ocrx_word' id='word_1_456' title='bbox 310 5175 434 5231; x_wconf 88' lang='grc' dir='ltr'><strong>σθαι</strong></span> <span class='ocrx_word' id='word_1_457' title='bbox 468 5178 767 5249; x_wconf 89' lang='grc' dir='ltr'><strong>χρημάτων</strong></span> <span class='ocrx_word' id='word_1_458' title='bbox 808 5181 903 5234; x_wconf 74' lang='grc' dir='ltr'><strong>καὶ</strong></span> <span class='ocrx_word' id='word_1_459' title='bbox 941 5183 1219 5253; x_wconf 87' lang='grc' dir='ltr'><strong>εὐγενείας</strong></span> <span class='ocrx_word' id='word_1_460' title='bbox 1250 5187 1346 5241; x_wconf 72' lang='grc' dir='ltr'><strong>καὶ</strong></span> <span class='ocrx_word' id='word_1_461' title='bbox 1373 5175 1472 5260; x_wconf 89' lang='grc' dir='ltr'><strong>τῆς</strong></span> <span class='ocrx_word' id='word_1_462' title='bbox 1514 5189 1712 5255; x_wconf 77' lang='grc' dir='ltr'><strong>ἔξωθεν</strong></span> <span class='ocrx_word' id='word_1_463' title='bbox 1747 5210 1985 5263; x_wconf 77' lang='grc' dir='ltr'><strong>περιφα‹</strong></span> 
     </span>
    </p>
   </div>
   <div class='ocr_carea' id='block_1_58' title="bbox 311 5265 1986 5353">
    <p class='ocr_par' dir='ltr' id='par_1_58' title="bbox 311 5265 1986 5353">
     <span class='ocr_line' id='line_1_58' title="bbox 311 5265 1986 5353; baseline 0.011 -36"><span class='ocrx_word' id='word_1_464' title='bbox 311 5265 480 5330; x_wconf 83' lang='grc' dir='ltr'><strong>νείας,</strong></span> <span class='ocrx_word' id='word_1_465' title='bbox 517 5267 612 5321; x_wconf 78' lang='grc' dir='ltr'><strong>καὶ</strong></span> <span class='ocrx_word' id='word_1_466' title='bbox 632 5267 796 5341; x_wconf 82' lang='grc' dir='ltr'><strong>ἐτερα</strong></span> <span class='ocrx_word' id='word_1_467' title='bbox 825 5270 1005 5342; x_wconf 77' lang='grc' dir='ltr'><strong>πολλῷ</strong></span> <span class='ocrx_word' id='word_1_468' title='bbox 1029 5273 1235 5328; x_wconf 87' lang='grc' dir='ltr'><strong>τούτων</strong></span> <span class='ocrx_word' id='word_1_469' title='bbox 1281 5277 1809 5353; x_wconf 70' lang='grc' dir='ltr'><strong>καταγελαστότερασ</strong></span> <span class='ocrx_word' id='word_1_470' title='bbox 1841 5276 1986 5335; x_wconf 80' lang='grc' dir='ltr'><strong>οῦτοι</strong></span> 
     </span>
    </p>
   </div>
   <div class='ocr_carea' id='block_1_59' title="bbox 309 5349 1988 5438">
    <p class='ocr_par' dir='ltr' id='par_1_59' title="bbox 309 5349 1988 5438">
     <span class='ocr_line' id='line_1_59' title="bbox 309 5349 1988 5438; baseline 0.01 -34"><span class='ocrx_word' id='word_1_471' title='bbox 309 5349 364 5405; x_wconf 78' lang='grc' dir='ltr'><strong>δέ</strong></span> <span class='ocrx_word' id='word_1_472' title='bbox 398 5354 492 5406; x_wconf 70' lang='grc' dir='ltr'><strong>καὶ</strong></span> <span class='ocrx_word' id='word_1_473' title='bbox 525 5357 654 5427; x_wconf 74' lang='grc' dir='ltr'><strong>περὶ</strong></span> <span class='ocrx_word' id='word_1_474' title='bbox 687 5358 964 5427; x_wconf 85' lang='grc' dir='ltr'><strong>προνοίας,</strong></span> <span class='ocrx_word' id='word_1_475' title='bbox 1010 5360 1104 5414; x_wconf 72' lang='grc' dir='ltr'><strong>καὶ</strong></span> <span class='ocrx_word' id='word_1_476' title='bbox 1154 5363 1280 5432; x_wconf 78' lang='grc' dir='ltr'><strong>περὶ</strong></span> <span class='ocrx_word' id='word_1_477' title='bbox 1309 5363 1675 5435; x_wconf 86' lang='grc' dir='ltr'><strong>δικαστηρίων</strong></span> <span class='ocrx_word' id='word_1_478' title='bbox 1703 5349 1812 5420; x_wconf 82' lang='grc' dir='ltr'><strong>τῶν</strong></span> <span class='ocrx_word' id='word_1_479' title='bbox 1848 5368 1988 5438; x_wconf 89' lang='grc' dir='ltr'><strong>μετά</strong></span> 
     </span>
    </p>
   </div>
   <div class='ocr_carea' id='block_1_60' title="bbox 307 5439 1986 5523">
    <p class='ocr_par' dir='ltr' id='par_1_60' title="bbox 307 5439 1986 5523">
     <span class='ocr_line' id='line_1_60' title="bbox 307 5439 1986 5523; baseline 0.01 -33"><span class='ocrx_word' id='word_1_480' title='bbox 307 5439 501 5506; x_wconf 84' lang='grc' dir='ltr'><strong>ταῦτα,</strong></span> <span class='ocrx_word' id='word_1_481' title='bbox 535 5443 631 5496; x_wconf 72' lang='grc' dir='ltr'><strong>καὶ</strong></span> <span class='ocrx_word' id='word_1_482' title='bbox 671 5444 798 5517; x_wconf 71' lang='grc' dir='ltr'><strong>περὶ</strong></span> <span class='ocrx_word' id='word_1_483' title='bbox 849 5445 948 5514; x_wconf 85' lang='grc' dir='ltr'><strong>τῆς</strong></span> <span class='ocrx_word' id='word_1_484' title='bbox 995 5447 1087 5500; x_wconf 88' lang='grc' dir='ltr'><strong>τοῦ</strong></span> <span class='ocrx_word' id='word_1_485' title='bbox 1119 5448 1254 5502; x_wconf 83' lang='grc' dir='ltr'><strong>Θεοῦ</strong></span> <span class='ocrx_word' id='word_1_486' title='bbox 1283 5450 1642 5521; x_wconf 81' lang='grc' dir='ltr'><strong>δημιουργίας</strong></span> <span class='ocrx_word' id='word_1_487' title='bbox 1660 5454 1758 5523; x_wconf 85' lang='grc' dir='ltr'><strong>τῆς</strong></span> <span class='ocrx_word' id='word_1_488' title='bbox 1778 5452 1836 5518; x_wconf 75' lang='grc' dir='ltr'><strong>ἐξ</strong></span> <span class='ocrx_word' id='word_1_489' title='bbox 1888 5454 1986 5507; x_wconf 83' lang='grc' dir='ltr'><strong>οὐκ</strong></span> 
     </span>
    </p>
   </div>
   <div class='ocr_carea' id='block_1_61' title="bbox 308 5524 1986 5608">
    <p class='ocr_par' dir='ltr' id='par_1_61' title="bbox 308 5524 1986 5608">
     <span class='ocr_line' id='line_1_61' title="bbox 308 5524 1986 5608; baseline 0.011 -31"><span class='ocrx_word' id='word_1_490' title='bbox 308 5524 477 5579; x_wconf 75' lang='grc' dir='ltr'><strong>ὅντων</strong></span> <span class='ocrx_word' id='word_1_491' title='bbox 524 5528 594 5582; x_wconf 85' lang='grc' dir='ltr'><strong>τά</strong></span> <span class='ocrx_word' id='word_1_492' title='bbox 625 5530 804 5584; x_wconf 86' lang='grc' dir='ltr'><strong>πάντα</strong></span> <span class='ocrx_word' id='word_1_493' title='bbox 848 5534 1296 5604; x_wconf 82' lang='grc' dir='ltr'><strong>παραγαγούσης,</strong></span> <span class='ocrx_word' id='word_1_494' title='bbox 1350 5538 1445 5590; x_wconf 79' lang='grc' dir='ltr'><strong>καὶ</strong></span> <span class='ocrx_word' id='word_1_495' title='bbox 1480 5540 1609 5608; x_wconf 73' lang='grc' dir='ltr'><strong>περὶ</strong></span> <span class='ocrx_word' id='word_1_496' title='bbox 1658 5538 1767 5596; x_wconf 86' lang='grc' dir='ltr'><strong>τῶν</strong></span> <span class='ocrx_word' id='word_1_497' title='bbox 1812 5540 1986 5595; x_wconf 82' lang='grc' dir='ltr'><strong>ἄλλων</strong></span> 
     </span>
    </p>
   </div>
   <div class='ocr_carea' id='block_1_62' title="bbox 315 5616 1986 5700">
    <p class='ocr_par' dir='ltr' id='par_1_62' title="bbox 315 5616 1986 5700">
     <span class='ocr_line' id='line_1_62' title="bbox 315 5616 1986 5700; baseline 0.01 -33"><span class='ocrx_word' id='word_1_498' title='bbox 315 5616 565 5671; x_wconf 80' lang='grc' dir='ltr'><strong>ἁπάντων</strong></span> <span class='ocrx_word' id='word_1_499' title='bbox 598 5619 952 5689; x_wconf 87' lang='grc' dir='ltr'><strong>φιλοσοφῶσι,</strong></span> <span class='ocrx_word' id='word_1_500' title='bbox 974 5624 1073 5694; x_wconf 89' lang='grc' dir='ltr'><strong>τῆς</strong></span> <span class='ocrx_word' id='word_1_501' title='bbox 1110 5624 1308 5689; x_wconf 74' lang='grc' dir='ltr'><strong>ἔξωθεν</strong></span> <span class='ocrx_word' id='word_1_502' title='bbox 1334 5626 1471 5691; x_wconf 79' lang='grc' dir='ltr'><strong>ὅλως</strong></span> <span class='ocrx_word' id='word_1_503' title='bbox 1519 5628 1592 5699; x_wconf 81' lang='grc' dir='ltr'><strong>μὴ</strong></span> <span class='ocrx_word' id='word_1_504' title='bbox 1627 5628 1986 5700; x_wconf 82' lang='grc' dir='ltr'><strong>μετασχόντες</strong></span> 
     </span>
    </p>
   </div>
   <div class='ocr_carea' id='block_1_63' title="bbox 370 5729 1530 5804">
    <p class='ocr_par' dir='ltr' id='par_1_63' title="bbox 370 5729 1530 5804">
     <span class='ocr_line' id='line_1_63' title="bbox 370 5729 1530 5804; baseline 0.013 -29"><span class='ocrx_word' id='word_1_505' title='bbox 370 5729 397 5804; x_wconf 57' lang='grc' dir='ltr'>ξ</span> <span class='ocrx_word' id='word_1_506' title='bbox 545 5731 639 5804; x_wconf 72' lang='grc' dir='ltr'><strong>ἴδοι</strong></span> <span class='ocrx_word' id='word_1_507' title='bbox 662 5749 731 5788; x_wconf 89' lang='grc' dir='ltr'><strong>τις</strong></span> <span class='ocrx_word' id='word_1_508' title='bbox 753 5734 827 5781; x_wconf 81' lang='grc' dir='ltr'><strong>ἄν.</strong></span> <span class='ocrx_word' id='word_1_509' title='bbox 854 5734 961 5783; x_wconf 73' lang='lat' dir='ltr'><strong>Mox</strong></span> <span class='ocrx_word' id='word_1_510' title='bbox 982 5738 1119 5786; x_wconf 83' lang='lat' dir='ltr'><strong>iiden</strong></span> <span class='ocrx_word' id='word_1_511' title='bbox 1152 5737 1262 5800; x_wconf 82' lang='grc' dir='ltr'><strong>βοῦς</strong></span> <span class='ocrx_word' id='word_1_512' title='bbox 1282 5739 1530 5804; x_wconf 77' lang='grc' dir='ltr'><strong>ἀροτῆρας.</strong></span> 
     </span>
    </p>
   </div>
   <div class='ocr_carea' id='block_1_64' title="bbox 368 5786 782 5853">
    <p class='ocr_par' dir='ltr' id='par_1_64' title="bbox 368 5786 782 5853">
     <span class='ocr_line' id='line_1_64' title="bbox 368 5786 782 5853; baseline 0.005 -15"><span class='ocrx_word' id='word_1_513' title='bbox 368 5786 399 5853; x_wconf 68' lang='grc' dir='ltr'><strong>ξι</strong></span> <span class='ocrx_word' id='word_1_514' title='bbox 420 5788 518 5853; x_wconf 43' lang='lat' dir='ltr'><strong>iam</strong></span> <span class='ocrx_word' id='word_1_515' title='bbox 538 5786 782 5853; x_wconf 78' lang='grc' dir='ltr'><strong>τέμνοντα.</strong></span> 
     </span>
    </p>
   </div>
   <div class='ocr_carea' id='block_1_65' title="bbox 322 5843 1331 5920">
    <p class='ocr_par' dir='ltr' id='par_1_65' title="bbox 322 5843 1331 5920">
     <span class='ocr_line' id='line_1_65' title="bbox 322 5843 1331 5920; baseline 0.038 -49"><span class='ocrx_word' id='word_1_516' title='bbox 322 5843 385 5873; x_wconf 53' lang='grc' dir='ltr'><strong>με</strong></span> <span class='ocrx_word' id='word_1_517' title='bbox 410 5847 560 5902; x_wconf 47' lang='lat' dir='ltr'><strong>say“.</strong></span> <span class='ocrx_word' id='word_1_518' title='bbox 586 5843 637 5902; x_wconf 65' lang='grc' dir='ltr'><strong>ἐι</strong></span> <span class='ocrx_word' id='word_1_519' title='bbox 659 5853 854 5913; x_wconf 83' lang='lat' dir='ltr'><strong>quidam</strong></span> <span class='ocrx_word' id='word_1_520' title='bbox 879 5854 960 5903; x_wconf 81' lang='lat' dir='ltr'><strong>alii</strong></span> <span class='ocrx_word' id='word_1_521' title='bbox 986 5858 1069 5914; x_wconf 82' lang='grc' dir='ltr'><strong>τήν</strong></span> <span class='ocrx_word' id='word_1_522' title='bbox 1091 5860 1331 5920; x_wconf 82' lang='grc' dir='ltr'><strong>βλακείαν.</strong></span> 
     </span>
    </p>
   </div>
   <div class='ocr_carea' id='block_1_66' title="bbox 1133 253 1986 318">
    <p class='ocr_par' dir='ltr' id='par_1_66' title="bbox 1133 256 1986 318">
     <span class='ocr_line' id='line_1_66' title="bbox 1133 256 1986 318; baseline 0.002 -5"><span class='ocrx_word' id='word_1_523' title='bbox 1133 256 1191 313; x_wconf 90' lang='lat' dir='ltr'><strong>S.</strong></span> <span class='ocrx_word' id='word_1_524' title='bbox 1234 256 1520 315; x_wconf 77' lang='lat' dir='ltr'><strong>JOANNIS</strong></span> <span class='ocrx_word' id='word_1_525' title='bbox 1558 257 1986 318; x_wconf 76' lang='lat' dir='ltr'><strong>CIIRYSOSTO!</strong></span> 
     </span>
    </p>
   </div>
   <div class='ocr_carea' id='block_1_67' title="bbox 2158 253 2996 318">
    <p class='ocr_par' dir='ltr' id='par_1_67' title="bbox 2158 253 2996 315">
     <span class='ocr_line' id='line_1_67' title="bbox 2158 253 2996 315; baseline -0.002 -3"><span class='ocrx_word' id='word_1_526' title='bbox 2158 256 2410 314; x_wconf 60' lang='lat' dir='ltr'><strong>RCHIEP.</strong></span> <span class='ocrx_word' id='word_1_527' title='bbox 2448 253 2996 315; x_wconf 74' lang='lat' dir='ltr'><strong>CONSTANTINOP.</strong></span> 
     </span>
    </p>
   </div>
   <div class='ocr_carea' id='block_1_68' title="bbox 3681 250 3783 306">
    <p class='ocr_par' dir='ltr' id='par_1_68' title="bbox 3681 250 3783 306">
     <span class='ocr_line' id='line_1_68' title="bbox 3681 250 3783 306; baseline 0.01 -1"><span class='ocrx_word' id='word_1_528' title='bbox 3681 250 3783 306; x_wconf 62' lang='lat'><strong>190</strong></span> 
     </span>
    </p>
   </div>
   <div class='ocr_carea' id='block_1_69' title="bbox 2107 363 3784 439">
    <p class='ocr_par' dir='ltr' id='par_1_69' title="bbox 2107 363 3784 439">
     <span class='ocr_line' id='line_1_69' title="bbox 2107 363 3784 439; baseline -0.008 -8"><span class='ocrx_word' id='word_1_529' title='bbox 2107 376 2462 439; x_wconf 85' lang='grc' dir='ltr'><strong>παιδεύσεως·</strong></span> <span class='ocrx_word' id='word_1_530' title='bbox 2490 374 2575 437; x_wconf 89' lang='grc' dir='ltr'><strong>τίς</strong></span> <span class='ocrx_word' id='word_1_531' title='bbox 2600 374 2702 427; x_wconf 86' lang='grc' dir='ltr'><strong>οὐκ</strong></span> <span class='ocrx_word' id='word_1_532' title='bbox 2735 370 2802 426; x_wconf 82' lang='grc' dir='ltr'><strong>ἂν</strong></span> <span class='ocrx_word' id='word_1_533' title='bbox 2842 368 3072 424; x_wconf 80' lang='grc' dir='ltr'><strong>αὐτόθεν</strong></span> <span class='ocrx_word' id='word_1_534' title='bbox 3106 364 3263 438; x_wconf 84' lang='grc' dir='ltr'><strong>μάθοι</strong></span> <span class='ocrx_word' id='word_1_535' title='bbox 3294 363 3392 438; x_wconf 74' lang='grc' dir='ltr'><strong>τὴν</strong></span> <span class='ocrx_word' id='word_1_536' title='bbox 3413 364 3510 420; x_wconf 91' lang='grc' dir='ltr'><strong>τοῦ</strong></span> <span class='ocrx_word' id='word_1_537' title='bbox 3537 366 3784 437; x_wconf 77' lang='grc' dir='ltr'><strong>Χριστοῦ</strong></span> 
     </span>
    </p>
   </div>
   <div class='ocr_carea' id='block_1_70' title="bbox 2103 452 3785 534">
    <p class='ocr_par' dir='ltr' id='par_1_70' title="bbox 2103 452 3785 534">
     <span class='ocr_line' id='line_1_70' title="bbox 2103 452 3785 534; baseline -0.008 -16"><span class='ocrx_word' id='word_1_538' title='bbox 2103 463 2402 534; x_wconf 83' lang='grc' dir='ltr'><strong>δύναμιν,ἢ</strong></span> <span class='ocrx_word' id='word_1_539' title='bbox 2429 462 2556 525; x_wconf 81' lang='grc' dir='ltr'><strong>τούς</strong></span> <span class='ocrx_word' id='word_1_540' title='bbox 2589 460 2991 533; x_wconf 83' lang='grc' dir='ltr'><strong>ἀγραμμάτους</strong></span> <span class='ocrx_word' id='word_1_541' title='bbox 3010 457 3104 510; x_wconf 72' lang='grc' dir='ltr'><strong>καὶ</strong></span> <span class='ocrx_word' id='word_1_542' title='bbox 3137 452 3352 518; x_wconf 76' lang='grc' dir='ltr'><strong>ἰδιώτας</strong></span> <span class='ocrx_word' id='word_1_543' title='bbox 3372 453 3482 507; x_wconf 86' lang='grc' dir='ltr'><strong>τῶν</strong></span> <span class='ocrx_word' id='word_1_544' title='bbox 3510 454 3655 524; x_wconf 90' lang='grc' dir='ltr'><strong>μέγα</strong></span> <span class='ocrx_word' id='word_1_545' title='bbox 3686 454 3785 506; x_wconf 73' lang='grc' dir='ltr'><strong>ἐπὶ</strong></span> 
     </span>
    </p>
   </div>
   <div class='ocr_carea' id='block_1_71' title="bbox 2105 539 3778 623">
    <p class='ocr_par' dir='ltr' id='par_1_71' title="bbox 2105 539 3778 623">
     <span class='ocr_line' id='line_1_71' title="bbox 2105 539 3778 623; baseline -0.008 -18"><span class='ocrx_word' id='word_1_546' title='bbox 2105 551 2268 623; x_wconf 84' lang='grc' dir='ltr'><strong>σοφίᾳ</strong></span> <span class='ocrx_word' id='word_1_547' title='bbox 2327 549 2720 622; x_wconf 85' lang='grc' dir='ltr'><strong>κομπαζόντων</strong></span> <span class='ocrx_word' id='word_1_548' title='bbox 2766 545 3005 616; x_wconf 87' lang='grc' dir='ltr'><strong>τοσούτῳ</strong></span> <span class='ocrx_word' id='word_1_549' title='bbox 3063 541 3401 613; x_wconf 85' lang='grc' dir='ltr'><strong>σοφωτέρους</strong></span> <span class='ocrx_word' id='word_1_550' title='bbox 3464 539 3778 602; x_wconf 80' lang='grc' dir='ltr'><strong>ἀπέδειξεν,</strong></span> 
     </span>
    </p>
   </div>
   <div class='ocr_carea' id='block_1_72' title="bbox 2102 627 3782 709">
    <p class='ocr_par' dir='ltr' id='par_1_72' title="bbox 2102 627 3782 709">
     <span class='ocr_line' id='line_1_72' title="bbox 2102 627 3782 709; baseline -0.006 -17"><span class='ocrx_word' id='word_1_551' title='bbox 2102 640 2213 709; x_wconf 85' lang='grc' dir='ltr'><strong>ὅσῳ</strong></span> <span class='ocrx_word' id='word_1_552' title='bbox 2269 638 2378 691; x_wconf 89' lang='grc' dir='ltr'><strong>τῶν</strong></span> <span class='ocrx_word' id='word_1_553' title='bbox 2443 637 2654 709; x_wconf 87' lang='grc' dir='ltr'><strong>μικρῶν</strong></span> <span class='ocrx_word' id='word_1_554' title='bbox 2732 633 2964 689; x_wconf 87' lang='grc' dir='ltr'><strong>παιδίων</strong></span> <span class='ocrx_word' id='word_1_555' title='bbox 3028 633 3156 694; x_wconf 85' lang='grc' dir='ltr'><strong>τοὺς</strong></span> <span class='ocrx_word' id='word_1_556' title='bbox 3222 629 3499 701; x_wconf 69' lang='grc' dir='ltr'><strong>ἔμφρονας</strong></span> <span class='ocrx_word' id='word_1_557' title='bbox 3574 627 3782 698; x_wconf 81' lang='grc' dir='ltr'><strong>ἄνδρας</strong></span> 
     </span>
    </p>
   </div>
   <div class='ocr_carea' id='block_1_73' title="bbox 2106 714 3779 798">
    <p class='ocr_par' dir='ltr' id='par_1_73' title="bbox 2106 714 3779 798">
     <span class='ocr_line' id='line_1_73' title="bbox 2106 714 3779 798; baseline -0.007 -20"><span class='ocrx_word' id='word_1_558' title='bbox 2106 725 2469 798; x_wconf 81' lang='grc' dir='ltr'><strong>ὑπερέχοντας</strong></span> <span class='ocrx_word' id='word_1_559' title='bbox 2499 724 2646 777; x_wconf 81' lang='grc' dir='ltr'><strong>ἐστιν</strong></span> <span class='ocrx_word' id='word_1_560' title='bbox 2677 724 2835 786; x_wconf 86' lang='grc' dir='ltr'><strong>ίδεῖν;</strong></span> <span class='ocrx_word' id='word_1_561' title='bbox 2873 720 2937 773; x_wconf 90' lang='grc' dir='ltr'><strong>Τί</strong></span> <span class='ocrx_word' id='word_1_562' title='bbox 2961 719 3070 791; x_wconf 86' lang='grc' dir='ltr'><strong>γὰρ</strong></span> <span class='ocrx_word' id='word_1_563' title='bbox 3100 719 3282 780; x_wconf 83' lang='grc' dir='ltr'><strong>αὐτοῖς</strong></span> <span class='ocrx_word' id='word_1_564' title='bbox 3321 715 3515 787; x_wconf 85' lang='grc' dir='ltr'><strong>βλάϐος</strong></span> <span class='ocrx_word' id='word_1_565' title='bbox 3544 715 3653 769; x_wconf 80' lang='grc' dir='ltr'><strong>ἀπὸ</strong></span> <span class='ocrx_word' id='word_1_566' title='bbox 3672 714 3779 785; x_wconf 85' lang='grc' dir='ltr'><strong>τῆς</strong></span> 
     </span>
    </p>
   </div>
   <div class='ocr_carea' id='block_1_74' title="bbox 2104 804 3779 879">
    <p class='ocr_par' dir='ltr' id='par_1_74' title="bbox 2104 804 3779 879">
     <span class='ocr_line' id='line_1_74' title="bbox 2104 804 3779 879; baseline -0.002 -21"><span class='ocrx_word' id='word_1_567' title='bbox 2104 811 2245 863; x_wconf 83' lang='grc' dir='ltr'><strong>κατὰ</strong></span> <span class='ocrx_word' id='word_1_568' title='bbox 2269 810 2360 864; x_wconf 85' lang='grc' dir='ltr'><strong>τδν</strong></span> <span class='ocrx_word' id='word_1_569' title='bbox 2403 811 2560 879; x_wconf 83' lang='grc' dir='ltr'><strong>λόγον</strong></span> <span class='ocrx_word' id='word_1_570' title='bbox 2605 805 2869 868; x_wconf 78' lang='grc' dir='ltr'><strong>ἰδιωτείας</strong></span> <span class='ocrx_word' id='word_1_571' title='bbox 2907 807 3106 876; x_wconf 77' lang='grc' dir='ltr'><strong>γένοιτ’</strong></span> <span class='ocrx_word' id='word_1_572' title='bbox 3135 806 3223 869; x_wconf 85' lang='grc' dir='ltr'><strong>ἂν,</strong></span> <span class='ocrx_word' id='word_1_573' title='bbox 3254 806 3379 859; x_wconf 79' lang='grc' dir='ltr'><strong>ὅταν</strong></span> <span class='ocrx_word' id='word_1_574' title='bbox 3428 804 3496 857; x_wconf 82' lang='grc' dir='ltr'><strong>τά</strong></span> <span class='ocrx_word' id='word_1_575' title='bbox 3523 806 3779 875; x_wconf 79' lang='grc' dir='ltr'><strong>νοήματα</strong></span> 
     </span>
    </p>
   </div>
   <div class='ocr_carea' id='block_1_75' title="bbox 2101 892 3778 969">
    <p class='ocr_par' dir='ltr' id='par_1_75' title="bbox 2101 892 3778 969">
     <span class='ocr_line' id='line_1_75' title="bbox 2101 892 3778 969; baseline -0.004 -18"><span class='ocrx_word' id='word_1_576' title='bbox 2101 899 2284 962; x_wconf 83' lang='grc' dir='ltr'><strong>αὐτοῖς</strong></span> <span class='ocrx_word' id='word_1_577' title='bbox 2314 898 2517 969; x_wconf 83' lang='grc' dir='ltr'><strong>πολλῆς</strong></span> <span class='ocrx_word' id='word_1_578' title='bbox 2541 898 2688 969; x_wconf 83' lang='grc' dir='ltr'><strong>γέμῃ</strong></span> <span class='ocrx_word' id='word_1_579' title='bbox 2742 897 2965 966; x_wconf 77' lang='grc' dir='ltr'><strong>σοφίαςς</strong></span> <span class='ocrx_word' id='word_1_580' title='bbox 2993 897 3045 948; x_wconf 85' lang='grc' dir='ltr'><strong>τί</strong></span> <span class='ocrx_word' id='word_1_581' title='bbox 3090 895 3148 949; x_wconf 77' lang='grc' dir='ltr'><strong>δὲ</strong></span> <span class='ocrx_word' id='word_1_582' title='bbox 3195 894 3386 963; x_wconf 76' lang='grc' dir='ltr'><strong>ὄφελος</strong></span> <span class='ocrx_word' id='word_1_583' title='bbox 3418 895 3528 955; x_wconf 84' lang='grc' dir='ltr'><strong>τοῖς</strong></span> <span class='ocrx_word' id='word_1_584' title='bbox 3570 892 3778 958; x_wconf 76' lang='grc' dir='ltr'><strong>ἔξωθεν</strong></span> 
     </span>
    </p>
   </div>
   <div class='ocr_carea' id='block_1_76' title="bbox 2100 981 3776 1052">
    <p class='ocr_par' dir='ltr' id='par_1_76' title="bbox 2100 981 3776 1052">
     <span class='ocr_line' id='line_1_76' title="bbox 2100 981 3776 1052; baseline -0.004 -15"><span class='ocrx_word' id='word_1_585' title='bbox 2100 985 2208 1037; x_wconf 76' lang='grc' dir='ltr'><strong>ἀπὸ</strong></span> <span class='ocrx_word' id='word_1_586' title='bbox 2240 986 2338 1052; x_wconf 91' lang='grc' dir='ltr'><strong>τῆς</strong></span> <span class='ocrx_word' id='word_1_587' title='bbox 2359 985 2469 1038; x_wconf 87' lang='grc' dir='ltr'><strong>τῶν</strong></span> <span class='ocrx_word' id='word_1_588' title='bbox 2491 985 2663 1051; x_wconf 89' lang='grc' dir='ltr'><strong>λόγων</strong></span> <span class='ocrx_word' id='word_1_589' title='bbox 2691 983 3057 1046; x_wconf 84' lang='grc' dir='ltr'><strong>διδασκαλίας,</strong></span> <span class='ocrx_word' id='word_1_590' title='bbox 3109 983 3234 1035; x_wconf 81' lang='grc' dir='ltr'><strong>ὅταν</strong></span> <span class='ocrx_word' id='word_1_591' title='bbox 3265 982 3446 1051; x_wconf 85' lang='grc' dir='ltr'><strong>ἐρήμη</strong></span> <span class='ocrx_word' id='word_1_592' title='bbox 3476 981 3776 1050; x_wconf 81' lang='grc' dir='ltr'><strong>νοημάτων</strong></span> 
     </span>
    </p>
   </div>
   <div class='ocr_carea' id='block_1_77' title="bbox 2100 1067 3778 1145">
    <p class='ocr_par' dir='ltr' id='par_1_77' title="bbox 2100 1067 3778 1145">
     <span class='ocr_line' id='line_1_77' title="bbox 2100 1067 3778 1145; baseline -0.004 -20"><span class='ocrx_word' id='word_1_593' title='bbox 2100 1073 2132 1142; x_wconf 80' lang='grc' dir='ltr'>ἡ</span> <span class='ocrx_word' id='word_1_594' title='bbox 2167 1072 2374 1127; x_wconf 89' lang='grc' dir='ltr'><strong>διάνοια</strong></span> <span class='ocrx_word' id='word_1_595' title='bbox 2395 1068 2461 1145; x_wconf 73' lang='grc' dir='ltr'><strong>ᾗς</strong></span> <span class='ocrx_word' id='word_1_596' title='bbox 2515 1073 2727 1143; x_wconf 83' lang='grc' dir='ltr'><strong>Ὥσπερ</strong></span> <span class='ocrx_word' id='word_1_597' title='bbox 2754 1070 2820 1124; x_wconf 87' lang='grc' dir='ltr'><strong>ἂν</strong></span> <span class='ocrx_word' id='word_1_598' title='bbox 2858 1070 2913 1123; x_wconf 78' lang='grc' dir='ltr'><strong>εἴ</strong></span> <span class='ocrx_word' id='word_1_599' title='bbox 2941 1088 3026 1133; x_wconf 89' lang='grc' dir='ltr'><strong>τις</strong></span> <span class='ocrx_word' id='word_1_600' title='bbox 3061 1070 3335 1140; x_wconf 87' lang='grc' dir='ltr'><strong>μάχαιραν</strong></span> <span class='ocrx_word' id='word_1_601' title='bbox 3383 1067 3499 1137; x_wconf 78' lang='grc' dir='ltr'><strong>ἔχοι</strong></span> <span class='ocrx_word' id='word_1_602' title='bbox 3525 1068 3626 1136; x_wconf 78' lang='grc' dir='ltr'><strong>τὴν</strong></span> <span class='ocrx_word' id='word_1_603' title='bbox 3674 1068 3778 1134; x_wconf 77' lang='grc' dir='ltr'><strong>μὲν</strong></span> 
     </span>
    </p>
   </div>
   <div class='ocr_carea' id='block_1_78' title="bbox 2098 1153 3776 1231">
    <p class='ocr_par' dir='ltr' id='par_1_78' title="bbox 2098 1153 3776 1231">
     <span class='ocr_line' id='line_1_78' title="bbox 2098 1153 3776 1231; baseline -0.005 -19"><span class='ocrx_word' id='word_1_604' title='bbox 2098 1158 2269 1231; x_wconf 82' lang='grc' dir='ltr'><strong>λαϐὴν</strong></span> <span class='ocrx_word' id='word_1_605' title='bbox 2319 1158 2547 1227; x_wconf 73' lang='grc' dir='ltr'><strong>ἔχουσαν</strong></span> <span class='ocrx_word' id='word_1_606' title='bbox 2578 1159 2844 1230; x_wconf 79' lang='grc' dir='ltr'><strong>ἀργυρᾶν,</strong></span> <span class='ocrx_word' id='word_1_607' title='bbox 2878 1157 2940 1209; x_wconf 78' lang='grc' dir='ltr'><strong>τὸ</strong></span> <span class='ocrx_word' id='word_1_608' title='bbox 2970 1157 3025 1210; x_wconf 85' lang='grc' dir='ltr'><strong>δέ</strong></span> <span class='ocrx_word' id='word_1_609' title='bbox 3059 1157 3302 1226; x_wconf 84' lang='grc' dir='ltr'><strong>σιδήριον</strong></span> <span class='ocrx_word' id='word_1_610' title='bbox 3339 1153 3600 1224; x_wconf 81' lang='grc' dir='ltr'><strong>μολύϐδου</strong></span> <span class='ocrx_word' id='word_1_611' title='bbox 3626 1169 3776 1204; x_wconf 84' lang='grc' dir='ltr'><strong>παν-</strong></span> 
     </span>
    </p>
   </div>
   <div class='ocr_carea' id='block_1_79' title="bbox 2095 1237 3775 1316">
    <p class='ocr_par' dir='ltr' id='par_1_79' title="bbox 2095 1237 3775 1316">
     <span class='ocr_line' id='line_1_79' title="bbox 2095 1237 3775 1316; baseline -0.004 -18"><span class='ocrx_word' id='word_1_612' title='bbox 2095 1246 2189 1309; x_wconf 84' lang='grc' dir='ltr'><strong>τὸς</strong></span> <span class='ocrx_word' id='word_1_613' title='bbox 2215 1246 2619 1316; x_wconf 81' lang='grc' dir='ltr'><strong>ἀσθενέστερον·</strong></span> <span class='ocrx_word' id='word_1_614' title='bbox 2643 1248 2739 1298; x_wconf 77' lang='grc' dir='ltr'><strong>καὶ</strong></span> <span class='ocrx_word' id='word_1_615' title='bbox 2757 1244 2869 1315; x_wconf 84' lang='grc' dir='ltr'><strong>γὰρ</strong></span> <span class='ocrx_word' id='word_1_616' title='bbox 2897 1244 2992 1298; x_wconf 74' lang='grc' dir='ltr'><strong>καὶ</strong></span> <span class='ocrx_word' id='word_1_617' title='bbox 3020 1243 3229 1305; x_wconf 81' lang='grc' dir='ltr'><strong>τούτοις</strong></span> <span class='ocrx_word' id='word_1_618' title='bbox 3252 1242 3285 1312; x_wconf 85' lang='grc' dir='ltr'><strong>ή</strong></span> <span class='ocrx_word' id='word_1_619' title='bbox 3318 1242 3416 1313; x_wconf 79' lang='grc' dir='ltr'><strong>μὲν</strong></span> <span class='ocrx_word' id='word_1_620' title='bbox 3444 1240 3661 1309; x_wconf 88' lang='grc' dir='ltr'><strong>γλῶττα</strong></span> <span class='ocrx_word' id='word_1_621' title='bbox 3680 1237 3775 1291; x_wconf 55' lang='lat' dir='ltr'><strong>ea</strong></span> 
     </span>
    </p>
   </div>
   <div class='ocr_carea' id='block_1_80' title="bbox 2053 1325 3771 1403">
    <p class='ocr_par' dir='ltr' id='par_1_80' title="bbox 2053 1325 3771 1403">
     <span class='ocr_line' id='line_1_80' title="bbox 2053 1325 3771 1403; baseline -0.005 -15"><span class='ocrx_word' id='word_1_622' title='bbox 2053 1342 2058 1346; x_wconf 82' lang='grc'><em>’</em></span> <span class='ocrx_word' id='word_1_623' title='bbox 2099 1333 2359 1403; x_wconf 76' lang='grc' dir='ltr'><strong>ῥημάτων</strong></span> <span class='ocrx_word' id='word_1_624' title='bbox 2385 1333 2481 1385; x_wconf 72' lang='grc' dir='ltr'><strong>καὶ</strong></span> <span class='ocrx_word' id='word_1_625' title='bbox 2507 1331 2788 1403; x_wconf 83' lang='grc' dir='ltr'><strong>ὀνομάτων</strong></span> <span class='ocrx_word' id='word_1_626' title='bbox 2817 1331 2934 1384; x_wconf 72' lang='grc' dir='ltr'><strong>ἐστὶ</strong></span> <span class='ocrx_word' id='word_1_627' title='bbox 2955 1328 3462 1398; x_wconf 84' lang='grc' dir='ltr'><strong>κεκαλλωπισμένη,</strong></span> <span class='ocrx_word' id='word_1_628' title='bbox 3500 1328 3533 1396; x_wconf 86' lang='grc' dir='ltr'><strong>ή</strong></span> <span class='ocrx_word' id='word_1_629' title='bbox 3557 1325 3771 1380; x_wconf 76' lang='grc' dir='ltr'><strong>διάνοια</strong></span> 
     </span>
    </p>
   </div>
   <div class='ocr_carea' id='block_1_81' title="bbox 2095 1411 3779 1489">
    <p class='ocr_par' dir='ltr' id='par_1_81' title="bbox 2095 1411 3779 1489">
     <span class='ocr_line' id='line_1_81' title="bbox 2095 1411 3779 1489; baseline -0.005 -18"><span class='ocrx_word' id='word_1_630' title='bbox 2095 1419 2154 1471; x_wconf 83' lang='grc' dir='ltr'><strong>δὲ</strong></span> <span class='ocrx_word' id='word_1_631' title='bbox 2188 1419 2389 1488; x_wconf 81' lang='grc' dir='ltr'><strong>πολλῆς</strong></span> <span class='ocrx_word' id='word_1_632' title='bbox 2417 1419 2577 1489; x_wconf 87' lang='grc' dir='ltr'><strong>γέμει</strong></span> <span class='ocrx_word' id='word_1_633' title='bbox 2610 1418 2711 1487; x_wconf 81' lang='grc' dir='ltr'><strong>τῆς</strong></span> <span class='ocrx_word' id='word_1_634' title='bbox 2741 1416 3041 1482; x_wconf 86' lang='grc' dir='ltr'><strong>ἀσθενείας,</strong></span> <span class='ocrx_word' id='word_1_635' title='bbox 3065 1414 3315 1484; x_wconf 73' lang='grc' dir='ltr'><strong>καὶπρὸς</strong></span> <span class='ocrx_word' id='word_1_636' title='bbox 3343 1413 3554 1467; x_wconf 82' lang='grc' dir='ltr'><strong>ᾶπαντα</strong></span> <span class='ocrx_word' id='word_1_637' title='bbox 3570 1411 3779 1473; x_wconf 85' lang='grc' dir='ltr'><strong>αὐτοῖς,</strong></span> 
     </span>
    </p>
   </div>
   <div class='ocr_carea' id='block_1_82' title="bbox 2098 1499 3770 1577">
    <p class='ocr_par' dir='ltr' id='par_1_82' title="bbox 2098 1499 3770 1577">
     <span class='ocr_line' id='line_1_82' title="bbox 2098 1499 3770 1577; baseline -0.004 -18"><span class='ocrx_word' id='word_1_638' title='bbox 2098 1508 2245 1559; x_wconf 84' lang='grc' dir='ltr'><strong>ἐστιν</strong></span> <span class='ocrx_word' id='word_1_639' title='bbox 2266 1507 2554 1577; x_wconf 66' lang='grc' dir='ltr'><strong>ἄχρηστος</strong></span> <span class='ocrx_word' id='word_1_640' title='bbox 2589 1504 2726 1559; x_wconf 88' lang='grc' dir='ltr'><strong>ἀλλά</strong></span> <span class='ocrx_word' id='word_1_641' title='bbox 2757 1505 2878 1574; x_wconf 77' lang='grc' dir='ltr'><strong>οὐχὶ</strong></span> <span class='ocrx_word' id='word_1_642' title='bbox 2902 1503 3009 1556; x_wconf 87' lang='grc' dir='ltr'><strong>τῶν</strong></span> <span class='ocrx_word' id='word_1_643' title='bbox 3045 1501 3349 1572; x_wconf 84' lang='grc' dir='ltr'><strong>φιλοσόφων</strong></span> <span class='ocrx_word' id='word_1_644' title='bbox 3371 1499 3598 1562; x_wconf 88' lang='grc' dir='ltr'><strong>τούτων,</strong></span> <span class='ocrx_word' id='word_1_645' title='bbox 3632 1499 3770 1553; x_wconf 82' lang='grc' dir='ltr'><strong>ἀλλά</strong></span> 
     </span>
    </p>
   </div>
   <div class='ocr_carea' id='block_1_83' title="bbox 2096 1588 3769 1663">
    <p class='ocr_par' dir='ltr' id='par_1_83' title="bbox 2096 1588 3769 1663">
     <span class='ocr_line' id='line_1_83' title="bbox 2096 1588 3769 1663; baseline -0.004 -16"><span class='ocrx_word' id='word_1_646' title='bbox 2096 1594 2406 1649; x_wconf 81' lang='grc' dir='ltr'><strong>τούναντίον</strong></span> <span class='ocrx_word' id='word_1_647' title='bbox 2456 1594 2625 1658; x_wconf 78' lang='grc' dir='ltr'><strong>ἅπαν,</strong></span> <span class='ocrx_word' id='word_1_648' title='bbox 2658 1593 2859 1663; x_wconf 81' lang='grc' dir='ltr'><strong>πολλῆς</strong></span> <span class='ocrx_word' id='word_1_649' title='bbox 2903 1594 3085 1654; x_wconf 82' lang='grc' dir='ltr'><strong>αὐτοῖς</strong></span> <span class='ocrx_word' id='word_1_650' title='bbox 3115 1591 3147 1661; x_wconf 83' lang='grc' dir='ltr'><strong>ἡ</strong></span> <span class='ocrx_word' id='word_1_651' title='bbox 3178 1590 3386 1643; x_wconf 88' lang='grc' dir='ltr'><strong>διάνοια</strong></span> <span class='ocrx_word' id='word_1_652' title='bbox 3434 1588 3595 1659; x_wconf 80' lang='grc' dir='ltr'><strong>γέμει</strong></span> <span class='ocrx_word' id='word_1_653' title='bbox 3622 1588 3769 1656; x_wconf 86' lang='grc' dir='ltr'><strong>φιλο-</strong></span> 
     </span>
    </p>
   </div>
   <div class='ocr_carea' id='block_1_84' title="bbox 2102 1676 3764 1753">
    <p class='ocr_par' dir='ltr' id='par_1_84' title="bbox 2102 1676 3764 1753">
     <span class='ocr_line' id='line_1_84' title="bbox 2102 1676 3764 1753; baseline -0.004 -19"><span class='ocrx_word' id='word_1_654' title='bbox 2102 1681 2291 1750; x_wconf 85' lang='grc' dir='ltr'><strong>σοφίας</strong></span> <span class='ocrx_word' id='word_1_655' title='bbox 2322 1681 2346 1719; x_wconf 72' lang='grc' dir='ltr'>ἀ</span> <span class='ocrx_word' id='word_1_656' title='bbox 2378 1681 2776 1753; x_wconf 81' lang='grc' dir='ltr'><strong>πνευματικῆς,</strong></span> <span class='ocrx_word' id='word_1_657' title='bbox 2806 1681 2899 1732; x_wconf 71' lang='grc' dir='ltr'><strong>καὶ</strong></span> <span class='ocrx_word' id='word_1_658' title='bbox 2921 1681 2950 1732; x_wconf 92' lang='lat'><strong>6</strong></span> <span class='ocrx_word' id='word_1_659' title='bbox 2985 1678 3096 1749; x_wconf 88' lang='grc' dir='ltr'><strong>βίος</strong></span> <span class='ocrx_word' id='word_1_660' title='bbox 3122 1677 3190 1730; x_wconf 88' lang='grc' dir='ltr'><strong>τά</strong></span> <span class='ocrx_word' id='word_1_661' title='bbox 3221 1676 3469 1746; x_wconf 79' lang='grc' dir='ltr'><strong>δόγματα</strong></span> <span class='ocrx_word' id='word_1_662' title='bbox 3496 1677 3764 1745; x_wconf 86' lang='grc' dir='ltr'><strong>μιμεῖται.</strong></span> 
     </span>
    </p>
   </div>
   <div class='ocr_carea' id='block_1_85' title="bbox 2096 1761 3769 1840">
    <p class='ocr_par' dir='ltr' id='par_1_85' title="bbox 2096 1761 3769 1840">
     <span class='ocr_line' id='line_1_85' title="bbox 2096 1761 3769 1840; baseline -0.004 -19"><span class='ocrx_word' id='word_1_663' title='bbox 2096 1768 2254 1840; x_wconf 88' lang='grc' dir='ltr'><strong>Παρά</strong></span> <span class='ocrx_word' id='word_1_664' title='bbox 2268 1769 2478 1832; x_wconf 87' lang='grc' dir='ltr'><strong>τούτοις</strong></span> <span class='ocrx_word' id='word_1_665' title='bbox 2494 1770 2593 1822; x_wconf 88' lang='grc' dir='ltr'><strong>οὐκ</strong></span> <span class='ocrx_word' id='word_1_666' title='bbox 2608 1768 2716 1822; x_wconf 79' lang='grc' dir='ltr'><strong>εἰσὶ</strong></span> <span class='ocrx_word' id='word_1_667' title='bbox 2725 1770 2979 1836; x_wconf 89' lang='grc' dir='ltr'><strong>γυναῖκες</strong></span> <span class='ocrx_word' id='word_1_668' title='bbox 2997 1761 3517 1838; x_wconf 82' lang='grc' dir='ltr'><strong>θρυπτόμεναι,οὐδὲ</strong></span> <span class='ocrx_word' id='word_1_669' title='bbox 3538 1764 3553 1814; x_wconf 91' lang='grc' dir='ltr'><strong>ί</strong></span> <span class='ocrx_word' id='word_1_670' title='bbox 3560 1763 3769 1832; x_wconf 85' lang='grc' dir='ltr'><strong>ματίων</strong></span> 
     </span>
    </p>
   </div>
   <div class='ocr_carea' id='block_1_86' title="bbox 2096 1852 3771 1928">
    <p class='ocr_par' dir='ltr' id='par_1_86' title="bbox 2096 1852 3771 1928">
     <span class='ocr_line' id='line_1_86' title="bbox 2096 1852 3771 1928; baseline -0.002 -19"><span class='ocrx_word' id='word_1_671' title='bbox 2096 1857 2503 1928; x_wconf 73' lang='grc' dir='ltr'><strong>καλλωπισμὸς,</strong></span> <span class='ocrx_word' id='word_1_672' title='bbox 2538 1857 2659 1911; x_wconf 89' lang='grc' dir='ltr'><strong>οὑδέ</strong></span> <span class='ocrx_word' id='word_1_673' title='bbox 2686 1857 3066 1927; x_wconf 81' lang='grc' dir='ltr'><strong>ἐπιτρίμματα</strong></span> <span class='ocrx_word' id='word_1_674' title='bbox 3110 1855 3206 1908; x_wconf 71' lang='grc' dir='ltr'><strong>καὶ</strong></span> <span class='ocrx_word' id='word_1_675' title='bbox 3247 1853 3591 1923; x_wconf 81' lang='grc' dir='ltr'><strong>ὑπογραφαὶ,</strong></span> <span class='ocrx_word' id='word_1_676' title='bbox 3632 1852 3771 1906; x_wconf 79' lang='grc' dir='ltr'><strong>ἀλλά</strong></span> 
     </span>
    </p>
   </div>
   <div class='ocr_carea' id='block_1_87' title="bbox 2094 1938 3772 2015">
    <p class='ocr_par' dir='ltr' id='par_1_87' title="bbox 2094 1938 3772 2015">
     <span class='ocr_line' id='line_1_87' title="bbox 2094 1938 3772 2015; baseline -0.003 -19"><span class='ocrx_word' id='word_1_677' title='bbox 2094 1946 2243 1997; x_wconf 80' lang='grc' dir='ltr'><strong>πᾶσα</strong></span> <span class='ocrx_word' id='word_1_678' title='bbox 2273 1943 2498 2015; x_wconf 83' lang='grc' dir='ltr'><strong>τοιαύτη</strong></span> <span class='ocrx_word' id='word_1_679' title='bbox 2545 1944 2810 2015; x_wconf 84' lang='grc' dir='ltr'><strong>διαφθορά</strong></span> <span class='ocrx_word' id='word_1_680' title='bbox 2862 1943 3078 2014; x_wconf 86' lang='grc' dir='ltr'><strong>τρόπων</strong></span> <span class='ocrx_word' id='word_1_681' title='bbox 3113 1940 3472 2010; x_wconf 79' lang='grc' dir='ltr'><strong>ἀπελήλαται·</strong></span> <span class='ocrx_word' id='word_1_682' title='bbox 3503 1938 3629 1992; x_wconf 82' lang='grc' dir='ltr'><strong>ὅθεν</strong></span> <span class='ocrx_word' id='word_1_683' title='bbox 3675 1939 3772 1993; x_wconf 77' lang='grc' dir='ltr'><strong>καὶ</strong></span> 
     </span>
    </p>
   </div>
   <div class='ocr_carea' id='block_1_88' title="bbox 2095 2028 3772 2105">
    <p class='ocr_par' dir='ltr' id='par_1_88' title="bbox 2095 2028 3772 2105">
     <span class='ocr_line' id='line_1_88' title="bbox 2095 2028 3772 2105; baseline -0.004 -21"><span class='ocrx_word' id='word_1_684' title='bbox 2095 2032 2456 2105; x_wconf 85' lang='grc' dir='ltr'><strong>εὐκολώτερον</strong></span> <span class='ocrx_word' id='word_1_685' title='bbox 2477 2033 2568 2086; x_wconf 77' lang='grc' dir='ltr'><strong>τὸν</strong></span> <span class='ocrx_word' id='word_1_686' title='bbox 2600 2030 3036 2101; x_wconf 79' lang='grc' dir='ltr'><strong>ὑποτεταγμένον</strong></span> <span class='ocrx_word' id='word_1_687' title='bbox 3062 2029 3245 2092; x_wconf 88' lang='grc' dir='ltr'><strong>αὐτοῖς</strong></span> <span class='ocrx_word' id='word_1_688' title='bbox 3268 2028 3437 2099; x_wconf 87' lang='grc' dir='ltr'><strong>δῆμον</strong></span> <span class='ocrx_word' id='word_1_689' title='bbox 3464 2028 3546 2090; x_wconf 87' lang='grc' dir='ltr'><strong>είς</strong></span> <span class='ocrx_word' id='word_1_690' title='bbox 3557 2043 3772 2096; x_wconf 88' lang='grc' dir='ltr'><strong>σωφρο-</strong></span> 
     </span>
    </p>
   </div>
   <div class='ocr_carea' id='block_1_89' title="bbox 2096 2113 3773 2191">
    <p class='ocr_par' dir='ltr' id='par_1_89' title="bbox 2096 2113 3773 2191">
     <span class='ocr_line' id='line_1_89' title="bbox 2096 2113 3773 2191; baseline -0.004 -19"><span class='ocrx_word' id='word_1_691' title='bbox 2096 2120 2262 2191; x_wconf 83' lang='grc' dir='ltr'><strong>σύνην</strong></span> <span class='ocrx_word' id='word_1_692' title='bbox 2283 2121 2499 2190; x_wconf 82' lang='grc' dir='ltr'><strong>ἄγουσι,</strong></span> <span class='ocrx_word' id='word_1_693' title='bbox 2531 2121 2624 2174; x_wconf 74' lang='grc' dir='ltr'><strong>καὶ</strong></span> <span class='ocrx_word' id='word_1_694' title='bbox 2658 2120 2749 2173; x_wconf 76' lang='grc' dir='ltr'><strong>τὸν</strong></span> <span class='ocrx_word' id='word_1_695' title='bbox 2768 2119 2861 2172; x_wconf 89' lang='grc' dir='ltr'><strong>τοῦ</strong></span> <span class='ocrx_word' id='word_1_696' title='bbox 2888 2117 3099 2171; x_wconf 81' lang='grc' dir='ltr'><strong>Παύλου</strong></span> <span class='ocrx_word' id='word_1_697' title='bbox 3129 2118 3311 2186; x_wconf 90' lang='grc' dir='ltr'><strong>νόμον,</strong></span> <span class='ocrx_word' id='word_1_698' title='bbox 3338 2116 3429 2168; x_wconf 83' lang='grc' dir='ltr'><strong>τὸν</strong></span> <span class='ocrx_word' id='word_1_699' title='bbox 3472 2113 3773 2168; x_wconf 83' lang='grc' dir='ltr'><strong>κελεύοντα</strong></span> 
     </span>
    </p>
   </div>
   <div class='ocr_carea' id='block_1_90' title="bbox 2094 2201 3771 2278">
    <p class='ocr_par' dir='ltr' id='par_1_90' title="bbox 2094 2201 3771 2278">
     <span class='ocr_line' id='line_1_90' title="bbox 2094 2201 3771 2278; baseline -0.004 -19"><span class='ocrx_word' id='word_1_700' title='bbox 2094 2207 2461 2278; x_wconf 86' lang='grc' dir='ltr'><strong>σκεπάσματα</strong></span> <span class='ocrx_word' id='word_1_701' title='bbox 2488 2206 2635 2278; x_wconf 78' lang='grc' dir='ltr'><strong>ἐχειν</strong></span> <span class='ocrx_word' id='word_1_702' title='bbox 2656 2206 2751 2261; x_wconf 75' lang='grc' dir='ltr'><strong>καὶ</strong></span> <span class='ocrx_word' id='word_1_703' title='bbox 2779 2204 3098 2275; x_wconf 83' lang='grc' dir='ltr'><strong>διατροφὰς,</strong></span> <span class='ocrx_word' id='word_1_704' title='bbox 3127 2204 3222 2258; x_wconf 75' lang='grc' dir='ltr'><strong>καὶ</strong></span> <span class='ocrx_word' id='word_1_705' title='bbox 3263 2203 3429 2274; x_wconf 82' lang='grc' dir='ltr'><strong>μηδὲν</strong></span> <span class='ocrx_word' id='word_1_706' title='bbox 3468 2201 3629 2257; x_wconf 82' lang='grc' dir='ltr'><strong>πλέον</strong></span> <span class='ocrx_word' id='word_1_707' title='bbox 3648 2203 3771 2254; x_wconf 74' lang='grc' dir='ltr'><strong>ἐπι-</strong></span> 
     </span>
    </p>
   </div>
   <div class='ocr_carea' id='block_1_91' title="bbox 2060 2288 3778 2366">
    <p class='ocr_par' dir='ltr' id='par_1_91' title="bbox 2060 2288 3778 2366">
     <span class='ocr_line' id='line_1_91' title="bbox 2060 2288 3778 2366; baseline 0.006 -32"><span class='ocrx_word' id='word_1_708' title='bbox 2060 2292 2296 2365; x_wconf 78' lang='grc' dir='ltr'><strong>.ζητεῑν,</strong></span> <span class='ocrx_word' id='word_1_709' title='bbox 2333 2295 2472 2366; x_wconf 81' lang='grc' dir='ltr'><strong>μετὰ</strong></span> <span class='ocrx_word' id='word_1_710' title='bbox 2503 2294 2709 2366; x_wconf 85' lang='grc' dir='ltr'><strong>πολλῆς</strong></span> <span class='ocrx_word' id='word_1_711' title='bbox 2749 2293 3078 2359; x_wconf 86' lang='grc' dir='ltr'><strong>φυλάττουσι</strong></span> <span class='ocrx_word' id='word_1_712' title='bbox 3119 2292 3217 2362; x_wconf 78' lang='grc' dir='ltr'><strong>τῆς</strong></span> <span class='ocrx_word' id='word_1_713' title='bbox 3244 2289 3549 2361; x_wconf 87' lang='grc' dir='ltr'><strong>ἀκριϐείας.</strong></span> <span class='ocrx_word' id='word_1_714' title='bbox 3607 2288 3778 2361; x_wconf 74' lang='grc' dir='ltr'><strong>Παρὰ</strong></span> 
     </span>
    </p>
   </div>
   <div class='ocr_carea' id='block_1_92' title="bbox 2091 2376 3774 2453">
    <p class='ocr_par' dir='ltr' id='par_1_92' title="bbox 2091 2376 3774 2453">
     <span class='ocr_line' id='line_1_92' title="bbox 2091 2376 3774 2453; baseline -0.005 -17"><span class='ocrx_word' id='word_1_715' title='bbox 2091 2383 2299 2448; x_wconf 87' lang='grc' dir='ltr'><strong>τούτοις</strong></span> <span class='ocrx_word' id='word_1_716' title='bbox 2325 2385 2424 2437; x_wconf 87' lang='grc' dir='ltr'><strong>οὐκ</strong></span> <span class='ocrx_word' id='word_1_717' title='bbox 2475 2383 2620 2438; x_wconf 77' lang='grc' dir='ltr'><strong>ἐστιν</strong></span> <span class='ocrx_word' id='word_1_718' title='bbox 2664 2382 2858 2453; x_wconf 79' lang='grc' dir='ltr'><strong>ἀλοιφὴ</strong></span> <span class='ocrx_word' id='word_1_719' title='bbox 2896 2380 3084 2453; x_wconf 87' lang='grc' dir='ltr'><strong>μύρων</strong></span> <span class='ocrx_word' id='word_1_720' title='bbox 3135 2378 3616 2450; x_wconf 89' lang='grc' dir='ltr'><strong>καταγοητεύουσα</strong></span> <span class='ocrx_word' id='word_1_721' title='bbox 3667 2376 3774 2447; x_wconf 74' lang='grc' dir='ltr'><strong>τὴν</strong></span> 
     </span>
    </p>
   </div>
   <div class='ocr_carea' id='block_1_93' title="bbox 2089 2463 3772 2544">
    <p class='ocr_par' dir='ltr' id='par_1_93' title="bbox 2089 2463 3772 2544">
     <span class='ocr_line' id='line_1_93' title="bbox 2089 2463 3772 2544; baseline -0.005 -20"><span class='ocrx_word' id='word_1_722' title='bbox 2089 2470 2347 2536; x_wconf 88' lang='grc' dir='ltr'><strong>διάνοιαν,</strong></span> <span class='ocrx_word' id='word_1_723' title='bbox 2379 2472 2496 2525; x_wconf 79' lang='grc' dir='ltr'><strong>ἀλλ’</strong></span> <span class='ocrx_word' id='word_1_724' title='bbox 2523 2474 2555 2544; x_wconf 85' lang='grc' dir='ltr'><strong>ή</strong></span> <span class='ocrx_word' id='word_1_725' title='bbox 2582 2472 2653 2543; x_wconf 92' lang='grc' dir='ltr'><strong>γῆ</strong></span> <span class='ocrx_word' id='word_1_726' title='bbox 2678 2470 2909 2542; x_wconf 86' lang='grc' dir='ltr'><strong>βοτάνας</strong></span> <span class='ocrx_word' id='word_1_727' title='bbox 2937 2470 3250 2541; x_wconf 80' lang='grc' dir='ltr'><strong>ἐκφέρουσα</strong></span> <span class='ocrx_word' id='word_1_728' title='bbox 3277 2466 3480 2529; x_wconf 75' lang='grc' dir='ltr'><strong>παντὸς</strong></span> <span class='ocrx_word' id='word_1_729' title='bbox 3520 2463 3772 2536; x_wconf 72' lang='grc' dir='ltr'><strong>μυρεψοῦ</strong></span> 
     </span>
    </p>
   </div>
   <div class='ocr_carea' id='block_1_94' title="bbox 2092 2552 3775 2631">
    <p class='ocr_par' dir='ltr' id='par_1_94' title="bbox 2092 2552 3775 2631">
     <span class='ocr_line' id='line_1_94' title="bbox 2092 2552 3775 2631; baseline -0.004 -20"><span class='ocrx_word' id='word_1_730' title='bbox 2092 2558 2399 2631; x_wconf 87' lang='grc' dir='ltr'><strong>σοφώτερον</strong></span> <span class='ocrx_word' id='word_1_731' title='bbox 2415 2561 2597 2624; x_wconf 83' lang='grc' dir='ltr'><strong>αὐτοῖς</strong></span> <span class='ocrx_word' id='word_1_732' title='bbox 2622 2557 3025 2623; x_wconf 80' lang='grc' dir='ltr'><strong>κατασκευάζει</strong></span> <span class='ocrx_word' id='word_1_733' title='bbox 3057 2558 3155 2628; x_wconf 84' lang='grc' dir='ltr'><strong>τὴν</strong></span> <span class='ocrx_word' id='word_1_734' title='bbox 3186 2555 3437 2625; x_wconf 83' lang='grc' dir='ltr'><strong>ποικίλην</strong></span> <span class='ocrx_word' id='word_1_735' title='bbox 3464 2553 3572 2606; x_wconf 88' lang='grc' dir='ltr'><strong>τῶν</strong></span> <span class='ocrx_word' id='word_1_736' title='bbox 3586 2552 3775 2606; x_wconf 82' lang='grc' dir='ltr'><strong>ἀνθῶν</strong></span> 
     </span>
    </p>
   </div>
   <div class='ocr_carea' id='block_1_95' title="bbox 2089 2640 3777 2714">
    <p class='ocr_par' dir='ltr' id='par_1_95' title="bbox 2089 2640 3777 2714">
     <span class='ocr_line' id='line_1_95' title="bbox 2089 2640 3777 2714; baseline -0.004 -16"><span class='ocrx_word' id='word_1_737' title='bbox 2089 2646 2341 2700; x_wconf 87' lang='grc' dir='ltr'><strong>εὐωδίαν.</strong></span> <span class='ocrx_word' id='word_1_738' title='bbox 2370 2647 2471 2700; x_wconf 91' lang='grc' dir='ltr'><strong>Διά</strong></span> <span class='ocrx_word' id='word_1_739' title='bbox 2494 2646 2653 2700; x_wconf 89' lang='grc' dir='ltr'><strong>τοῦτο</strong></span> <span class='ocrx_word' id='word_1_740' title='bbox 2687 2648 2871 2711; x_wconf 86' lang='grc' dir='ltr'><strong>αὐτοῖς</strong></span> <span class='ocrx_word' id='word_1_741' title='bbox 2909 2648 3004 2701; x_wconf 71' lang='grc' dir='ltr'><strong>καὶ</strong></span> <span class='ocrx_word' id='word_1_742' title='bbox 3029 2645 3102 2699; x_wconf 89' lang='grc' dir='ltr'><strong>τά</strong></span> <span class='ocrx_word' id='word_1_743' title='bbox 3134 2643 3361 2714; x_wconf 86' lang='grc' dir='ltr'><strong>σώματα</strong></span> <span class='ocrx_word' id='word_1_744' title='bbox 3389 2640 3599 2710; x_wconf 84' lang='grc' dir='ltr'><strong>ὑγιείας</strong></span> <span class='ocrx_word' id='word_1_745' title='bbox 3626 2640 3777 2693; x_wconf 89' lang='grc' dir='ltr'><strong>ἀπο-</strong></span> 
     </span>
    </p>
   </div>
   <div class='ocr_carea' id='block_1_96' title="bbox 2088 2724 3779 2805">
    <p class='ocr_par' dir='ltr' id='par_1_96' title="bbox 2088 2724 3779 2805">
     <span class='ocr_line' id='line_1_96' title="bbox 2088 2724 3779 2805; baseline 0.009 -20"><span class='ocrx_word' id='word_1_746' title='bbox 2088 2731 2242 2786; x_wconf 92' lang='grc' dir='ltr'><strong>λαύει</strong></span> <span class='ocrx_word' id='word_1_747' title='bbox 2275 2733 2524 2805; x_wconf 75' lang='grc' dir='ltr'><strong>καθαρᾶς</strong></span> <span class='ocrx_word' id='word_1_748' title='bbox 2559 2736 2696 2805; x_wconf 81' lang='grc' dir='ltr'><strong>μετά</strong></span> <span class='ocrx_word' id='word_1_749' title='bbox 2727 2735 2828 2804; x_wconf 91' lang='grc' dir='ltr'><strong>τῆς</strong></span> <span class='ocrx_word' id='word_1_750' title='bbox 2878 2733 3080 2804; x_wconf 73' lang='grc' dir='ltr'><strong>ψυχῆς,</strong></span> <span class='ocrx_word' id='word_1_751' title='bbox 3118 2731 3307 2802; x_wconf 74' lang='grc' dir='ltr'><strong>ἐπειδὴ</strong></span> <span class='ocrx_word' id='word_1_752' title='bbox 3346 2731 3524 2783; x_wconf 67' lang='grc' dir='ltr'>πᾶσαν</span> <span class='ocrx_word' id='word_1_753' title='bbox 3551 2724 3779 2798; x_wconf 70' lang='grc' dir='ltr'><strong>τρυφὴν</strong></span> 
     </span>
    </p>
   </div>
   <div class='ocr_carea' id='block_1_97' title="bbox 2089 2815 3772 2892">
    <p class='ocr_par' dir='ltr' id='par_1_97' title="bbox 2089 2815 3772 2892">
     <span class='ocr_line' id='line_1_97' title="bbox 2089 2815 3772 2892; baseline -0.005 -18"><span class='ocrx_word' id='word_1_754' title='bbox 2089 2821 2377 2892; x_wconf 88' lang='grc' dir='ltr'><strong>ἀπήλασαν</strong></span> <span class='ocrx_word' id='word_1_755' title='bbox 2425 2822 2522 2875; x_wconf 78' lang='grc' dir='ltr'><strong>καὶ</strong></span> <span class='ocrx_word' id='word_1_756' title='bbox 2545 2821 2614 2875; x_wconf 90' lang='grc' dir='ltr'><strong>τά</strong></span> <span class='ocrx_word' id='word_1_757' title='bbox 2646 2820 2860 2892; x_wconf 88' lang='grc' dir='ltr'><strong>πονηρά</strong></span> <span class='ocrx_word' id='word_1_758' title='bbox 2888 2821 2987 2891; x_wconf 89' lang='grc' dir='ltr'><strong>τῆς</strong></span> <span class='ocrx_word' id='word_1_759' title='bbox 3026 2818 3196 2890; x_wconf 80' lang='grc' dir='ltr'><strong>μέθης</strong></span> <span class='ocrx_word' id='word_1_760' title='bbox 3220 2817 3470 2882; x_wconf 79' lang='grc' dir='ltr'><strong>ἐξέϐαλον</strong></span> <span class='ocrx_word' id='word_1_761' title='bbox 3494 2815 3772 2886; x_wconf 78' lang='grc' dir='ltr'><strong>ῥεύματα,</strong></span> 
     </span>
    </p>
   </div>
   <div class='ocr_carea' id='block_1_98' title="bbox 2088 2903 3778 2978">
    <p class='ocr_par' dir='ltr' id='par_1_98' title="bbox 2088 2903 3778 2978">
     <span class='ocr_line' id='line_1_98' title="bbox 2088 2903 3778 2978; baseline -0.007 -14"><span class='ocrx_word' id='word_1_762' title='bbox 2088 2911 2183 2964; x_wconf 78' lang='grc' dir='ltr'><strong>καὶ</strong></span> <span class='ocrx_word' id='word_1_763' title='bbox 2214 2911 2465 2965; x_wconf 90' lang='grc' dir='ltr'><strong>τοσοῦτον</strong></span> <span class='ocrx_word' id='word_1_764' title='bbox 2502 2909 2795 2973; x_wconf 86' lang='grc' dir='ltr'><strong>ἐσθίουσιν,</strong></span> <span class='ocrx_word' id='word_1_765' title='bbox 2836 2911 2958 2963; x_wconf 86' lang='grc' dir='ltr'><strong>ὅσον</strong></span> <span class='ocrx_word' id='word_1_766' title='bbox 2990 2907 3221 2978; x_wconf 79' lang='grc' dir='ltr'><strong>ἀποζῇν.</strong></span> <span class='ocrx_word' id='word_1_767' title='bbox 3275 2904 3424 2978; x_wconf 78' lang='grc'><strong>[191]</strong></span> <span class='ocrx_word' id='word_1_768' title='bbox 3453 2905 3550 2975; x_wconf 77' lang='grc' dir='ltr'><strong>Μὴ</strong></span> <span class='ocrx_word' id='word_1_769' title='bbox 3583 2903 3778 2956; x_wconf 78' lang='grc' dir='ltr'><strong>τοίνυν</strong></span> 
     </span>
    </p>
   </div>
   <div class='ocr_carea' id='block_1_99' title="bbox 2088 2990 3772 3069">
    <p class='ocr_par' dir='ltr' id='par_1_99' title="bbox 2088 2990 3772 3069">
     <span class='ocr_line' id='line_1_99' title="bbox 2088 2990 3772 3069; baseline -0.006 -17"><span class='ocrx_word' id='word_1_770' title='bbox 2088 2999 2198 3053; x_wconf 85' lang='grc' dir='ltr'><strong>ἀπὸ</strong></span> <span class='ocrx_word' id='word_1_771' title='bbox 2225 2999 2320 3052; x_wconf 90' lang='grc' dir='ltr'><strong>τοῦ</strong></span> <span class='ocrx_word' id='word_1_772' title='bbox 2352 3001 2632 3069; x_wconf 87' lang='grc' dir='ltr'><strong>σχήματος</strong></span> <span class='ocrx_word' id='word_1_773' title='bbox 2653 2997 2837 3051; x_wconf 87' lang='grc' dir='ltr'><strong>αὐτῶν</strong></span> <span class='ocrx_word' id='word_1_774' title='bbox 2884 2994 3338 3066; x_wconf 84' lang='grc' dir='ltr'><strong>καταφρονῶμεν,</strong></span> <span class='ocrx_word' id='word_1_775' title='bbox 3360 2992 3496 3046; x_wconf 87' lang='grc' dir='ltr'><strong>ἀλλά</strong></span> <span class='ocrx_word' id='word_1_776' title='bbox 3526 2992 3629 3061; x_wconf 85' lang='grc' dir='ltr'><strong>τὴν</strong></span> <span class='ocrx_word' id='word_1_777' title='bbox 3656 2990 3772 3043; x_wconf 72' lang='grc' dir='ltr'><strong>διά-</strong></span> 
     </span>
    </p>
   </div>
   <div class='ocr_carea' id='block_1_100' title="bbox 2076 3077 3774 3156">
    <p class='ocr_par' dir='ltr' id='par_1_100' title="bbox 2076 3077 3774 3156">
     <span class='ocr_line' id='line_1_100' title="bbox 2076 3077 3774 3156; baseline -0.003 -21"><span class='ocrx_word' id='word_1_778' title='bbox 2076 3101 2237 3140; x_wconf 76' lang='grc' dir='ltr'><strong>νοιαν</strong></span> <span class='ocrx_word' id='word_1_779' title='bbox 2266 3086 2446 3139; x_wconf 88' lang='grc' dir='ltr'><strong>αὐτῶν</strong></span> <span class='ocrx_word' id='word_1_780' title='bbox 2474 3086 2865 3156; x_wconf 84' lang='grc' dir='ltr'><strong>θαυμάζωμεν.</strong></span> <span class='ocrx_word' id='word_1_781' title='bbox 2903 3085 2968 3137; x_wconf 91' lang='grc' dir='ltr'><strong>Τί</strong></span> <span class='ocrx_word' id='word_1_782' title='bbox 3020 3085 3129 3156; x_wconf 85' lang='grc' dir='ltr'><strong>γὰρ</strong></span> <span class='ocrx_word' id='word_1_783' title='bbox 3179 3081 3370 3152; x_wconf 76' lang='grc' dir='ltr'><strong>ϐφελος</strong></span> <span class='ocrx_word' id='word_1_784' title='bbox 3416 3081 3515 3151; x_wconf 83' lang='grc' dir='ltr'><strong>τῆς</strong></span> <span class='ocrx_word' id='word_1_785' title='bbox 3562 3077 3774 3144; x_wconf 75' lang='grc' dir='ltr'><strong>ἔξωθεν</strong></span> 
     </span>
    </p>
   </div>
   <div class='ocr_carea' id='block_1_101' title="bbox 2089 3163 3772 3244">
    <p class='ocr_par' dir='ltr' id='par_1_101' title="bbox 2089 3163 3772 3244">
     <span class='ocr_line' id='line_1_101' title="bbox 2089 3163 3772 3244; baseline -0.007 -17"><span class='ocrx_word' id='word_1_786' title='bbox 2089 3170 2406 3244; x_wconf 86' lang='grc' dir='ltr'><strong>περιϐολῆς,</strong></span> <span class='ocrx_word' id='word_1_787' title='bbox 2435 3172 2563 3225; x_wconf 83' lang='grc' dir='ltr'><strong>ὅταν</strong></span> <span class='ocrx_word' id='word_1_788' title='bbox 2603 3174 2635 3242; x_wconf 85' lang='grc' dir='ltr'><strong>ή</strong></span> <span class='ocrx_word' id='word_1_789' title='bbox 2665 3171 2811 3244; x_wconf 79' lang='grc' dir='ltr'><strong>ψυχὴ</strong></span> <span class='ocrx_word' id='word_1_790' title='bbox 2861 3170 3161 3240; x_wconf 82' lang='grc' dir='ltr'><strong>προσαίτου</strong></span> <span class='ocrx_word' id='word_1_791' title='bbox 3198 3168 3398 3230; x_wconf 77' lang='grc' dir='ltr'><strong>παντὸς</strong></span> <span class='ocrx_word' id='word_1_792' title='bbox 3435 3163 3772 3235; x_wconf 78' lang='grc' dir='ltr'><strong>ἀθλιώτερον</strong></span> 
     </span>
    </p>
   </div>
   <div class='ocr_carea' id='block_1_102' title="bbox 2087 3250 3773 3331">
    <p class='ocr_par' dir='ltr' id='par_1_102' title="bbox 2087 3250 3773 3331">
     <span class='ocr_line' id='line_1_102' title="bbox 2087 3250 3773 3331; baseline -0.007 -18"><span class='ocrx_word' id='word_1_793' title='bbox 2087 3250 2390 3331; x_wconf 78' lang='grc' dir='ltr'><strong>ἐσταλμένη</strong></span> <span class='ocrx_word' id='word_1_794' title='bbox 2416 3255 2487 3331; x_wconf 78' lang='grc' dir='ltr'><strong>ᾗς</strong></span> <span class='ocrx_word' id='word_1_795' title='bbox 2524 3259 2627 3312; x_wconf 88' lang='grc' dir='ltr'><strong>Τὸν</strong></span> <span class='ocrx_word' id='word_1_796' title='bbox 2654 3259 2824 3329; x_wconf 81' lang='grc' dir='ltr'><strong>ἄνδρα</strong></span> <span class='ocrx_word' id='word_1_797' title='bbox 2852 3259 2954 3311; x_wconf 86' lang='grc' dir='ltr'><strong>οὐκ</strong></span> <span class='ocrx_word' id='word_1_798' title='bbox 2990 3256 3099 3310; x_wconf 84' lang='grc' dir='ltr'><strong>ἀπὸ</strong></span> <span class='ocrx_word' id='word_1_799' title='bbox 3134 3255 3243 3308; x_wconf 89' lang='grc' dir='ltr'><strong>τῶν</strong></span> <span class='ocrx_word' id='word_1_800' title='bbox 3275 3253 3528 3324; x_wconf 76' lang='grc' dir='ltr'><strong>ἱματίων,</strong></span> <span class='ocrx_word' id='word_1_801' title='bbox 3562 3250 3773 3321; x_wconf 81' lang='grc' dir='ltr'><strong>μᾶλλον</strong></span> 
     </span>
    </p>
   </div>
   <div class='ocr_carea' id='block_1_103' title="bbox 2086 3338 3772 3416">
    <p class='ocr_par' dir='ltr' id='par_1_103' title="bbox 2086 3338 3772 3416">
     <span class='ocr_line' id='line_1_103' title="bbox 2086 3338 3772 3416; baseline -0.007 -15"><span class='ocrx_word' id='word_1_802' title='bbox 2086 3347 2144 3401; x_wconf 88' lang='grc' dir='ltr'><strong>δέ</strong></span> <span class='ocrx_word' id='word_1_803' title='bbox 2177 3348 2299 3401; x_wconf 84' lang='grc' dir='ltr'><strong>οὐδὲ</strong></span> <span class='ocrx_word' id='word_1_804' title='bbox 2321 3348 2428 3401; x_wconf 83' lang='grc' dir='ltr'><strong>ἀπὸ</strong></span> <span class='ocrx_word' id='word_1_805' title='bbox 2459 3345 2557 3400; x_wconf 90' lang='grc' dir='ltr'><strong>τοῦ</strong></span> <span class='ocrx_word' id='word_1_806' title='bbox 2590 3345 2862 3416; x_wconf 85' lang='grc' dir='ltr'><strong>σώματος,</strong></span> <span class='ocrx_word' id='word_1_807' title='bbox 2893 3344 3005 3398; x_wconf 87' lang='grc' dir='ltr'><strong>ἀλλ’</strong></span> <span class='ocrx_word' id='word_1_808' title='bbox 3034 3343 3143 3396; x_wconf 79' lang='grc' dir='ltr'><strong>ἀπὸ</strong></span> <span class='ocrx_word' id='word_1_809' title='bbox 3173 3342 3271 3413; x_wconf 87' lang='grc' dir='ltr'><strong>τῆς</strong></span> <span class='ocrx_word' id='word_1_810' title='bbox 3308 3338 3488 3410; x_wconf 76' lang='grc' dir='ltr'><strong>ψυχῆς</strong></span> <span class='ocrx_word' id='word_1_811' title='bbox 3522 3338 3772 3391; x_wconf 83' lang='grc' dir='ltr'><strong>ἐπαινεῖν</strong></span> 
     </span>
    </p>
   </div>
   <div class='ocr_carea' id='block_1_104' title="bbox 2087 3424 3773 3506">
    <p class='ocr_par' dir='ltr' id='par_1_104' title="bbox 2087 3424 3773 3506">
     <span class='ocr_line' id='line_1_104' title="bbox 2087 3424 3773 3506; baseline -0.009 -16"><span class='ocrx_word' id='word_1_812' title='bbox 2087 3434 2193 3506; x_wconf 82' lang='grc' dir='ltr'><strong>χρὴ</strong></span> <span class='ocrx_word' id='word_1_813' title='bbox 2215 3435 2310 3488; x_wconf 73' lang='grc' dir='ltr'><strong>καὶ</strong></span> <span class='ocrx_word' id='word_1_814' title='bbox 2329 3433 2652 3505; x_wconf 76' lang='grc' dir='ltr'><strong>θαυμάζειν.</strong></span> <span class='ocrx_word' id='word_1_815' title='bbox 2690 3432 2982 3486; x_wconf 83' lang='grc' dir='ltr'><strong>Ἀπόδυσον</strong></span> <span class='ocrx_word' id='word_1_816' title='bbox 3006 3430 3218 3484; x_wconf 88' lang='grc' dir='ltr'><strong>τούτων</strong></span> <span class='ocrx_word' id='word_1_817' title='bbox 3251 3439 3275 3468; x_wconf 81' lang='grc' dir='ltr'><strong>ο</strong></span> <span class='ocrx_word' id='word_1_818' title='bbox 3304 3426 3403 3498; x_wconf 78' lang='grc' dir='ltr'><strong>τήν</strong></span> <span class='ocrx_word' id='word_1_819' title='bbox 3424 3424 3628 3497; x_wconf 71' lang='grc' dir='ltr'><strong>ψυχὴν,</strong></span> <span class='ocrx_word' id='word_1_820' title='bbox 3672 3425 3773 3479; x_wconf 69' lang='grc' dir='ltr'><strong>καὶ</strong></span> 
     </span>
    </p>
   </div>
   <div class='ocr_carea' id='block_1_105' title="bbox 2086 3513 3769 3591">
    <p class='ocr_par' dir='ltr' id='par_1_105' title="bbox 2086 3513 3769 3591">
     <span class='ocr_line' id='line_1_105' title="bbox 2086 3513 3769 3591; baseline -0.006 -17"><span class='ocrx_word' id='word_1_821' title='bbox 2086 3521 2209 3591; x_wconf 74' lang='grc' dir='ltr'><strong>ὄψει</strong></span> <span class='ocrx_word' id='word_1_822' title='bbox 2241 3521 2303 3574; x_wconf 83' lang='grc' dir='ltr'><strong>τὸ</strong></span> <span class='ocrx_word' id='word_1_823' title='bbox 2323 3520 2521 3585; x_wconf 86' lang='grc' dir='ltr'><strong>κάλλος</strong></span> <span class='ocrx_word' id='word_1_824' title='bbox 2544 3521 2716 3591; x_wconf 87' lang='grc' dir='ltr'><strong>αὐτῆς</strong></span> <span class='ocrx_word' id='word_1_825' title='bbox 2741 3520 2836 3572; x_wconf 68' lang='grc' dir='ltr'><strong>κα)⁵</strong></span> <span class='ocrx_word' id='word_1_826' title='bbox 2861 3516 2953 3573; x_wconf 75' lang='grc' dir='ltr'><strong>τὸν</strong></span> <span class='ocrx_word' id='word_1_827' title='bbox 2979 3515 3207 3570; x_wconf 86' lang='grc' dir='ltr'><strong>πλοῦτον</strong></span> <span class='ocrx_word' id='word_1_828' title='bbox 3228 3514 3316 3568; x_wconf 81' lang='grc' dir='ltr'><strong>διὰ</strong></span> <span class='ocrx_word' id='word_1_829' title='bbox 3336 3513 3446 3566; x_wconf 85' lang='grc' dir='ltr'><strong>τῶν</strong></span> <span class='ocrx_word' id='word_1_830' title='bbox 3478 3513 3769 3584; x_wconf 74' lang='grc' dir='ltr'><strong>ῥημάτων,</strong></span> 
     </span>
    </p>
   </div>
   <div class='ocr_carea' id='block_1_106' title="bbox 2083 3599 3765 3678">
    <p class='ocr_par' dir='ltr' id='par_1_106' title="bbox 2083 3599 3765 3678">
     <span class='ocr_line' id='line_1_106' title="bbox 2083 3599 3765 3678; baseline -0.007 -17"><span class='ocrx_word' id='word_1_831' title='bbox 2083 3607 2175 3661; x_wconf 75' lang='grc' dir='ltr'><strong>διὰ</strong></span> <span class='ocrx_word' id='word_1_832' title='bbox 2188 3606 2298 3661; x_wconf 82' lang='grc' dir='ltr'><strong>τῶν</strong></span> <span class='ocrx_word' id='word_1_833' title='bbox 2316 3607 2621 3678; x_wconf 86' lang='grc' dir='ltr'><strong>δογμάτων.</strong></span> <span class='ocrx_word' id='word_1_834' title='bbox 2633 3606 2721 3660; x_wconf 86' lang='grc' dir='ltr'><strong>διά</strong></span> <span class='ocrx_word' id='word_1_835' title='bbox 2737 3605 2835 3677; x_wconf 86' lang='grc' dir='ltr'><strong>τῆς</strong></span> <span class='ocrx_word' id='word_1_836' title='bbox 2855 3604 2985 3676; x_wconf 82' lang='grc' dir='ltr'><strong>ὅλης</strong></span> <span class='ocrx_word' id='word_1_837' title='bbox 2996 3602 3105 3658; x_wconf 82' lang='grc' dir='ltr'><strong>τῶν</strong></span> <span class='ocrx_word' id='word_1_838' title='bbox 3118 3602 3334 3675; x_wconf 87' lang='grc' dir='ltr'><strong>τρόπων</strong></span> <span class='ocrx_word' id='word_1_839' title='bbox 3349 3599 3765 3663; x_wconf 77' lang='grc' dir='ltr'><strong>καταστάσεως.</strong></span> 
     </span>
    </p>
   </div>
   <div class='ocr_carea' id='block_1_107' title="bbox 2160 3686 3771 3767">
    <p class='ocr_par' dir='ltr' id='par_1_107' title="bbox 2160 3686 3771 3767">
     <span class='ocr_line' id='line_1_107' title="bbox 2160 3686 3771 3767; baseline -0.004 -18"><span class='ocrx_word' id='word_1_840' title='bbox 2160 3694 2459 3767; x_wconf 79' lang='grc' dir='ltr'><strong>β’.Αίσχυνέ</strong></span> <span class='ocrx_word' id='word_1_841' title='bbox 2466 3694 2678 3750; x_wconf 78' lang='grc' dir='ltr'><strong>σθωσαν</strong></span> <span class='ocrx_word' id='word_1_842' title='bbox 2694 3694 2873 3747; x_wconf 86' lang='grc' dir='ltr'><strong>τοίνυν</strong></span> <span class='ocrx_word' id='word_1_843' title='bbox 2884 3694 2933 3747; x_wconf 88' lang='grc' dir='ltr'><strong>οί</strong></span> <span class='ocrx_word' id='word_1_844' title='bbox 2945 3691 3225 3757; x_wconf 86' lang='grc' dir='ltr'><strong>Ἕλληνες,</strong></span> <span class='ocrx_word' id='word_1_845' title='bbox 3240 3686 3771 3758; x_wconf 84' lang='grc' dir='ltr'><strong>ἐγκαλυπτέσθωσαν</strong></span> 
     </span>
    </p>
   </div>
   <div class='ocr_carea' id='block_1_108' title="bbox 2087 3774 3769 3846">
    <p class='ocr_par' dir='ltr' id='par_1_108' title="bbox 2087 3774 3769 3846">
     <span class='ocr_line' id='line_1_108' title="bbox 2087 3774 3769 3846; baseline -0.007 -10"><span class='ocrx_word' id='word_1_846' title='bbox 2087 3784 2181 3837; x_wconf 75' lang='grc' dir='ltr'><strong>καὶ</strong></span> <span class='ocrx_word' id='word_1_847' title='bbox 2212 3782 2662 3837; x_wconf 87' lang='grc' dir='ltr'><strong>καταδυέσθωσαν</strong></span> <span class='ocrx_word' id='word_1_848' title='bbox 2696 3780 2790 3835; x_wconf 74' lang='grc' dir='ltr'><strong>ἐπὶ</strong></span> <span class='ocrx_word' id='word_1_849' title='bbox 2836 3783 2950 3844; x_wconf 85' lang='grc' dir='ltr'><strong>τοῖς</strong></span> <span class='ocrx_word' id='word_1_850' title='bbox 2980 3778 3160 3832; x_wconf 87' lang='grc' dir='ltr'><strong>αὐτῶν</strong></span> <span class='ocrx_word' id='word_1_851' title='bbox 3201 3776 3532 3846; x_wconf 86' lang='grc' dir='ltr'><strong>φιλοσόφοις,</strong></span> <span class='ocrx_word' id='word_1_852' title='bbox 3561 3774 3658 3827; x_wconf 74' lang='grc' dir='ltr'><strong>καὶ</strong></span> <span class='ocrx_word' id='word_1_853' title='bbox 3700 3777 3769 3845; x_wconf 73' lang='grc' dir='ltr'><strong>τῇ</strong></span> 
     </span>
    </p>
   </div>
   <div class='ocr_carea' id='block_1_109' title="bbox 2089 3861 3769 3942">
    <p class='ocr_par' dir='ltr' id='par_1_109' title="bbox 2089 3861 3769 3942">
     <span class='ocr_line' id='line_1_109' title="bbox 2089 3861 3769 3942; baseline -0.007 -18"><span class='ocrx_word' id='word_1_854' title='bbox 2089 3873 2270 3941; x_wconf 88' lang='grc' dir='ltr'><strong>πάσης</strong></span> <span class='ocrx_word' id='word_1_855' title='bbox 2296 3870 2508 3942; x_wconf 89' lang='grc' dir='ltr'><strong>μωρίας</strong></span> <span class='ocrx_word' id='word_1_856' title='bbox 2532 3868 2839 3940; x_wconf 75' lang='grc' dir='ltr'><strong>ἀθλιωτέρα</strong></span> <span class='ocrx_word' id='word_1_857' title='bbox 2856 3865 3037 3920; x_wconf 84' lang='grc' dir='ltr'><strong>αὐτῶν</strong></span> <span class='ocrx_word' id='word_1_858' title='bbox 3073 3865 3273 3936; x_wconf 81' lang='grc' dir='ltr'><strong>σοφίᾳ.</strong></span> <span class='ocrx_word' id='word_1_859' title='bbox 3295 3864 3357 3917; x_wconf 87' lang='grc' dir='ltr'><strong>Οί</strong></span> <span class='ocrx_word' id='word_1_860' title='bbox 3383 3862 3482 3933; x_wconf 81' lang='grc' dir='ltr'><strong>μὲν</strong></span> <span class='ocrx_word' id='word_1_861' title='bbox 3502 3861 3613 3933; x_wconf 87' lang='grc' dir='ltr'><strong>γὰρ</strong></span> <span class='ocrx_word' id='word_1_862' title='bbox 3635 3863 3769 3933; x_wconf 79' lang='grc' dir='ltr'><strong>παρ’</strong></span> 
     </span>
    </p>
   </div>
   <div class='ocr_carea' id='block_1_110' title="bbox 2088 3949 3771 4027">
    <p class='ocr_par' dir='ltr' id='par_1_110' title="bbox 2088 3949 3771 4027">
     <span class='ocr_line' id='line_1_110' title="bbox 2088 3949 3771 4027; baseline -0.007 -15"><span class='ocrx_word' id='word_1_863' title='bbox 2088 3960 2268 4023; x_wconf 86' lang='grc' dir='ltr'><strong>αὐτοῖς</strong></span> <span class='ocrx_word' id='word_1_864' title='bbox 2297 3957 2573 4027; x_wconf 89' lang='grc' dir='ltr'><strong>φιλόσοφοι</strong></span> <span class='ocrx_word' id='word_1_865' title='bbox 2607 3956 2747 4010; x_wconf 89' lang='grc' dir='ltr'><strong>κατά</strong></span> <span class='ocrx_word' id='word_1_866' title='bbox 2778 3955 2868 4008; x_wconf 84' lang='grc' dir='ltr'><strong>τὸν</strong></span> <span class='ocrx_word' id='word_1_867' title='bbox 2904 3953 3115 4025; x_wconf 78' lang='grc' dir='ltr'><strong>καιρὸν,</strong></span> <span class='ocrx_word' id='word_1_868' title='bbox 3149 3952 3208 4006; x_wconf 88' lang='grc' dir='ltr'><strong>δν</strong></span> <span class='ocrx_word' id='word_1_869' title='bbox 3235 3952 3393 4016; x_wconf 77' lang='grc' dir='ltr'><strong>ἔζων,</strong></span> <span class='ocrx_word' id='word_1_870' title='bbox 3424 3950 3641 4019; x_wconf 84' lang='grc' dir='ltr'><strong>ὀλίγους</strong></span> <span class='ocrx_word' id='word_1_871' title='bbox 3674 3949 3771 4020; x_wconf 73' lang='grc' dir='ltr'><strong>μόο</strong></span> 
     </span>
    </p>
   </div>
   <div class='ocr_carea' id='block_1_111' title="bbox 2086 4036 3772 4115">
    <p class='ocr_par' dir='ltr' id='par_1_111' title="bbox 2086 4036 3772 4115">
     <span class='ocr_line' id='line_1_111' title="bbox 2086 4036 3772 4115; baseline -0.005 -16"><span class='ocrx_word' id='word_1_872' title='bbox 2086 4046 2170 4111; x_wconf 91' lang='grc' dir='ltr'><strong>λις</strong></span> <span class='ocrx_word' id='word_1_873' title='bbox 2193 4046 2287 4099; x_wconf 77' lang='grc' dir='ltr'><strong>καὶ</strong></span> <span class='ocrx_word' id='word_1_874' title='bbox 2316 4044 2524 4115; x_wconf 89' lang='grc' dir='ltr'><strong>σφόδρα</strong></span> <span class='ocrx_word' id='word_1_875' title='bbox 2543 4042 2944 4115; x_wconf 86' lang='grc' dir='ltr'><strong>εὐαριθμήτους</strong></span> <span class='ocrx_word' id='word_1_876' title='bbox 2965 4041 3190 4112; x_wconf 76' lang='grc' dir='ltr'><strong>ἴσχυσαν</strong></span> <span class='ocrx_word' id='word_1_877' title='bbox 3216 4039 3285 4093; x_wconf 87' lang='grc' dir='ltr'><strong>τὰ</strong></span> <span class='ocrx_word' id='word_1_878' title='bbox 3307 4040 3325 4076; x_wconf 76' lang='grc' dir='ltr'><strong>ί</strong></span> <span class='ocrx_word' id='word_1_879' title='bbox 3352 4038 3532 4091; x_wconf 85' lang='grc' dir='ltr'><strong>αὐτῶν</strong></span> <span class='ocrx_word' id='word_1_880' title='bbox 3556 4036 3772 4101; x_wconf 75' lang='grc' dir='ltr'><strong>διδάξαι</strong></span> 
     </span>
    </p>
   </div>
   <div class='ocr_carea' id='block_1_112' title="bbox 2089 4121 3771 4203">
    <p class='ocr_par' dir='ltr' id='par_1_112' title="bbox 2089 4121 3771 4203">
     <span class='ocr_line' id='line_1_112' title="bbox 2089 4121 3771 4203; baseline -0.007 -17"><span class='ocrx_word' id='word_1_881' title='bbox 2089 4132 2356 4203; x_wconf 89' lang='grc' dir='ltr'><strong>δόγματα,</strong></span> <span class='ocrx_word' id='word_1_882' title='bbox 2387 4130 2484 4184; x_wconf 77' lang='grc' dir='ltr'><strong>καὶ</strong></span> <span class='ocrx_word' id='word_1_883' title='bbox 2524 4128 2773 4183; x_wconf 90' lang='grc' dir='ltr'><strong>κινδύνου</strong></span> <span class='ocrx_word' id='word_1_884' title='bbox 2821 4125 3018 4199; x_wconf 79' lang='grc' dir='ltr'><strong>μικροῦ</strong></span> <span class='ocrx_word' id='word_1_885' title='bbox 3061 4124 3463 4187; x_wconf 75' lang='grc' dir='ltr'><strong>καταλαϐόντος</strong></span> <span class='ocrx_word' id='word_1_886' title='bbox 3491 4123 3598 4177; x_wconf 56' lang='grc' dir='ltr'><strong>ικαὶ</strong></span> <span class='ocrx_word' id='word_1_887' title='bbox 3642 4121 3771 4176; x_wconf 82' lang='grc' dir='ltr'><strong>τού-</strong></span> 
     </span>
    </p>
   </div>
   <div class='ocr_carea' id='block_1_113' title="bbox 2088 4211 3767 4286">
    <p class='ocr_par' dir='ltr' id='par_1_113' title="bbox 2088 4211 3767 4286">
     <span class='ocr_line' id='line_1_113' title="bbox 2088 4211 3767 4286; baseline -0.007 -13"><span class='ocrx_word' id='word_1_888' title='bbox 2088 4236 2214 4283; x_wconf 86' lang='grc' dir='ltr'><strong>τους</strong></span> <span class='ocrx_word' id='word_1_889' title='bbox 2243 4218 2554 4273; x_wconf 76' lang='grc' dir='ltr'><strong>ἀπώλεσανο</strong></span> <span class='ocrx_word' id='word_1_890' title='bbox 2605 4218 2654 4270; x_wconf 92' lang='grc' dir='ltr'><strong>οί</strong></span> <span class='ocrx_word' id='word_1_891' title='bbox 2687 4216 2745 4270; x_wconf 87' lang='grc' dir='ltr'><strong>δέ</strong></span> <span class='ocrx_word' id='word_1_892' title='bbox 2790 4215 2885 4269; x_wconf 90' lang='grc' dir='ltr'><strong>τοῦ</strong></span> <span class='ocrx_word' id='word_1_893' title='bbox 2932 4213 3170 4286; x_wconf 82' lang='grc' dir='ltr'><strong>Χριστοῦ</strong></span> <span class='ocrx_word' id='word_1_894' title='bbox 3214 4212 3474 4283; x_wconf 77' lang='grc' dir='ltr'><strong>μαθηταὶ,</strong></span> <span class='ocrx_word' id='word_1_895' title='bbox 3496 4214 3545 4264; x_wconf 89' lang='grc' dir='ltr'><strong>οί</strong></span> <span class='ocrx_word' id='word_1_896' title='bbox 3572 4211 3767 4275; x_wconf 83' lang='grc' dir='ltr'><strong>ἁλιεῖς,</strong></span> 
     </span>
    </p>
   </div>
   <div class='ocr_carea' id='block_1_114' title="bbox 2090 4298 3768 4374">
    <p class='ocr_par' dir='ltr' id='par_1_114' title="bbox 2090 4298 3768 4374">
     <span class='ocr_line' id='line_1_114' title="bbox 2090 4298 3768 4374; baseline -0.006 -13"><span class='ocrx_word' id='word_1_897' title='bbox 2090 4308 2182 4362; x_wconf 72' lang='grc' dir='ltr'><strong>καὶ</strong></span> <span class='ocrx_word' id='word_1_898' title='bbox 2214 4307 2463 4367; x_wconf 89' lang='grc' dir='ltr'><strong>τελῶναι,</strong></span> <span class='ocrx_word' id='word_1_899' title='bbox 2499 4305 2593 4358; x_wconf 71' lang='grc' dir='ltr'><strong>καὶ</strong></span> <span class='ocrx_word' id='word_1_900' title='bbox 2630 4304 2963 4374; x_wconf 74' lang='grc' dir='ltr'><strong>σκηνοποιοὶ,</strong></span> <span class='ocrx_word' id='word_1_901' title='bbox 3011 4304 3067 4354; x_wconf 90' lang='grc' dir='ltr'><strong>ἐν</strong></span> <span class='ocrx_word' id='word_1_902' title='bbox 3116 4301 3320 4369; x_wconf 88' lang='grc' dir='ltr'><strong>ὀλίγοις</strong></span> <span class='ocrx_word' id='word_1_903' title='bbox 3361 4298 3505 4352; x_wconf 73' lang='grc' dir='ltr'><strong>ἔτεσι</strong></span> <span class='ocrx_word' id='word_1_904' title='bbox 3559 4298 3660 4368; x_wconf 84' lang='grc' dir='ltr'><strong>τὴν</strong></span> <span class='ocrx_word' id='word_1_905' title='bbox 3689 4300 3768 4351; x_wconf 83' lang='lat' dir='ltr'><strong>oi-</strong></span> 
     </span>
    </p>
   </div>
   <div class='ocr_carea' id='block_1_115' title="bbox 2088 4385 3769 4465">
    <p class='ocr_par' dir='ltr' id='par_1_115' title="bbox 2088 4385 3769 4465">
     <span class='ocr_line' id='line_1_115' title="bbox 2088 4385 3769 4465; baseline -0.008 -16"><span class='ocrx_word' id='word_1_906' title='bbox 2088 4395 2362 4465; x_wconf 84' lang='grc' dir='ltr'><strong>κουμένην</strong></span> <span class='ocrx_word' id='word_1_907' title='bbox 2397 4394 2616 4447; x_wconf 79' lang='grc' dir='ltr'><strong>ἃπασαν</strong></span> <span class='ocrx_word' id='word_1_908' title='bbox 2650 4390 2787 4463; x_wconf 80' lang='grc' dir='ltr'><strong>πρὸς</strong></span> <span class='ocrx_word' id='word_1_909' title='bbox 2830 4390 2932 4460; x_wconf 87' lang='grc' dir='ltr'><strong>τὴν</strong></span> <span class='ocrx_word' id='word_1_910' title='bbox 2967 4388 3225 4460; x_wconf 85' lang='grc' dir='ltr'><strong>ἀλήθειαν</strong></span> <span class='ocrx_word' id='word_1_911' title='bbox 3258 4387 3628 4456; x_wconf 86' lang='grc' dir='ltr'><strong>ἐπανήγαγον,</strong></span> <span class='ocrx_word' id='word_1_912' title='bbox 3671 4385 3769 4439; x_wconf 73' lang='grc' dir='ltr'><strong>καὶ</strong></span> 
     </span>
    </p>
   </div>
   <div class='ocr_carea' id='block_1_116' title="bbox 2093 4474 3768 4553">
    <p class='ocr_par' dir='ltr' id='par_1_116' title="bbox 2093 4474 3768 4553">
     <span class='ocr_line' id='line_1_116' title="bbox 2093 4474 3768 4553; baseline -0.006 -18"><span class='ocrx_word' id='word_1_913' title='bbox 2093 4482 2300 4553; x_wconf 85' lang='grc' dir='ltr'><strong>μυρίων</strong></span> <span class='ocrx_word' id='word_1_914' title='bbox 2330 4481 2389 4547; x_wconf 81' lang='grc' dir='ltr'><strong>ἐξ</strong></span> <span class='ocrx_word' id='word_1_915' title='bbox 2426 4480 2634 4533; x_wconf 89' lang='grc' dir='ltr'><strong>ἐκείνου</strong></span> <span class='ocrx_word' id='word_1_916' title='bbox 2673 4478 2974 4548; x_wconf 88' lang='grc' dir='ltr'><strong>γινομένων</strong></span> <span class='ocrx_word' id='word_1_917' title='bbox 3019 4477 3302 4540; x_wconf 89' lang='grc' dir='ltr'><strong>κινδύνων,</strong></span> <span class='ocrx_word' id='word_1_918' title='bbox 3348 4475 3408 4528; x_wconf 85' lang='grc' dir='ltr'><strong>ού</strong></span> <span class='ocrx_word' id='word_1_919' title='bbox 3460 4474 3619 4544; x_wconf 89' lang='grc' dir='ltr'><strong>μόνον</strong></span> <span class='ocrx_word' id='word_1_920' title='bbox 3663 4474 3768 4526; x_wconf 86' lang='grc' dir='ltr'><strong>οὑκ</strong></span> 
     </span>
    </p>
   </div>
   <div class='ocr_carea' id='block_1_117' title="bbox 2091 4562 3769 4640">
    <p class='ocr_par' dir='ltr' id='par_1_117' title="bbox 2091 4562 3769 4640">
     <span class='ocr_line' id='line_1_117' title="bbox 2091 4562 3769 4640; baseline -0.004 -17"><span class='ocrx_word' id='word_1_921' title='bbox 2091 4569 2322 4637; x_wconf 87' lang='grc' dir='ltr'><strong>ἐσϐέσθη</strong></span> <span class='ocrx_word' id='word_1_922' title='bbox 2343 4569 2404 4622; x_wconf 81' lang='grc' dir='ltr'><strong>τὸ</strong></span> <span class='ocrx_word' id='word_1_923' title='bbox 2434 4569 2716 4640; x_wconf 88' lang='grc' dir='ltr'><strong>κήρυγμα,</strong></span> <span class='ocrx_word' id='word_1_924' title='bbox 2746 4566 2880 4619; x_wconf 91' lang='grc' dir='ltr'><strong>ἀλλά</strong></span> <span class='ocrx_word' id='word_1_925' title='bbox 2904 4566 2997 4619; x_wconf 71' lang='grc' dir='ltr'><strong>καὶ</strong></span> <span class='ocrx_word' id='word_1_926' title='bbox 3022 4564 3175 4618; x_wconf 91' lang='grc' dir='ltr'><strong>ἀνθεῖ</strong></span> <span class='ocrx_word' id='word_1_927' title='bbox 3194 4564 3289 4617; x_wconf 69' lang='grc' dir='ltr'><strong>καὶ</strong></span> <span class='ocrx_word' id='word_1_928' title='bbox 3318 4562 3454 4632; x_wconf 86' lang='grc' dir='ltr'><strong>πρὸς</strong></span> <span class='ocrx_word' id='word_1_929' title='bbox 3483 4562 3542 4614; x_wconf 78' lang='grc' dir='ltr'><strong>τὸ</strong></span> <span class='ocrx_word' id='word_1_930' title='bbox 3578 4562 3769 4631; x_wconf 84' lang='grc' dir='ltr'><strong>μεῖζον</strong></span> 
     </span>
    </p>
   </div>
   <div class='ocr_carea' id='block_1_118' title="bbox 2090 4647 3770 4724">
    <p class='ocr_par' dir='ltr' id='par_1_118' title="bbox 2090 4647 3770 4724">
     <span class='ocr_line' id='line_1_118' title="bbox 2090 4647 3770 4724; baseline -0.005 -15"><span class='ocrx_word' id='word_1_931' title='bbox 2090 4656 2386 4710; x_wconf 75' lang='grc' dir='ltr'><strong>ἐπιδίδωσι*</strong></span> <span class='ocrx_word' id='word_1_932' title='bbox 2426 4656 2521 4709; x_wconf 73' lang='grc' dir='ltr'><strong>καὶ</strong></span> <span class='ocrx_word' id='word_1_933' title='bbox 2563 4654 2872 4724; x_wconf 87' lang='grc' dir='ltr'><strong>φιλοσοφεῖν</strong></span> <span class='ocrx_word' id='word_1_934' title='bbox 2909 4651 3156 4714; x_wconf 80' lang='grc' dir='ltr'><strong>ἐδίδαξαν</strong></span> <span class='ocrx_word' id='word_1_935' title='bbox 3188 4648 3508 4721; x_wconf 81' lang='grc' dir='ltr'><strong>ἀνθρώπους</strong></span> <span class='ocrx_word' id='word_1_936' title='bbox 3548 4647 3770 4712; x_wconf 86' lang='grc' dir='ltr'><strong>ίδιώτας</strong></span> 
     </span>
    </p>
   </div>
   <div class='ocr_carea' id='block_1_119' title="bbox 2088 4730 3769 4812">
    <p class='ocr_par' dir='ltr' id='par_1_119' title="bbox 2088 4730 3769 4812">
     <span class='ocr_line' id='line_1_119' title="bbox 2088 4730 3769 4812; baseline -0.005 -16"><span class='ocrx_word' id='word_1_937' title='bbox 2088 4745 2183 4796; x_wconf 75' lang='grc' dir='ltr'><strong>καὶ</strong></span> <span class='ocrx_word' id='word_1_938' title='bbox 2219 4743 2488 4812; x_wconf 85' lang='grc' dir='ltr'><strong>γηπόνους</strong></span> <span class='ocrx_word' id='word_1_939' title='bbox 2535 4741 2630 4793; x_wconf 79' lang='grc' dir='ltr'><strong>καὶ</strong></span> <span class='ocrx_word' id='word_1_940' title='bbox 2662 4739 2972 4811; x_wconf 86' lang='grc' dir='ltr'><strong>θρέμμασιν</strong></span> <span class='ocrx_word' id='word_1_941' title='bbox 3016 4737 3357 4803; x_wconf 84' lang='grc' dir='ltr'><strong>ὁμιλοῦντας.</strong></span> <span class='ocrx_word' id='word_1_942' title='bbox 3416 4730 3571 4789; x_wconf 75' lang='grc' dir='ltr'><strong>Οὗτοι</strong></span> <span class='ocrx_word' id='word_1_943' title='bbox 3623 4737 3769 4804; x_wconf 85' lang='grc' dir='ltr'><strong>μετά</strong></span> 
     </span>
    </p>
   </div>
   <div class='ocr_carea' id='block_1_120' title="bbox 2086 4822 3767 4896">
    <p class='ocr_par' dir='ltr' id='par_1_120' title="bbox 2086 4822 3767 4896">
     <span class='ocr_line' id='line_1_120' title="bbox 2086 4822 3767 4896; baseline -0.005 -14"><span class='ocrx_word' id='word_1_944' title='bbox 2086 4829 2195 4882; x_wconf 88' lang='grc' dir='ltr'><strong>τῶν</strong></span> <span class='ocrx_word' id='word_1_945' title='bbox 2218 4829 2393 4883; x_wconf 78' lang='grc' dir='ltr'><strong>ἄλλων</strong></span> <span class='ocrx_word' id='word_1_946' title='bbox 2412 4826 2670 4880; x_wconf 84' lang='grc' dir='ltr'><strong>ἁπάντων</strong></span> <span class='ocrx_word' id='word_1_947' title='bbox 2695 4826 2789 4879; x_wconf 73' lang='grc' dir='ltr'><strong>καὶ</strong></span> <span class='ocrx_word' id='word_1_948' title='bbox 2812 4823 2914 4896; x_wconf 85' lang='grc' dir='ltr'><strong>τὴν</strong></span> <span class='ocrx_word' id='word_1_949' title='bbox 2936 4827 3149 4878; x_wconf 88' lang='grc' dir='ltr'><strong>πάντων</strong></span> <span class='ocrx_word' id='word_1_950' title='bbox 3176 4824 3285 4877; x_wconf 88' lang='grc' dir='ltr'><strong>τῶν</strong></span> <span class='ocrx_word' id='word_1_951' title='bbox 3301 4822 3522 4892; x_wconf 85' lang='grc' dir='ltr'><strong>ἀγαθῶν</strong></span> <span class='ocrx_word' id='word_1_952' title='bbox 3537 4822 3723 4875; x_wconf 81' lang='grc' dir='ltr'><strong>αἰτίαν</strong></span> <span class='ocrx_word' id='word_1_953' title='bbox 3738 4825 3767 4862; x_wconf 74' lang='grc' dir='ltr'><em>ε</em></span> 
     </span>
    </p>
   </div>
   <div class='ocr_carea' id='block_1_121' title="bbox 2089 4912 3767 4986">
    <p class='ocr_par' dir='ltr' id='par_1_121' title="bbox 2089 4912 3767 4986">
     <span class='ocr_line' id='line_1_121' title="bbox 2089 4912 3767 4986; baseline -0.002 -18"><span class='ocrx_word' id='word_1_954' title='bbox 2089 4917 2310 4986; x_wconf 81' lang='grc' dir='ltr'><strong>ἀγάπην</strong></span> <span class='ocrx_word' id='word_1_955' title='bbox 2346 4914 2725 4985; x_wconf 80' lang='grc' dir='ltr'><strong>ἐρριζωμένην</strong></span> <span class='ocrx_word' id='word_1_956' title='bbox 2758 4913 2996 4985; x_wconf 76' lang='grc' dir='ltr'><strong>ἔχοντες,</strong></span> <span class='ocrx_word' id='word_1_957' title='bbox 3025 4913 3297 4966; x_wconf 76' lang='grc' dir='ltr'><strong>ἔσπευσαν</strong></span> <span class='ocrx_word' id='word_1_958' title='bbox 3336 4913 3472 4980; x_wconf 85' lang='grc' dir='ltr'><strong>πρὸς</strong></span> <span class='ocrx_word' id='word_1_959' title='bbox 3503 4912 3653 4981; x_wconf 80' lang='grc' dir='ltr'><strong>ἡμᾶς</strong></span> <span class='ocrx_word' id='word_1_960' title='bbox 3677 4928 3767 4964; x_wconf 87' lang='grc' dir='ltr'><strong>το-</strong></span> 
     </span>
    </p>
   </div>
   <div class='ocr_carea' id='block_1_122' title="bbox 2090 4997 3769 5075">
    <p class='ocr_par' dir='ltr' id='par_1_122' title="bbox 2090 4997 3769 5075">
     <span class='ocr_line' id='line_1_122' title="bbox 2090 4997 3769 5075; baseline -0.002 -19"><span class='ocrx_word' id='word_1_961' title='bbox 2090 5002 2295 5074; x_wconf 85' lang='grc' dir='ltr'><strong>σαύτην</strong></span> <span class='ocrx_word' id='word_1_962' title='bbox 2318 5002 2616 5075; x_wconf 89' lang='grc' dir='ltr'><strong>δραμὸντες</strong></span> <span class='ocrx_word' id='word_1_963' title='bbox 2670 5001 2848 5056; x_wconf 86' lang='grc' dir='ltr'><strong>ἐλθεῖν</strong></span> <span class='ocrx_word' id='word_1_964' title='bbox 2881 5003 3021 5066; x_wconf 80' lang='grc' dir='ltr'><strong>ὁδὸν,</strong></span> <span class='ocrx_word' id='word_1_965' title='bbox 3051 5003 3144 5055; x_wconf 71' lang='grc' dir='ltr'><strong>καὶ</strong></span> <span class='ocrx_word' id='word_1_966' title='bbox 3173 5001 3241 5055; x_wconf 88' lang='grc' dir='ltr'><strong>τά</strong></span> <span class='ocrx_word' id='word_1_967' title='bbox 3274 5002 3447 5055; x_wconf 86' lang='grc' dir='ltr'><strong>οἰκεῖα</strong></span> <span class='ocrx_word' id='word_1_968' title='bbox 3492 4997 3769 5069; x_wconf 73' lang='grc' dir='ltr'><strong>περιπτύ-</strong></span> 
     </span>
    </p>
   </div>
   <div class='ocr_carea' id='block_1_123' title="bbox 2089 5089 2465 5161">
    <p class='ocr_par' dir='ltr' id='par_1_123' title="bbox 2089 5089 2465 5161">
     <span class='ocr_line' id='line_1_123' title="bbox 2089 5089 2465 5161; baseline -0.005 -16"><span class='ocrx_word' id='word_1_969' title='bbox 2089 5090 2282 5156; x_wconf 85' lang='grc' dir='ltr'><strong>ξασθαι</strong></span> <span class='ocrx_word' id='word_1_970' title='bbox 2308 5089 2465 5161; x_wconf 87' lang='grc' dir='ltr'><strong>μέλη.</strong></span> 
     </span>
    </p>
   </div>
   <div class='ocr_carea' id='block_1_124' title="bbox 2156 5171 3772 5248">
    <p class='ocr_par' dir='ltr' id='par_1_124' title="bbox 2156 5171 3772 5248">
     <span class='ocr_line' id='line_1_124' title="bbox 2156 5171 3772 5248; baseline -0.004 -18"><span class='ocrx_word' id='word_1_971' title='bbox 2156 5179 2292 5248; x_wconf 85' lang='grc' dir='ltr'><strong>Φέρε</strong></span> <span class='ocrx_word' id='word_1_972' title='bbox 2311 5174 2405 5230; x_wconf 83' lang='grc' dir='ltr'><strong>οῦν</strong></span> <span class='ocrx_word' id='word_1_973' title='bbox 2436 5176 2529 5230; x_wconf 72' lang='grc' dir='ltr'><strong>κα)⁸</strong></span> <span class='ocrx_word' id='word_1_974' title='bbox 2556 5178 2718 5247; x_wconf 83' lang='grc' dir='ltr'><strong>ἡμεῖς</strong></span> <span class='ocrx_word' id='word_1_975' title='bbox 2737 5177 2860 5229; x_wconf 74' lang='grc' dir='ltr'><strong>ἀντὶ</strong></span> <span class='ocrx_word' id='word_1_976' title='bbox 2894 5174 3005 5227; x_wconf 90' lang='grc' dir='ltr'><strong>τῶν</strong></span> <span class='ocrx_word' id='word_1_977' title='bbox 3019 5173 3208 5245; x_wconf 86' lang='grc' dir='ltr'><strong>δώρων</strong></span> <span class='ocrx_word' id='word_1_978' title='bbox 3237 5175 3464 5237; x_wconf 89' lang='grc' dir='ltr'><strong>τούτων,</strong></span> <span class='ocrx_word' id='word_1_979' title='bbox 3495 5171 3592 5240; x_wconf 81' lang='grc' dir='ltr'><strong>τῆς</strong></span> <span class='ocrx_word' id='word_1_980' title='bbox 3624 5173 3772 5240; x_wconf 80' lang='grc' dir='ltr'><strong>ἀγά-</strong></span> 
     </span>
    </p>
   </div>
   <div class='ocr_carea' id='block_1_125' title="bbox 2087 5260 3767 5336">
    <p class='ocr_par' dir='ltr' id='par_1_125' title="bbox 2087 5260 3767 5336">
     <span class='ocr_line' id='line_1_125' title="bbox 2087 5260 3767 5336; baseline -0.005 -17"><span class='ocrx_word' id='word_1_981' title='bbox 2087 5284 2196 5336; x_wconf 88' lang='grc' dir='ltr'><strong>πης</strong></span> <span class='ocrx_word' id='word_1_982' title='bbox 2219 5266 2363 5333; x_wconf 88' lang='grc' dir='ltr'><strong>λέγω</strong></span> <span class='ocrx_word' id='word_1_983' title='bbox 2388 5264 2604 5333; x_wconf 77' lang='grc' dir='ltr'><strong>καὶτῆς</strong></span> <span class='ocrx_word' id='word_1_984' title='bbox 2654 5264 2967 5327; x_wconf 88' lang='grc' dir='ltr'><strong>διαθέσεως,</strong></span> <span class='ocrx_word' id='word_1_985' title='bbox 2997 5263 3183 5331; x_wconf 86' lang='grc' dir='ltr'><strong>ἐφόδια</strong></span> <span class='ocrx_word' id='word_1_986' title='bbox 3223 5260 3401 5322; x_wconf 82' lang='grc' dir='ltr'><strong>δόντες</strong></span> <span class='ocrx_word' id='word_1_987' title='bbox 3433 5260 3636 5322; x_wconf 88' lang='grc' dir='ltr'><strong>αὐτοῖς,</strong></span> <span class='ocrx_word' id='word_1_988' title='bbox 3673 5260 3767 5312; x_wconf 85' lang='grc' dir='ltr'><strong>οῦ-</strong></span> 
     </span>
    </p>
   </div>
   <div class='ocr_carea' id='block_1_126' title="bbox 2084 5346 3768 5422">
    <p class='ocr_par' dir='ltr' id='par_1_126' title="bbox 2084 5346 3768 5422">
     <span class='ocr_line' id='line_1_126' title="bbox 2084 5346 3768 5422; baseline -0.003 -16"><span class='ocrx_word' id='word_1_989' title='bbox 2084 5371 2192 5416; x_wconf 88' lang='grc' dir='ltr'><strong>τως</strong></span> <span class='ocrx_word' id='word_1_990' title='bbox 2226 5355 2425 5415; x_wconf 84' lang='grc' dir='ltr'><strong>αὐτοὺς</strong></span> <span class='ocrx_word' id='word_1_991' title='bbox 2457 5351 2896 5422; x_wconf 72' lang='grc' dir='ltr'><strong>ἀποπέμψωμεν,</strong></span> <span class='ocrx_word' id='word_1_992' title='bbox 2932 5351 3027 5403; x_wconf 82' lang='grc' dir='ltr'><strong>καὶ</strong></span> <span class='ocrx_word' id='word_1_993' title='bbox 3052 5349 3143 5402; x_wconf 84' lang='grc' dir='ltr'><strong>τὸν</strong></span> <span class='ocrx_word' id='word_1_994' title='bbox 3174 5346 3433 5419; x_wconf 74' lang='grc' dir='ltr'><strong>περὶτῶν</strong></span> <span class='ocrx_word' id='word_1_995' title='bbox 3461 5347 3640 5417; x_wconf 86' lang='grc' dir='ltr'><strong>ὅρκων</strong></span> <span class='ocrx_word' id='word_1_996' title='bbox 3664 5348 3768 5402; x_wconf 79' lang='grc' dir='ltr'><strong>πά·</strong></span> 
     </span>
    </p>
   </div>
   <div class='ocr_carea' id='block_1_127' title="bbox 2085 5433 3769 5510">
    <p class='ocr_par' dir='ltr' id='par_1_127' title="bbox 2085 5433 3769 5510">
     <span class='ocr_line' id='line_1_127' title="bbox 2085 5433 3769 5510; baseline -0.002 -19"><span class='ocrx_word' id='word_1_997' title='bbox 2085 5439 2169 5492; x_wconf 91' lang='grc' dir='ltr'><strong>λιν</strong></span> <span class='ocrx_word' id='word_1_998' title='bbox 2214 5442 2524 5510; x_wconf 82' lang='grc' dir='ltr'><strong>κινήσωμεν</strong></span> <span class='ocrx_word' id='word_1_999' title='bbox 2554 5439 2732 5507; x_wconf 89' lang='grc' dir='ltr'><strong>λόγον,</strong></span> <span class='ocrx_word' id='word_1_1000' title='bbox 2768 5438 2908 5491; x_wconf 85' lang='grc' dir='ltr'><strong>ὥστε</strong></span> <span class='ocrx_word' id='word_1_1001' title='bbox 2959 5436 3254 5510; x_wconf 75' lang='grc' dir='ltr'><strong>πρόρριζον</strong></span> <span class='ocrx_word' id='word_1_1002' title='bbox 3284 5436 3348 5487; x_wconf 87' lang='grc' dir='ltr'><strong>ἐκ</strong></span> <span class='ocrx_word' id='word_1_1003' title='bbox 3375 5434 3475 5502; x_wconf 76' lang='grc' dir='ltr'><strong>τῆς</strong></span> <span class='ocrx_word' id='word_1_1004' title='bbox 3520 5433 3769 5497; x_wconf 84' lang='grc' dir='ltr'><strong>διανοίας</strong></span> 
     </span>
    </p>
   </div>
   <div class='ocr_carea' id='block_1_128' title="bbox 2087 5520 3763 5596">
    <p class='ocr_par' dir='ltr' id='par_1_128' title="bbox 2087 5520 3763 5596">
     <span class='ocr_line' id='line_1_128' title="bbox 2087 5520 3763 5596; baseline -0.004 -18"><span class='ocrx_word' id='word_1_1005' title='bbox 2087 5527 2342 5579; x_wconf 86' lang='grc' dir='ltr'><strong>ἁπάντων</strong></span> <span class='ocrx_word' id='word_1_1006' title='bbox 2374 5526 2787 5596; x_wconf 86' lang='grc' dir='ltr'><strong>ἀνασπασθῆναι</strong></span> <span class='ocrx_word' id='word_1_1007' title='bbox 2816 5525 2914 5595; x_wconf 85' lang='grc' dir='ltr'><strong>τὴν</strong></span> <span class='ocrx_word' id='word_1_1008' title='bbox 2953 5524 3196 5596; x_wconf 78' lang='grc' dir='ltr'><strong>πονηρὰν</strong></span> <span class='ocrx_word' id='word_1_1009' title='bbox 3224 5523 3424 5591; x_wconf 87' lang='grc' dir='ltr'><strong>ταύτην</strong></span> <span class='ocrx_word' id='word_1_1010' title='bbox 3449 5520 3763 5591; x_wconf 65' lang='grc' dir='ltr'><strong>συνήθειαν.</strong></span> 
     </span>
    </p>
   </div>
   <div class='ocr_carea' id='block_1_129' title="bbox 2150 5621 2510 5685">
    <p class='ocr_par' dir='ltr' id='par_1_129' title="bbox 2150 5621 2510 5685">
     <span class='ocr_line' id='line_1_129' title="bbox 2150 5621 2510 5685; baseline -0.011 -13"><span class='ocrx_word' id='word_1_1011' title='bbox 2150 5621 2178 5661; x_wconf 71' lang='grc' dir='ltr'><em>ά</em></span> <span class='ocrx_word' id='word_1_1012' title='bbox 2200 5623 2299 5672; x_wconf 79' lang='lat' dir='ltr'><strong>Alii</strong></span> <span class='ocrx_word' id='word_1_1013' title='bbox 2326 5623 2510 5685; x_wconf 79' lang='grc' dir='ltr'><strong>σοφίας.</strong></span> 
     </span>
    </p>
   </div>
   <div class='ocr_carea' id='block_1_130' title="bbox 2158 5685 2562 5735">
    <p class='ocr_par' dir='ltr' id='par_1_130' title="bbox 2158 5685 2562 5735">
     <span class='ocr_line' id='line_1_130' title="bbox 2158 5685 2562 5735; baseline 0.007 -3"><span class='ocrx_word' id='word_1_1014' title='bbox 2158 5689 2180 5713; x_wconf 76' lang='grc'><strong><em>⁸</em></strong></span> <span class='ocrx_word' id='word_1_1015' title='bbox 2205 5685 2352 5732; x_wconf 75' lang='lat' dir='ltr'><strong>Savil.</strong></span> <span class='ocrx_word' id='word_1_1016' title='bbox 2376 5685 2562 5735; x_wconf 83' lang='grc' dir='ltr'><strong>τούτου.</strong></span> 
     </span>
    </p>
   </div>
   <div class='ocr_carea' id='block_1_131' title="bbox 2160 5742 3614 5813">
    <p class='ocr_par' dir='ltr' id='par_1_131' title="bbox 2160 5742 3614 5813">
     <span class='ocr_line' id='line_1_131' title="bbox 2160 5742 3614 5813; baseline -0.001 -20"><span class='ocrx_word' id='word_1_1017' title='bbox 2160 5742 2182 5813; x_wconf 66' lang='grc' dir='ltr'><strong>ξ</strong></span> <span class='ocrx_word' id='word_1_1018' title='bbox 2206 5745 2356 5813; x_wconf 41' lang='lat' dir='ltr'><strong>Silvii.</strong></span> <span class='ocrx_word' id='word_1_1019' title='bbox 2380 5745 2540 5792; x_wconf 86' lang='grc' dir='ltr'><strong>πεῖσαι</strong></span> <span class='ocrx_word' id='word_1_1020' title='bbox 2559 5745 2753 5813; x_wconf 62' lang='grc' dir='ltr'><strong>φυλάξαι</strong></span> <span class='ocrx_word' id='word_1_1021' title='bbox 2778 5745 2855 5794; x_wconf 77' lang='grc' dir='ltr'><strong>τά.</strong></span> <span class='ocrx_word' id='word_1_1022' title='bbox 2884 5744 3060 5813; x_wconf 40' lang='lat' dir='ltr'><strong>Matre]:</strong></span> <span class='ocrx_word' id='word_1_1023' title='bbox 3078 5746 3257 5813; x_wconf 62' lang='grc' dir='ltr'><strong>διδᾴξαι</strong></span> <span class='ocrx_word' id='word_1_1024' title='bbox 3276 5744 3351 5792; x_wconf 74' lang='grc' dir='ltr'><strong>τά.</strong></span> <span class='ocrx_word' id='word_1_1025' title='bbox 3391 5802 3398 5809; x_wconf 89' lang='lat'><strong><em>_</em></strong></span> <span class='ocrx_word' id='word_1_1026' title='bbox 3497 5798 3522 5812; x_wconf 78' lang='lat'><em>_</em></span> <span class='ocrx_word' id='word_1_1027' title='bbox 3597 5799 3614 5813; x_wconf 41' lang='grc' dir='ltr'><strong>Ι</strong></span> 
     </span>
    </p>
   </div>
   <div class='ocr_carea' id='block_1_132' title="bbox 2158 5800 3756 5869">
    <p class='ocr_par' dir='ltr' id='par_1_132' title="bbox 2158 5800 3756 5869">
     <span class='ocr_line' id='line_1_132' title="bbox 2158 5800 3756 5869; baseline -0.004 -16"><span class='ocrx_word' id='word_1_1028' title='bbox 2158 5806 2185 5869; x_wconf 67' lang='grc' dir='ltr'><strong>εξ</strong></span> <span class='ocrx_word' id='word_1_1029' title='bbox 2217 5804 2383 5869; x_wconf 43' lang='grc' dir='ltr'><strong>δενὶι.</strong></span> <span class='ocrx_word' id='word_1_1030' title='bbox 2417 5812 2470 5869; x_wconf 71' lang='grc' dir='ltr'><strong>ει</strong></span> <span class='ocrx_word' id='word_1_1031' title='bbox 2512 5800 3064 5869; x_wconf 24' lang='lat' dir='ltr'><strong>qdidam‘manuscripli</strong></span> <span class='ocrx_word' id='word_1_1032' title='bbox 3122 5804 3250 5854; x_wconf 76' lang='grc' dir='ltr'><strong>οὗτοι</strong></span> <span class='ocrx_word' id='word_1_1033' title='bbox 3292 5802 3412 5864; x_wconf 66' lang='grc' dir='ltr'><strong>μετὰ</strong></span> <span class='ocrx_word' id='word_1_1034' title='bbox 3464 5800 3558 5848; x_wconf 77' lang='grc' dir='ltr'><strong>τῶν</strong></span> <span class='ocrx_word' id='word_1_1035' title='bbox 3588 5800 3756 5848; x_wconf 63' lang='lat' dir='ltr'><strong>eum</strong></span> 
     </span>
    </p>
   </div>
   <div class='ocr_carea' id='block_1_133' title="bbox 2090 5866 2813 5929">
    <p class='ocr_par' dir='ltr' id='par_1_133' title="bbox 2090 5866 2813 5929">
     <span class='ocr_line' id='line_1_133' title="bbox 2090 5866 2813 5929; baseline -0.001 -14"><span class='ocrx_word' id='word_1_1036' title='bbox 2090 5866 2307 5915; x_wconf 72' lang='grc' dir='ltr'><strong>ἁπάντων</strong></span> <span class='ocrx_word' id='word_1_1037' title='bbox 2327 5868 2421 5921; x_wconf 79' lang='grc' dir='ltr'><strong>τῶν</strong></span> <span class='ocrx_word' id='word_1_1038' title='bbox 2439 5867 2623 5929; x_wconf 80' lang='grc' dir='ltr'><strong>ἀγαθῶν</strong></span> <span class='ocrx_word' id='word_1_1039' title='bbox 2641 5866 2813 5919; x_wconf 82' lang='grc' dir='ltr'><strong>αἰτίαν.</strong></span> 
     </span>
    </p>
   </div>
   <div class='ocr_carea' id='block_1_134' title="bbox 3890 5024 3894 5111">
    <p class='ocr_par' dir='ltr' id='par_1_134' title="bbox 3890 5024 3894 5111">
     <span class='ocr_line' id='line_1_134' title="bbox 3890 5024 3894 5111; baseline 0 0"><span class='ocrx_word' id='word_1_1040' title='bbox 3890 5024 3894 5111; x_wconf 87' lang='grc' dir='ltr'><strong>ι</strong></span> 
     </span>
    </p>
   </div>
   <div class='ocr_carea' id='block_1_135' title="bbox 3886 5164 3894 5549">
    <p class='ocr_par' dir='ltr' id='par_1_135' title="bbox 3886 5164 3894 5549">
     <span class='ocr_line' id='line_1_135' title="bbox 3886 5164 3894 5549; baseline 0 -110"><span class='ocrx_word' id='word_1_1041' title='bbox 3886 5164 3894 5439; x_wconf 56' lang='grc' dir='ltr'><strong>γ</strong></span> 
     </span>
    </p>
   </div>
   <div class='ocr_carea' id='block_1_136' title="bbox 3888 5622 3894 5699">
    <p class='ocr_par' dir='ltr' id='par_1_136' title="bbox 3888 5622 3894 5699">
     <span class='ocr_line' id='line_1_136' title="bbox 3888 5622 3894 5699; baseline 0 0"><span class='ocrx_word' id='word_1_1042' title='bbox 3888 5622 3894 5699; x_wconf 68' lang='lat' dir='ltr'><strong>i</strong></span> 
     </span>
    </p>
   </div>
   <div class='ocr_carea' id='block_1_137' title="bbox 3884 5752 3894 6101">
    <p class='ocr_par' dir='ltr' id='par_1_137' title="bbox 3884 5752 3894 6101">
     <span class='ocr_line' id='line_1_137' title="bbox 3884 5752 3894 6101; baseline 0 0"><span class='ocrx_word' id='word_1_1043' title='bbox 3884 5752 3894 6101; x_wconf 68' lang='grc'><strong>1</strong></span> 
     </span>
    </p>
   </div>
  </div>
