3912 6230
279 507 335 543 ιιι
365 486 524 541 vitam
555 484 691 540 Deus
719 490 953 538 nostram
982 481 1177 537 intulit.
1201 479 1409 534 Etenim
1436 484 1561 530 ante
1578 481 1854 544 peccatum

281 578 453 633 Adam
499 573 710 644 quando
753 574 917 628 multa
967 572 1237 626 fruebatur
1272 569 1534 630 libertate,
1572 561 1860 634 agricultu-

278 685 395 727 ram
419 666 702 738 quamdam
729 665 878 721 obire
914 664 1095 734 jussus
1117 670 1230 726 est,
1263 676 1366 714 non
1397 656 1716 713 laboriosam
1741 652 1861 723 qui-

278 764 429 824 dem,
458 773 559 814 nec
585 770 851 811 mrnmnas
877 754 1184 815 habentem,
1214 750 1309 806 sed
1337 748 1557 803 multam
1601 744 1701 800 sibi
1726 757 1861 812 pra:-

279 852 493 905 bcntcm
544 846 952 918 philosophiam.
1016 843 1195 897 Posuit
1249 840 1391 896 enim
1438 840 1625 909 ipsum,
1661 835 1755 899 ait,
1803 839 1860 886 ut

279 949 578 1011 operaretur
602 949 648 994 et
681 936 954 992 custodiret
978 934 1275 1006 paradisum
1308 930 1471 1002 (Gen.
1509 928 1565 981 9.
1591 928 1657 982 i5
1678 926 1717 997 ).
1751 922 1860 978 Ho-

279 1047 400 1086 rmn
427 1044 691 1100 quemque
709 1040 958 1082 cerneres
994 1039 1135 1080 nunc
1161 1022 1372 1093 quidem
1404 1022 1566 1075 boves
1586 1018 1858 1087 jugantem

277 1122 544 1177 aratorios
569 1130 624 1175 et
668 1129 902 1173 aratrum
932 1118 1227 1171 trahentem
1269 1122 1324 1169 et
1364 1111 1683 1183 profundum
1721 1108 1862 1163 scin-

281 1216 499 1270 dentem
548 1211 775 1273 sulcum,
822 1222 964 1263 nunc
1010 1215 1187 1261 autem
1233 1218 1444 1260 sacrum
1487 1199 1859 1255 ascendentem

284 1315 588 1378 suggestum
646 1315 704 1360 ct
754 1303 1089 1359 subditorum
1138 1300 1345 1355 animas
1392 1304 1680 1350 arantem:
1722 1305 1861 1345 nunc

279 1399 501 1468 quidem
526 1396 636 1467 agri
663 1395 844 1465 spinas
869 1392 1203 1448 excidentem
1234 1389 1387 1447 falce,
1417 1400 1559 1440 nunc
1586 1397 1717 1437 vero
1743 1396 1861 1435 scr-

282 1504 446 1544 mone
495 1502 563 1541 ex
604 1485 794 1540 animis
857 1490 1071 1553 peccata
1121 1489 1507 1548 extergentem.
1564 1474 1681 1527 Non
1719 1471 1860 1526 enim

281 1579 606 1635 erubescunt
625 1576 880 1640 culturas,
912 1574 1049 1626 sicut
1077 1571 1226 1626 urbis
1271 1579 1468 1623 nostra:
1512 1563 1718 1628 incolae,
1768 1560 1863 1614 sed

280 1671 603 1726 erubescunt
627 1666 927 1736 segnitiem,
964 1663 1214 1734 quoniam
1243 1660 1547 1715 didicerunt
1573 1656 1714 1709 illam
1747 1668 1862 1706 om-

283 1776 409 1817 uem
439 1758 688 1813 docuisse
709 1755 963 1811 malitiam
999 1770 1012 1807 :
1045 1761 1102 1808 et
1138 1752 1206 1806 ab
1246 1750 1398 1804 initio
1427 1762 1488 1801 se
1514 1742 1862 1815 diligentibus

283 1851 535 1921 nequitias
562 1850 723 1904 fuisse
751 1847 1077 1917 magistram.
1108 1843 1171 1897 Hi
1200 1850 1323 1896 sunt
1342 1840 1580 1895 maxime
1599 1836 1685 1906 qui
1705 1833 1862 1890 nobis

282 1944 539 2013 optimam
567 1937 927 2011 philoSOphari
956 1935 1206 1990 videntur
1230 1928 1646 2001 philosophiam,
1676 1941 1781 1980 non
1798 1938 1861 1978 ex

283 2033 490 2099 habitu,
520 2031 613 2086 sed
644 2045 710 2086 ex
753 2027 1016 2085 sententia
1056 2026 1304 2079 virtutem
1352 2035 1503 2076 suam
1530 2017 1863 2074 exhibentes.

284 2124 469 2195 Itaque
496 2133 842 2180 externorum
868 2118 1194 2190 philosophi,
1233 2115 1459 2172 scenicis
1487 2121 1542 2168 et
1579 2112 1864 2166 mimorum

284 2219 433 2274 ludis
475 2216 786 2273 vacantibus
829 2214 996 2268 nihilo
1024 2212 1213 2267 melius
1257 2223 1317 2265 se
1360 2206 1576 2271 habent,
1625 2203 1785 2274 pallio
1811 2208 1869 2257 et

287 2311 453 2366 barba
493 2319 548 2364 et
588 2309 722 2366 stola
748 2307 879 2362 nihil
932 2305 1166 2375 amplius
1200 2301 1454 2357 exhibere
1501 2299 1738 2353 valentes
1771 2313 1783 2351 :
1813 2293 1866 2349 hi

283 2419 413 2459 vero
439 2412 646 2467 contra,
689 2401 879 2455 baculo
931 2407 986 2454 et
1039 2396 1203 2451 barba
1246 2404 1301 2449 et
1349 2393 1560 2462 reliquo
1610 2395 1866 2460 apparatu

284 2497 499 2567 longum
529 2495 707 2550 valere
721 2493 902 2564 jussis,
932 2491 1165 2546 animam
1186 2501 1498 2543 suamveraa
1517 2481 1868 2555 philosophiae

284 2586 567 2655 praeceptis
595 2597 946 2646 exornavere,
979 2594 1080 2635 nec
1104 2576 1392 2650 praeceptis
1430 2584 1657 2639 tantum,
1679 2586 1865 2627 verum

283 2687 341 2731 et
383 2676 639 2746 operibus
669 2673 825 2743 ipsis.
850 2673 917 2727 Et
950 2673 994 2727 si
1025 2670 1216 2725 borum
1241 2666 1542 2738 quempiam
1572 2665 1867 2730 interroges

285 2769 341 2822 in
372 2766 699 2837 agricultura
719 2764 1010 2820 viventium
1036 2803 1052 2828 ,
1085 2771 1141 2816 et
1169 2760 1348 2830 ligone
1387 2766 1444 2812 et
1476 2763 1655 2809 aratro
1696 2752 1881 2807 confe~

281 2869 517 2913 ctorum.
553 2856 622 2911 de
663 2854 947 2924 dogmatis,
989 2853 1055 2908 de
1091 2851 1282 2921 quibus
1328 2847 1531 2903 inﬁnita
1566 2853 1868 2915 qumrentes

282 2950 497 3008 externi
544 2944 867 3017 philosophi,
913 2953 968 2999 et
1008 2954 1285 2998 sermones
1322 2939 1519 2993 multos
1562 2933 1867 2997 fundentes,

285 3043 420 3097 nihil
449 3054 637 3096 sanum
666 3037 845 3092 dicere
868 3042 1178 3106 potuerunt,
1206 3030 1397 3086 sedulo
1415 3035 1603 3083 cuncta
1630 3025 1722 3079 tibi
1744 3038 1875 3079 cum

286 3133 455 3188 multa
485 3127 829 3200 respondebit
875 3124 1154 3194 sapientia.
1185 3122 1295 3179 Nec
1318 3122 1421 3175 hoc
1446 3128 1647 3174 tantum
1670 3125 1752 3171 cst
1774 3115 1871 3169 ad-

284 3222 552 3288 mirabile,
602 3234 787 3275 verum
837 3225 893 3272 et
930 3215 1181 3286 quoniam
1220 3228 1317 3284 per
1359 3224 1521 3281 opera
1563 3209 1875 3278 dogmatum

286 3316 451 3372 ﬁdem
480 3315 709 3367 ﬁrmant.
757 3309 970 3366 Etenim
1011 3305 1154 3377 quod
1195 3305 1426 3360 animam
1456 3300 1745 3355 habeamus
1773 3298 1879 3351 im-

289 3406 610 3469 mortalem,
659 3411 714 3457 et
756 3402 995 3455 omnium
1045 3412 1164 3468 qua:
1213 3395 1300 3450 hic
1339 3401 1596 3464 geruntur
1642 3390 1875 3444 rationes

289 3497 516 3554 reddere
533 3494 845 3558 debeamus,
873 3500 927 3546 et
948 3487 1227 3544 tremendo
1252 3486 1507 3541 assistere
1529 3480 1796 3543 tribunali,
1819 3490 1876 3534 et

288 3591 343 3645 in
375 3595 555 3642 mente
574 3584 673 3639 sibi
700 3587 1111 3653 persuaserunt,
1138 3586 1192 3633 et
1220 3577 1383 3631 vitam
1404 3588 1619 3629 omnem
1649 3571 1716 3625 ad
1738 3570 1875 3625 hanc

290 3692 444 3748 spem
475 3675 837 3736 instituerunt,
889 3677 944 3725 et
982 3666 1128 3723 omni
1156 3665 1396 3721 smcnlari
1429 3676 1619 3732 pompa
1641 3660 1878 3729 superio-

291 3767 615 3832 resrcdditi,
657 3773 818 3834 atque
866 3778 896 3816 a
945 3761 1122 3816 divina
1174 3757 1366 3814 eruditi
1406 3755 1698 3824 Scriptura,
1735 3751 1874 3822 quod

304 3859 515 3915 Vanitas
542 3859 844 3920 sanitatum,
885 3864 933 3908 et
961 3854 1130 3907 omnia
1153 3853 1351 3906 vanitas
1376 3849 1569 3921 (Eccle.
1605 3848 1657 3902 1.
1682 3847 1743 3916 2)
1767 3864 1782 3900 :
1809 3844 1875 3899 ad

295 3954 372 4009 nil
398 3967 582 4008 eorum
612 3964 731 4020 qum
762 3946 1008 4001 videntur
1035 3960 1156 4000 esse
1174 3945 1340 4008 clara,
1368 3940 1639 3995 anhelant.

369 4045 567 4101 Rustici
594 4041 925 4113 sapientiores
946 4035 1167 4107 antiquis
1195 4033 1530 4107 philosophis.
1554 4061 1626 4072 —
1650 4030 1713 4085 Hi
1736 4040 1787 4084 et
1808 4028 1877 4083 dc

298 4140 414 4195 Deo
445 4138 559 4191 haec
586 4131 950 4205 phi1050phari
991 4138 1226 4194 norunt,
1253 4143 1373 4197 qtue
1416 4125 1554 4180 Deus
1585 4121 1872 4177 mandavit.

300 4233 385 4284 Ac
408 4226 453 4282 si
508 4239 787 4281 assumens
814 4236 998 4277 eorum
1030 4236 1214 4280 unum,
1245 4214 1617 4286 philosophum
1649 4213 1876 4282 aliquem

297 4329 644 4374 externorum
669 4328 810 4368 nunc
839 4314 891 4366 in
918 4310 1157 4366 medium
1177 4308 1428 4371 adducas,
1459 4306 1567 4360 imo
1585 4319 1715 4360 vero
1741 4317 1882 4357 nunc

296 4407 513 4479 quidem
558 4405 734 4459 nullus
774 4410 947 4471 potest
974 4399 1236 4464 inveniri;
1267 4399 1311 4452 si
1348 4411 1476 4452 vero
1510 4395 1698 4449 horum
1727 4408 1880 4447 assu-

300 4512 419 4552 mas
460 4510 662 4558 unum,
702 4491 1058 4560 evolvensqne
1104 4489 1397 4557 priscorum
1440 4483 1879 4554 philosophorum

300 4591 468 4644 libros
492 4601 770 4657 percurras
792 4604 806 4640 :
829 4593 884 4640 et
903 4584 1028 4654 quid
1056 4583 1108 4636 hi
1133 4581 1344 4651 quidem
1368 4594 1508 4634 nunc
1531 4576 1878 4647 respondent,

300 4679 429 4747 quid
459 4688 632 4733 autem
662 4677 737 4730 illi
768 4684 895 4730 tunc
922 4672 1282 4745 philosophati
1327 4679 1450 4724 sunt
1472 4711 1487 4737 ,
1519 4671 1572 4724 in
1606 4683 1881 4737 compara—

301 4773 451 4826 tione
476 4784 681 4841 ponens
708 4767 962 4823 discutias
984 4807 999 4833 ,
1028 4764 1230 4820 videbis
1256 4771 1451 4834 quanta
1478 4763 1548 4816 sit
1580 4760 1767 4815 horum
1794 4774 1883 4813 sa-

300 4860 502 4932 pientia
526 4899 542 4924 ,
572 4869 772 4930 quanta
808 4872 938 4913 vero
981 4857 1191 4911 illorum
1236 4853 1525 4909 dementia.
1564 4852 1697 4907 Cum
1740 4850 1882 4905 enim

302 4955 542 5023 ipsorum
570 4949 784 5020 quidam
821 4949 1021 5005 nullam
1060 4948 1112 5001 in
1150 4946 1309 5001 rebus
1343 4958 1464 5000 esse
1505 4942 1884 5015 providentiam

302 5044 518 5105 dicant,
547 5056 647 5096 nec
667 5055 697 5094 a
724 5041 832 5095 Deo
854 5048 1090 5094 creatum
1116 5052 1235 5091 esse
1265 5035 1518 5090 mundum
1538 5075 1552 5097 ,
1585 5048 1757 5103 neque
1776 5033 1885 5085 vir-

304 5145 473 5190 tntem
492 5134 594 5189 sibi
621 5132 721 5202 ipsi
749 5131 1099 5187 sufﬁcientem
1129 5143 1270 5193 esse,
1299 5128 1391 5182 sed
1420 5141 1552 5195 Opus
1580 5140 1701 5180 esse
1729 5139 1890 5194 pecu-

302 5227 409 5281 niis
437 5234 490 5279 ct
520 5224 798 5278 nobilitate
834 5231 889 5276 et
917 5221 1170 5276 exteriori
1209 5219 1446 5274 claritate
1465 5259 1480 5283 ,
1509 5227 1562 5270 et
1592 5216 1756 5270 multa
1786 5216 1886 5268 alia

303 5316 393 5371 his
422 5314 591 5384 magis
617 5313 837 5369 ridicula
862 5331 876 5368 :
897 5312 951 5366 hi
982 5320 1160 5365 autem
1190 5319 1245 5363 ct
1270 5310 1336 5363 de
1366 5308 1714 5377 providentia,
1744 5316 1797 5361 et
1821 5306 1895 5360 de

300 5406 522 5479 iudiciis
541 5405 906 5476 sequentibus,
929 5413 982 5459 et
1000 5404 1067 5457 de
1096 5402 1188 5457 Dei
1214 5400 1502 5465 creatione,
1528 5399 1617 5468 qui
1638 5413 1705 5454 ex
1725 5396 1893 5451 nihilo

302 5499 486 5555 omnia
517 5496 790 5568 produxit,
817 5506 873 5552 et
896 5496 964 5551 de
992 5494 1112 5549 aliis
1139 5492 1385 5548 omnibus
1411 5488 1851 5561 philoSOphentur
1873 5529 1888 5554 ,

302 5590 439 5646 nihil
470 5589 689 5644 omnino
713 5589 781 5645 de.
806 5597 1024 5643 externa
1049 5586 1280 5640 scientes
1306 5580 1607 5652 disciplina,
1636 5580 1755 5651 quis
1783 5595 1895 5634 non

304 5685 437 5741 hinc
460 5678 656 5738 Christi
685 5682 971 5753 potentiam
1002 5679 1191 5744 discat,
1219 5691 1339 5746 qua:
1367 5675 1648 5732 illiteratos
1671 5681 1725 5728 et
1751 5671 1891 5728 idio-

307 5786 393 5832 tas
416 5773 643 5832 multum
660 5773 712 5829 in
729 5773 980 5844 sapientia
998 5768 1343 5843 gloriantibus
1368 5775 1516 5823 tanto
1543 5763 1890 5836 sapientiores

1096 369 1188 423 AD
1225 362 1543 422 POPULUM
1582 355 2069 416 ANTIOCIIENUM
2132 357 2356 414 IIOMII..
2398 357 2541 414 XIX.

3441 358 3538 414 1‘90

1966 469 2447 534 demonstraverit,
2499 478 2697 541 quanto
2747 469 2921 540 parvis
2971 469 3205 539 puerulis
3255 469 3543 540 prudentes

1969 560 2107 616 viros
2145 569 2462 631 pra-stantes
2499 575 2719 616 cernere
2755 560 3065 627 est‘i'Qund
3108 561 3250 615 enim
3280 561 3408 632 ipsis
3445 563 3544 617 da-

1880 695 1947 739 ἢ
1965 669 2146 708 mnum
2168 667 2236 708 ex
2262 653 2523 709 sermonis
2549 653 2823 724 imperitia
2838 667 2969 708 esse
2986 653 3171 722 possit.
3194 668 3314 708 cum
3337 664 3544 710 mentes

1967 743 2131 798 multa
2166 744 2272 799 sint
2313 744 2442 813 ipsis
2470 744 2644 814 plente
2679 744 2984 813 sapientia?
3012 759 3130 813 qua:
3157 759 3288 799 vero
3313 745 3549 799 externis

1966 851 2033 892 ex
2058 851 2366 891 sermonum
2393 835 2671 906 disciplina
2702 837 2903 891 utilitas
2926 877 2940 901 ,
2963 851 3084 895 cum
3117 851 3268 891 mens
3295 851 3452 891 sensu
3479 837 3549 891 sit

1964 928 2167 982 vacua?
2200 927 2270 983 Ut
2299 927 2342 982 si
2381 929 2501 998 quis
2546 942 2729 982 ensem
2772 937 3019 998 gereret,
3050 928 3295 996 capulum
3331 928 3546 998 quidem

1967 1027 2275 1088 argenteum
2321 1019 2601 1074 habentem
2624 1059 2638 1083 ,
2669 1003 2864 1073 Errum
2893 1034 3017 1073 vero
3056 1019 3293 1089 quolibet
3333 1019 3546 1088 plumbo

1893 1166 1898 1171 .
1969 1112 2285 1167 imbecillius
2315 1130 2330 1164 :
2362 1120 2415 1167 et
2444 1112 2527 1167 his
2550 1127 2692 1166 enim
2721 1111 2897 1181 lingua
2929 1112 3142 1182 quidem
3172 1111 3349 1166 verbis
3374 1122 3426 1166 et
3453 1129 3550 1165 no-

1968 1203 2197 1257 minibus
2221 1211 2303 1258 est
2328 1212 2531 1269 ornata,
2560 1216 2711 1257 mens
2733 1217 2862 1257 vero
2887 1203 3048 1256 multa
3075 1204 3274 1270 repleta
3301 1212 3383 1257 est
3403 1203 3550 1257 inﬁr-

1967 1297 2150 1351 mitate
2171 1337 2187 1362 ,
2210 1307 2263 1351 et
2283 1298 2426 1366 .ipsis
2452 1298 2516 1351 ad
2547 1297 2722 1352 omnia
2754 1306 2835 1351 est
2864 1297 3064 1352 inutilis
3096 1314 3110 1351 :
3138 1304 3194 1352 at
3218 1312 3320 1351 non
3349 1298 3427 1353 sic
3454 1297 3554 1352 ho-

1968 1403 2085 1442 rnm
2114 1388 2552 1459 phil050pborum
2574 1432 2588 1456 ,
2623 1389 2717 1445 sed
2756 1389 2965 1458 penitus
2994 1390 3339 1457 contrarium,
3373 1392 3552 1445 multae

1971 1493 2122 1533 mens
2162 1479 2288 1549 ipsis
2317 1478 2667 1550 philos0pbiae
2704 1479 2993 1549 spiritualis
3021 1490 3104 1535 est
3144 1481 3299 1550 plena
3325 1523 3339 1543 ,
3369 1488 3423 1536 et
3451 1481 3552 1535 do-

1969 1577 2146 1636 gmata
2166 1568 2271 1622 vita
2292 1578 2543 1624 sectatur.
2569 1570 2721 1640 Apud
2743 1569 2841 1625 hos
2862 1585 2966 1625 non
2988 1579 3113 1626 sunt
3132 1572 3382 1626 mulieres
3402 1572 3553 1626 luxu-

1972 1661 2170 1716 riantes
2191 1704 2206 1727 ,
2251 1676 2348 1716 nec
2376 1663 2807 1718 vestimentorum
2849 1672 3070 1718 ornatus
3091 1703 3105 1728 ,
3140 1680 3239 1719 nec
3263 1664 3474 1720 colores
3500 1675 3554 1719 et

1973 1751 2096 1818 l'nci,
2123 1753 2217 1806 sed
2242 1752 2415 1807 omnis
2434 1752 2737 1822 hujusmodi
2764 1768 2970 1809 morum
2995 1754 3264 1824 corruptio
3284 1756 3431 1826 pulsa
3449 1767 3552 1811 est.

1973 1843 2127 1898 Unde
2151 1843 2359 1898 facilius
2378 1859 2587 1915 quoque
2611 1843 2881 1899 subditum
2904 1845 3003 1900 sibi
3030 1846 3281 1915 populum
3306 1846 3357 1900 in
3379 1846 3555 1903 mode-

1973 1936 2129 1990 stiam
2155 1934 2442 2001 deducunt,
2470 1945 2525 1991 et
2549 1936 2700 1991 Pauli
2728 1935 2909 2006 legem
2926 1934 3185 1990 velamina
3209 1945 3259 1990 ct
3287 1951 3438 1991 escas
3457 1937 3553 1991 ha-

1966 2025 2117 2093 bere,
2141 2035 2196 2082 et
2216 2027 2292 2084 nil
2311 2027 2544 2097 amplius
2568 2041 2813 2098 quaerere
2836 2027 3116 2096 iubentem
3136 2028 3210 2099 (ι.
3236 2029 3368 2085 Tim.
3394 2029 3447 2086 6.
3469 2030 3547 2101 8),

1967 2118 2140 2175 multa
2189 2134 2314 2175 cum
2363 2118 2642 2190 diligentia
2690 2118 3024 2174 custodiunt.
3083 2121 3241 2191 Apud
3286 2122 3388 2177 hos
3438 2138 3549 2177 non

1973 2215 2056 2261 est
2085 2216 2473 2273 unguentorum
2517 2219 2644 2259 usus
2686 2215 2920 2261 mentem
2963 2205 3253 2267 allectans.
3283 2207 3376 2261 sed
3417 2216 3555 2264 terra

1974 2296 2167 2354 herbas
2205 2297 2480 2368 proferens
2514 2301 2662 2356 omni
2703 2301 3055 2370 unguentario
3097 2302 3386 2371 sapientius
3421 2301 3553 2372 ipsis

1973 2390 2172 2446 variam
2215 2392 2404 2448 ﬂorum
2445 2402 2596 2463 parat
2634 2393 2970 2448 suavitatem.
3001 2394 3290 2465 Propterea
3329 2403 3383 2450 et
3426 2395 3554 2466 ipsis

1973 2496 2196 2552 corpora
2217 2498 2338 2538 cum
2363 2484 2557 2539 animis
2582 2497 2709 2554 pura
2739 2484 2963 2538 sanitate
2989 2485 3283 2553 potiuntur,
3306 2486 3556 2555 quoniam

1974 2586 2159 2628 omnes
2188 2572 2405 2629 delicias
2443 2574 2799 2644 expulerunt,
2831 2581 2886 2628 et
2923 2574 3246 2642 nequissima
3285 2575 3558 2631 ebrietatis

1975 2665 2167 2721 ﬂuenta
2197 2665 2528 2736 higaverunt,
2558 2676 2612 2721 et
2640 2674 2841 2721 tantum
2872 2667 3180 2734 comedunt,
3210 2677 3465 2738 quantum
3490 2668 3556 2724 ad

1977 2757 2263 2813 vivendum
2284 2758 2497 2812 suliicit.
2520 2757 2597 2814 Ne
2619 2758 2762 2827 ipsos
2783 2757 2947 2827 igitur
2958 2773 3023 2814 ex
3042 2756 3225 2813 habitu
3245 2768 3560 2817 contemna-

1976 2864 2119 2916 mus,
2148 2850 2244 2905 sed
2273 2849 2507 2919 ipsorum
2539 2859 2771 2905 mentem
2800 2849 3141 2905 admiremur.
3172 2851 3302 2919 Quae
3332 2866 3561 2923 namque

1976 2941 2254 2998 exterioris
2290 2940 2514 2996 amictus
2553 2942 2787 3005 utilitas,
2827 2956 2947 2995 cum
2991 2941 3166 2996 anima
3209 2943 3455 2998 mendico
3492 2945 3562 2998 sit

1977 3034 2122 3089 omni
2151 3034 2396 3088 miserius
2424 3032 2646 3087 induta?
2680 3032 2859 3086 Virum
2888 3048 2992 3087 non
3023 3049 3053 3088 a
3079 3035 3426 3099 vestimentis,
3452 3035 3576 3095 imo.

1978 3138 2079 3178 nec
2107 3123 2174 3177 ab
2201 3123 2316 3192 ipso
2344 3137 2602 3192 corpore,
2636 3122 2727 3178 sed
2766 3124 2835 3178 ab
2872 3127 3045 3180 anima
3077 3125 3291 3180 laudare
3327 3124 3483 3182 decet
3508 3136 3575 3187 et.

1977 3213 2252 3269 admirari.
2285 3214 2484 3268 [lorum
2510 3215 2741 3268 animam
2780 3231 2914 3271 exue
2939 3257 2954 3280 ,
2984 3225 3038 3270 et
3067 3216 3233 3286 ipsius
3262 3216 3562 3287 pulchritu-

1979 3305 2157 3360 dinem
2185 3304 2387 3360 videbis
2414 3315 2571 3372 atque
2596 3305 2806 3360 divitias
2846 3321 2941 3375 per
2967 3307 3128 3361 verba
3149 3348 3164 3372 ,
3183 3309 3290 3376 per
3318 3309 3562 3378 dogmata

1980 3406 2034 3454 et
2058 3413 2155 3469 per
2172 3412 2382 3452 omnem
2411 3412 2619 3452 morum
2646 3398 3098 3452 constitutionem.

2049 3489 2107 3544 2.
2147 3488 2478 3543 Ernbescant
2508 3488 2664 3557 igitur
2689 3488 2917 3558 gentiles
2940 3530 2958 3555 ,
2982 3488 3234 3544 secedant
3259 3500 3311 3545 et
3333 3489 3575 3545 abscon-.

1981 3580 2191 3645 dantur,
2215 3579 2282 3635 de
2298 3579 2406 3634 suis
2425 3579 2776 3649 philosophis,
2800 3579 2867 3634 de
2884 3595 2981 3636 sua
2998 3594 3052 3634 sa
3061 3581 3255 3648 pientia
3274 3581 3416 3641 omni
3435 3583 3573 3639 stuL.

1983 3676 2095 3730 titia
2129 3676 2425 3730 miseriore.
2458 3674 2609 3745 Apud
2638 3676 2780 3744 ipsos
2824 3676 2969 3733 enim
2999 3674 3295 3744 philosophi
3326 3690 3420 3745 per
3445 3676 3566 3735 vita:

1984 3780 2093 3820 sua:
2119 3774 2327 3834 tempus
2352 3765 2437 3818 vix
2464 3781 2663 3834 paucos
2684 3777 2736 3820 et
2764 3765 2917 3821 facile
2943 3766 3296 3825 numerabiles
3320 3767 3578 3837 dogmata.

1984 3872 2077 3911 sua
2106 3856 2300 3912 docere
2331 3867 2617 3926 potuerunt
2644 3859 2685 3923 ³,
2723 3865 2777 3912 et
2804 3858 2882 3911 vel
2912 3859 3103 3928 exiguo
3132 3858 3565 3928 apprehendente

1986 3949 2225 4021 periculo
2253 3949 2352 4003 hos
2390 3949 2549 4003 etiam
2595 3948 2991 4018 perdiderunt;
3025 3948 3217 4005 Christi
3246 3964 3375 4005 vero
3402 3948 3566 4003 disci-

1986 4040 2117 4111 puli,
2145 4040 2455 4109 piseatores,
2487 4046 2541 4092 et
2567 4038 2851 4108 publicani,
2880 4046 2932 4091 et
2960 4037 3310 4098 tentoriorum
3331 4048 3562 4108 sutores,

1987 4131 2167 4202 paucis
2196 4130 2348 4185 annis
2391 4138 2557 4184 totum
2587 4129 2842 4187 mundum
2872 4129 2939 4183 ad
2965 4131 3241 4185 veritatem
3281 4138 3564 4187 converte-

1985 4232 2112 4277 runt
2141 4239 2154 4276 :
2184 4231 2238 4276 et
2274 4221 2568 4276 innumeris
2604 4230 2777 4275 tamen
2808 4220 3148 4276 nascentibus
3186 4221 3434 4290 periculis
3460 4237 3566 4276 non

1989 4325 2190 4371 tantum
2215 4329 2319 4369 non
2354 4324 2436 4368 est
2463 4313 2719 4369 exstincta
2745 4313 3084 4383 prmdicatio,
3115 4329 3299 4368 verum
3339 4321 3393 4368 et
3414 4312 3570 4368 ﬂoret

1988 4423 2051 4463 ac
2080 4407 2131 4461 in
2161 4407 2335 4475 majus
2374 4413 2596 4475 augetur
2620 4447 2634 4469 ,
2668 4413 2724 4460 et
2752 4403 3114 4474 philosophari
3145 4404 3440 4458 docuerunt
3468 4404 3568 4458 ho-

1989 4497 2162 4552 mines
2185 4483 2348 4551 rudes
2374 4507 2427 4550 et
2453 4495 2713 4564 agricolas
2743 4502 2798 4549 et
2838 4494 2977 4548 inter
3004 4503 3243 4549 armenta
3271 4502 3566 4550 versantes.

1990 4589 2052 4643 lli
2077 4597 2269 4657 praeter
2288 4596 2477 4641 caetera
2498 4586 2696 4647 omnia,
2720 4594 2775 4640 et
2794 4586 3028 4640 omnium
3052 4586 3310 4639 bonorum
3328 4599 3563 4649 causam,

1992 4679 2268 4734 caritatem
2295 4676 2867 4735 radicatambabentes
2893 4678 2935 4742 ’,
2965 4676 3031 4731 ad
3062 4691 3158 4730 nos
3185 4676 3568 4732 festinaverunt

1993 4780 2188 4837 tantam
2211 4777 2490 4826 currentes
2508 4769 2668 4836 viam,
2689 4778 2750 4824 ut
2769 4769 3010 4824 venirent
3030 4777 3084 4824 et
3105 4767 3316 4839 propria
3338 4767 3570 4823 circum-

1994 4863 2349 4933 plecterentur
2376 4861 2636 4917 membra.

2065 4952 2287 5006 Rursum
2306 4951 2369 5006 de
2379 4950 2897 5023 ⁸ἠιταηιθιιιίι--ηΕἰο
2921 4950 3080 5020 igitur
3099 4957 3154 5004 et
3179 4965 3278 5004 nos
3303 4964 3401 5020 pro
3421 4947 3574 5003 donis

1996 5044 2131 5110 istis,
2158 5043 2377 5097 caritate
2402 5042 2522 5097 dico
2550 5051 2604 5097 et
2631 5040 2844 5106 aﬂ‘ectu,
2870 5042 3058 5096 viatica
3087 5039 3296 5105 dantes,
3328 5038 3405 5093 sic
3430 5039 3574 5108 ipsos

1996 5134 2348 5200 remittamus,
2377 5146 2432 5189 et
2457 5149 2668 5188 rursum
2697 5134 2765 5188 de
2785 5131 3102 5202 juramentis
3130 5143 3432 5193 sermonem
3454 5142 3573 5183 mo-

1995 5240 2236 5288 veamus,
2263 5234 2322 5280 ut
2350 5225 2602 5279 radicitus
2626 5239 2690 5279 ex
2720 5223 2958 5279 omnium
2989 5231 3168 5277 mente
3194 5217 3432 5290 improba
3461 5217 3578 5272 hate

1997 5316 2329 5373 consuetudo
2351 5316 2657 5373 revellatur.
2685 5315 2836 5371 Prius
2861 5323 3037 5369 autem
3062 5311 3184 5367 volo
3209 5324 3375 5383 pauca
3396 5308 3463 5363 de
3489 5309 3574 5363 di-

1999 5410 2099 5466 ctis
2128 5425 2157 5464 a
2188 5409 2340 5463 nobis
2359 5405 2613 5477 superius
2641 5404 2799 5461 hodie
2821 5416 3261 5461 commemorare.
3290 5398 3575 5469 Postquam

2064 5588 2080 5618 ¹
2116 5584 2190 5634 sic
2211 5579 2372 5632 Morel.
2397 5579 2536 5632 savii.
2562 5586 2748 5641 autem,
2772 5580 3003 5643 dogmata
3022 5588 3112 5626 sua
3132 5582 3184 5624 ut
3217 5571 3580 5625 observarentur

1998 5645 2296 5712 persuadere
2326 5648 2597 5712 potuerunt.
2730 5699 2770 5712 Α,
3006 5711 3010 5712 ί
3060 5711 3065 5712 ί
3180 5710 3221 5712 ί-

2064 5690 2303 5777 Veiis
2679 5699 2798 5777 ;_sie
2826 5704 3225 5777 μεριξ-θωνα
3259 5690 3422 5747 omnia
3449 5690 3600 5747 bona,

2009 5780 2203 5822 causmn
2225 5760 2506 5820 cliar'itatem
2527 5762 2797 5816 radicatam
2819 5760 3060 5814 habmus.
