3912 6230
350 329 445 385 l9!

340 444 486 497 enim
508 454 536 493 a
560 436 776 493 Perside
796 433 1000 490 dimissi
1020 432 1186 487 Judaei
1212 441 1266 486 et
1291 432 1358 485 ab
1382 430 1465 483 illa
1495 430 1700 483 liberati
1731 437 1917 498 tyran-

344 532 468 587 nide
490 571 507 597 ,
539 531 593 585 in
622 529 887 600 propriam
915 525 1120 581 rediere
1149 523 1370 592 patriam
1399 536 1414 574 :
1455 519 1571 575 Vidi
1609 520 1819 592 falcem,
1844 521 1927 573 in-

345 625 482 695 quit,
525 625 773 680 volantem
802 619 1113 691 longitudine
1145 618 1425 671 cubitorum
1460 616 1651 686 uiginti,
1683 625 1727 668 et
1756 613 1928 667 latitu-

351 718 469 771 dine
483 716 761 769 cubitorum
777 713 943 766 decem
966 709 1158 781 (Zach.
1186 708 1240 763 5.
1264 709 1316 763 1.
1333 707 1406 778 2)
1428 723 1441 760 :
1461 716 1516 762 et
1543 705 1850 775 prophetam
1868 719 1926 758 se

347 806 627 860 docentem
650 801 931 857 audierunt
962 817 975 853 :
1008 799 1130 853 Haec
1158 806 1228 852 est
1257 797 1541 851 maledictio
1564 795 1818 866 egrediens
1841 810 1926 846 su-

346 914 439 969 pra
464 896 644 967 faciem
690 903 837 947 terra:
858 933 873 952 ,
905 900 950 945 et
994 889 1280 960 ingrediens
1328 888 1532 941 domum
1561 886 1847 956 pejerantis,
1879 892 1926 938 et

345 988 577 1042 dissolvet
602 987 655 1040 in
693 983 857 1037 medio
883 1024 897 1047 ,
926 989 971 1036 et
1017 981 1156 1053 ligna
1184 988 1238 1033 ἐι
1282 977 1476 1050 lapides
1515 978 1731 1030 destruet
1758 991 1927 1028 omnes

344 1079 465 1152 (Ib.
494 1096 541 1133 υ.
575 1079 629 1134 5.
659 1078 747 1148 4).
779 1078 846 1131 Et
885 1075 968 1129 his
993 1082 1119 1128 tunc
1151 1073 1301 1127 lectis
1325 1114 1339 1138 ,
1369 1070 1734 1141 qumrebamus
1764 1083 1927 1136 quare

345 1184 450 1237 non
468 1169 703 1239 iuratum
726 1167 917 1226 solum,
941 1165 1035 1219 sed
1057 1165 1216 1219 etiam
1239 1162 1403 1231 ipsius
1418 1161 1632 1215 domum
1650 1158 1923 1214 dissolvit:

346 1272 400 1317 et
424 1262 561 1315 hanc
582 1274 796 1315 causam
821 1272 940 1312 esse
965 1257 1290 1320 dicebamus,
1314 1254 1563 1325 quoniam
1589 1253 1931 1321 gravissimo-

347 1367 466 1407 rum
495 1366 680 1421 pcenas
719 1357 1060 1418 peccatorum
1098 1347 1212 1399 vult
1242 1347 1381 1399 Deus
1409 1344 1686 1398 continuas
1714 1355 1928 1410 perma-

349 1458 499 1506 nere,
528 1452 583 1495 ut
605 1454 792 1494 omnes
819 1450 935 1509 post
965 1439 1077 1492 hare
1106 1437 1458 1506 corrigantur.
1486 1434 1743 1500 Quoniam
1772 1432 1929 1496 igitur

350 1535 617 1605 perjurum
646 1548 867 1588 necesse
893 1543 975 1588 est
1002 1540 1269 1586 mortuum
1297 1526 1511 1597 sepeliri
1536 1534 1588 1578 et
1613 1534 1770 1579 terra:
1794 1524 1927 1582 sini-

354 1625 452 1678 bus
481 1624 613 1677 tradi
638 1665 653 1687 ,
685 1638 753 1678 ne
780 1637 902 1677 cum
931 1621 1093 1690 ipsius
1122 1634 1348 1690 corpore
1373 1628 1428 1673 et
1465 1615 1712 1688 iniquitas
1735 1631 1927 1672 conse-

354 1714 596 1782 peliatur,
639 1716 854 1769 domum
895 1708 1182 1767 maceriem
1234 1712 1389 1776 fecit,
1442 1721 1501 1766 ut
1549 1718 1928 1780 praetereuntes

350 1801 523 1855 cuncti
545 1800 720 1870 ipsam
743 1812 1021 1861 cementes
1045 1811 1098 1856 et
1127 1800 1459 1856 suifossionis
1476 1814 1687 1853 causam
1713 1799 1925 1852 discen-

350 1904 453 1960 tes,
482 1896 681 1965 peccati
713 1893 1063 1947 imitationem
1107 1891 1327 1961 fugiant.
1367 1891 1479 1944 Hoc
1519 1888 1647 1944 etin
1682 1887 1928 1943 Sodomis

350 1987 545 2041 factum
574 1993 677 2042 est.
709 1986 992 2055 Postquam
1023 1984 1164 2037 enim
1192 1991 1504 2037 exarserunt
1530 1981 1585 2036 in
1615 1982 1697 2035 sui
1725 1995 1928 2034 concu-

352 2076 663 2146 piscentiam
703 2085 939 2130 mutuam
963 2115 979 2140 ,
1008 2076 1166 2128 etiam
1202 2085 1355 2127 terra:
1383 2081 1567 2125 natura
1594 2072 1661 2123 ab
1689 2070 1808 2133 igne
1833 2086 1927 2124 su-

352 2181 514 2235 perne
539 2162 717 2221 delato
743 2179 999 2220 succensa
1039 2163 1134 2218 fuit
1163 2161 1329 2235 (Gen.
1368 2160 1435 2215 l9
1460 2162 1476 2229 )
1510 2177 1523 2212 :
1551 2160 1761 2214 volebat
1784 2159 1926 2213 enim

351 2250 506 2326 lmjus
533 2255 737 2325 peccati
777 2255 1036 2309 ultionem
1085 2268 1304 2308 manere
1346 2260 1673 2320 perpetuam.
1705 2251 1770 2305 Et
1805 2259 1928 2305 nota

352 2340 445 2401 Dei
465 2346 800 2402 clementiam
829 2363 842 2398 :
866 2361 971 2400 non
998 2345 1140 2414 ipsos
1163 2352 1468 2414 peccatores
1489 2350 1745 2410 perpetuo
1763 2354 1930 2410 usque

349 2437 405 2490 in
426 2443 738 2506 prmsentem
758 2435 899 2490 diem
924 2434 1113 2489 ardere
1138 2433 1282 2499 fecit,
1307 2431 1400 2486 sed
1425 2432 1541 2484 illos
1561 2430 1725 2486 semel
1751 2430 1931 2484 incen-

349 2541 440 2581 sos
467 2525 786 2591 occultavit;
819 2534 975 2580 terra:
1000 2540 1129 2578 vero
1170 2522 1357 2577 faciem
1385 2536 1693 2576 succensum
1725 2521 1780 2575 in
1808 2534 1928 2575 me-

353 2615 501 2672 dium
522 2616 768 2671 omnibus
793 2616 1067 2685 proposuit
1094 2624 1211 2682 post
1232 2612 1347 2667 lucc
1370 2627 1588 2667 cernere
1609 2611 1925 2679 volentibus,

350 2715 561 2761 etnunc
577 2705 722 2762 omni
741 2704 917 2774 lingua
942 2704 1136 2759 clarius
1163 2717 1349 2757 omnes
1372 2711 1607 2771 posteros
1630 2700 1929 2770 generatio-

349 2810 446 2853 nes
472 2806 628 2852 terra;
662 2803 965 2850 commonet
1003 2801 1285 2863 aspectus,
1316 2801 1518 2845 tantum
1561 2806 1665 2845 non
1694 2791 1929 2845 clamans

350 2897 406 2944 et
431 2887 636 2954 dicens,
665 2887 749 2943 Ne
774 2889 994 2958 patretis
1018 2885 1371 2939 Sodomorum
1401 2882 1624 2949 scelera,
1652 2897 1717 2936 ne
1744 2897 1929 2952 poenas

352 2978 627 3049 patiamini
654 2977 1030 3034 Sodomorum.
1050 2974 1160 3031 Nec
1183 2975 1323 3030 enim
1346 2974 1425 3030 sic
1445 2973 1496 3028 in
1521 2983 1727 3029 mentes
1751 2988 1929 3030 sermo

353 3070 630 3139 pervenire
669 3070 836 3132 solet,
877 3077 935 3123 ut
963 3075 1210 3137 aSpectus
1268 3064 1519 3120 terribilis
1556 3074 1610 3119 et
1650 3080 1744 3135 per
1771 3079 1930 3119 omne

351 3174 562 3231 tempus
585 3159 903 3214 calamitatis
928 3173 1119 3229 gerens
1145 3155 1388 3225 vestigia.
1416 3155 1482 3209 Et
1505 3163 1822 3209 attestantur
1839 3156 1930 3224 qui

349 3250 418 3305 ad
442 3250 529 3304 illa
568 3249 681 3303 loca
727 3246 945 3318 profecti
973 3254 1133 3313 sunt,
1170 3245 1262 3316 qui
1290 3245 1486 3314 smpius
1509 3243 1837 3312 Scripturam
1862 3244 1930 3299 de

350 3339 435 3395 his
454 3340 755 3410 loquentem
775 3336 1072 3401 audientes,
1092 3351 1195 3390 non
1221 3335 1445 3388 multum
1470 3334 1756 3398 timebant,
1784 3344 1933 3405 post-

350 3444 506 3498 quam
556 3444 680 3484 vero
720 3437 980 3483 venerunt
1020 3436 1074 3481 et
1121 3427 1394 3496 regionem
1444 3425 1834 3490 ascenderunt,
1877 3434 1930 3479 et

354 3521 523 3590 ipsius
541 3534 753 3574 omnem
776 3519 1109 3587 superficiem
1131 3517 1378 3571 viderunt
1401 3516 1653 3582 deletam,
1677 3528 1731 3571 et
1752 3517 1935 3571 incen-

352 3613 497 3667 dium
522 3620 646 3666 sunt
669 3610 980 3679 conspicati,
1007 3619 1061 3663 et
1088 3620 1285 3663 terram
1312 3609 1522 3678 quidem
1551 3624 1809 3678 nusquam
1839 3624 1933 3679 ap-

355 3711 628 3772 parentem
651 3742 669 3768 ,
696 3701 928 3754 cinerem
958 3714 1086 3752 vero
1112 3708 1301 3753 cuncta
1332 3710 1489 3767 atque
1515 3698 1747 3752 favillam
1769 3743 1782 3765 ,
1813 3714 1932 3768 per-

354 3792 487 3848 culsi
508 3800 562 3846 et
588 3790 809 3845 multam
833 3806 899 3844 ex
927 3797 1142 3859 aspectu
1168 3790 1256 3843 illo
1281 3792 1550 3858 capientes
1573 3792 1933 3859 temperantiae

359 3882 690 3952 disciplinam
716 3922 733 3949 ,
762 3888 840 3936 sic
867 3882 1110 3935 abierunt
1139 3898 1152 3934 :
1183 3896 1304 3934 nam
1353 3880 1466 3950 ipse
1495 3880 1711 3934 ultionis
1742 3880 1928 3934 modus

357 3975 559 4043 peccati
585 3973 796 4027 modum
844 3973 1099 4026 imitatur.
1138 3970 1286 4026 Sicut
1315 3970 1457 4024 enim
1490 3970 1561 4023 illi
1589 3986 1930 4040 congressum

359 4065 696 4119 infecundum
721 4064 1125 4124 adinvenerunl,
1157 4061 1224 4114 ad
1251 4061 1478 4114 filiorum
1511 4063 1932 4129 procreationem

357 4170 464 4210 non
501 4154 863 4209 conferentem
897 4154 1017 4208 :sic
1065 4151 1303 4221 profecto
1341 4162 1396 4205 et
1441 4152 1576 4205 Deus
1606 4153 1777 4205 intulit
1817 4168 1933 4221 pm-

361 4260 483 4300 nam
506 4285 522 4307 ,
552 4259 673 4313 quae
715 4252 871 4297 terra:
900 4252 1138 4298 ventrem
1181 4243 1393 4312 penitus
1430 4242 1667 4296 sxerilem
1710 4243 1936 4298 reddidit

359 4345 415 4390 et.
442 4334 688 4389 omnibus
725 4348 948 4387 vacuum
995 4334 1271 4387 fructibus.
1318 4332 1519 4387 Idcirco
1557 4344 1607 4386 et
1645 4332 1933 4402 jurantiutn

359 4427 549 4480 domos
569 4440 628 4480 se
648 4425 946 4480 deleturum
974 4426 1204 4479 minatus
1227 4435 1332 4492 est,
1359 4434 1415 4478 ut
1434 4424 1566 4478 alios
1587 4425 1795 4478 illorum
1824 4440 1936 4493 pa:-

363 4518 446 4572 nis
472 4517 824 4572 modestiores
852 4515 1068 4571 faceret.

432 4607 484 4661 5.
523 4605 933 4658 Iuramentorum
980 4604 1242 4672 pernicies.
1282 4634 1356 4645 —-
1398 4605 1510 4674 Ego
1551 4614 1726 4659 autem
1780 4604 1936 4660 hodie

359 4696 665 4749 demonstro
685 4710 792 4749 non
819 4709 976 4747 unam
1003 4702 1058 4747 et
1082 4693 1216 4746 duas
1245 4703 1298 4747 et
1327 4704 1434 4749 tres
1461 4695 1648 4750 domos
1665 4696 1938 4766 juramen-

363 4788 430 4842 tis
465 4786 762 4841 destructas
785 4827 797 4848 ,
831 4784 926 4839 sed
955 4785 1223 4840 civitatem
1257 4795 1421 4840 totam
1446 4796 1500 4841 et
1531 4789 1780 4858 populum
1812 4791 1937 4844 reli-

363 4878 569 4949 giosum
592 4914 611 4941 ,
639 4884 694 4930 et
716 4884 928 4944 gentem
958 4876 1122 4929 multa
1150 4889 1361 4943 semper
1388 4877 1719 4944 providentia
1749 4879 1823 4932 uti
1852 4894 1941 4933 so.

367 4968 513 5021 litam
536 5006 552 5032 ,
585 4974 639 5021 et
676 4966 868 5020 tribum
912 4965 1093 5020 multis
1130 4966 1363 5034 elapsam
1410 4968 1679 5035 periculis.
1730 4969 1938 5023 Etenim

1091 320 1147 376 S.
1188 316 1463 374 JOANNIS
1500 314 1931 372 CllRYSOSTOD‘

2035 309 2323 367 tltClllEl‘.
2362 312 2894 371 CONSTANTINOP.

3514 310 3631 366 €92

2029 442 2215 480 verum
2232 435 2287 481 et
2310 427 2449 497 quod
2465 443 2677 498 gravem
2700 444 2846 498 smpe
2866 429 3071 499 plagam
3093 429 3331 486 hostibus
3347 431 3616 500 inferens,

2025 518 2103 570 sic
2141 532 2236 571 eos
2269 517 2585 574 emittebat:
2615 527 2813 574 tantam
2853 535 2882 572 a
2928 520 3034 575 Deo
3076 535 3226 575 nacta
3264 534 3382 578 erat
3423 526 3615 593 provi-

2026 606 2299 672 dentiam,
2340 617 2400 662 ut
2440 609 2554 677 ipse
2599 609 2740 665 Deus
2785 610 3030 665 diceret:
3075 610 3220 665 Velut
3247 629 3397 666 uvam
3420 615 3475 667 in
3516 615 3617 668 de-

2024 708 2154 753 serto
2196 700 2359 753 inveni
2401 698 2605 767 Israel,
2633 710 2680 754 et
2726 702 2856 754 velut
2896 701 3136 771 signum‘
3166 703 3219 757 in
3260 705 3362 772 ﬁcu
3408 714 3613 774 tenipo-

2025 805 2234 843 raneum
2280 789 2384 844 vidi
2422 801 2587 862 patres
2624 793 2851 861 ipsorum
2892 793 3057 866 (Osee
3117 795 3170 851 9.
3218 797 3343 867 10).
3400 797 3467 852 Et
3503 800 3615 853 ite-

2027 895 2145 933 rum
2188 881 2254 935 de
2298 881 2410 951 ipsa
2456 882 2716 937 civitate:
2748 881 2893 937 Velut
2932 901 3094 955 grana
3140 885 3286 940 oliva
3321 887 3375 940 in
3411 903 3616 942 summa

2027 971 2241 1036 excelsi,
2283 982 2329 1025 et
2377 973 2577 1037 dicent,
2632 973 2716 1029 Ne
2740 992 2921 1030 noceas
2974 978 3098 1048 ipsis
3150 976 3317 1050 (Isai.
3364 979 3454 1035 65.
3501 981 3533 1034 8
3560 981 3612 1050 ).

2029 1062 2402 1119 Verumtamen
2427 1064 2615 1120 civitas
2641 1066 2749 1120 Deo
2772 1077 3008 1132 cara,tot
3033 1069 3208 1138 elapsa
3238 1072 3515 1139 periculis,
3546 1073 3607 1126 in

2029 1156 2208 1209 multis
2255 1156 2482 1225 peccatis
2527 1156 2735 1212 veniam
2778 1168 3093 1227 assequuta,
3138 1169 3195 1214 et
3232 1178 3348 1229 quae
3384 1165 3492 1215 sola
3534 1179 3612 1220 ex

2029 1246 2275 1301 omnibus
2305 1247 2422 1301 aliis
2456 1247 2813 1316 captivitatem
2857 1247 3088 1317 eﬂugere
3130 1254 3299 1318 potuit
3326 1292 3341 1316 ,
3392 1256 3558 1308 semel
3584 1294 3607 1318 ,

2031 1338 2111 1392 bis
2135 1379 2151 1399 .
2183 1348 2237 1394 et
2260 1340 2455 1408 sapius
2483 1340 2598 1392 solo
2621 1339 2923 1414 juramento
2951 1350 3210 1416 prostrata
3239 1353 3323 1397 est
3346 1361 3361 1398 :
3391 1354 3444 1398 et
3470 1361 3609 1415 qno-

2035 1430 2198 1487 modo
2231 1431 2282 1486 id
2313 1430 2475 1488 fuerit
2501 1472 2517 1497 ,
2548 1433 2741 1488 dicam.
2783 1435 2905 1491 Fuit
2929 1436 3141 1506 quidam
3180 1435 3436 1494 Setlecias
3465 1436 3617 1508 apud

2032 1521 2174 1590 ipsos
2213 1535 2306 1574 rex
2338 1538 2351 1573 :
2387 1522 2472 1576 hic
2513 1523 2761 1579 Sedecias
2789 1525 3144 1594 juramentum
3172 1528 3318 1582 dedit
3346 1529 3611 1583 barbaro-

2030 1628 2146 1665 rum
2191 1613 2299 1682 regi
2336 1612 2851 1683 Nabuchodonosor,
2900 1633 2959 1672 se
3003 1619 3053 1671 in
3094 1619 3257 1688 ipsius
3296 1622 3613 1677 commilitio

2033 1719 2475 1770 permansurum:
2510 1716 2688 1773 postea
2732 1707 2924 1763 defecit
2969 1718 3021 1763 et
3056 1709 3123 1763 ad
3170 1710 3385 1782 (Egypti
3426 1729 3609 1783 regem

2031 1792 2337 1861 transfugit,
2365 1792 2663 1862 juramenta
2694 1796 2840 1864 parvi
2864 1798 3103 1866 pendens
3127 1838 3143 1863 ,
3171 1809 3227 1853 et
3251 1811 3389 1854 tanta
3420 1817 3615 1871 passus

2030 1892 2108 1938 est
2136 1922 2151 1948 ,
2193 1893 2389 1952 quanta
2428 1885 2605 1939 statim
2638 1887 2883 1941 audietis.
2913 1887 3066 1943 Prius
3092 1904 3218 1943 vero
3245 1894 3610 1949 necessarium

2029 1986 2112 2029 est
2143 1975 2413 2044 prophetae
2439 1976 2740 2044 parabolam
2767 1977 2963 2045 dicere,
2994 1994 3089 2048 per
3108 1996 3262 2050 quam
3292 1981 3406 2037 lucc
3429 1986 3610 2041 omnia

2031 2065 2365 2135 significavit.
2398 2066 2613 2121 Factum
2640 2077 2711 2121 est
2735 2068 2957 2134 verbum,
2990 2070 3178 2140 inquit,
3209 2070 3415 2127 Domini
3438 2074 3506 2126 ad
3529 2091 3612 2128 me

2033 2157 2205 2211 dicens
2233 2173 2252 2212 :
2276 2157 2382 2211 Fili
2403 2159 2619 2212 [taurinis
2638 2199 2651 2222 ,
2680 2175 2834 2213 narra
2866 2164 3202 2216 narrationem
3222 2202 3240 2228 ,
3270 2174 3317 2217 et
3344 2165 3428 2218 die
3455 2183 3610 2234 para-

2030 2247 2196 2302 bolam
2214 2288 2232 2311 ,
2273 2258 2319 2302 et
2347 2251 2480 2303 dices
2505 2268 2518 2305 :
2561 2248 2687 2304 Hcce
2725 2252 2848 2304 dicit
2877 2252 3077 2305 Adonai
3106 2252 3351 2309 Dominus
3377 2271 3397 2307 :
3421 2256 3613 2325 Aquila

2029 2341 2253 2411 grandis,
2279 2359 2576 2413 magnarum
2595 2343 2816 2409 alarum,
2837 2345 2985 2413 longa
3010 2348 3313 2413 extensione,
3341 2348 3489 2416 plena
3512 2365 3609 2401 un-
3682 2388 3683 2393 η

2029 2432 2209 2503 guibus
2240 2432 2460 2505 (Ezech.
2492 2436 2580 2488 Π.
2612 2436 2708 2491 1-3
2731 2437 2777 2505 ).
2808 2437 3048 2506 Aquilam
3083 2437 3168 2492 hic
3195 2438 3608 2509 Babyloniorum

2030 2539 2212 2593 regem
2244 2525 2447 2580 vocavit
2477 2543 2490 2577 :
2517 2540 2762 2596 magnam
2799 2536 2979 2581 autem
3019 2528 3187 2597 ipsam
3212 2537 3267 2583 et
3294 2544 3608 2599 magnarum

2030 2616 2231 2670 alarum
2259 2616 2433 2684 dixit,
2462 2627 2517 2672 et
2553 2619 2762 2690 longam
2797 2620 3113 2675 extensione
3151 2621 3467 2691 plenamque
3504 2638 3607 2676 un-

2029 2707 2221 2776 guibus
2251 2708 2543 2762 nominavit
2560 2751 2576 2775 ,
2603 2719 2820 2781 propter
2846 2712 3112 2765 exercitus
3138 2712 3527 2767 multitudinem
3555 2722 3612 2767 et

2031 2797 2446 2867 magnitudinem
2482 2800 2731 2868 potentia:
2768 2809 2825 2855 et
2864 2801 3181 2856 incursionis
3221 2802 3604 2865 velocitatem;

2031 2887 2170 2942 sicut
2210 2889 2351 2942 enim
2394 2889 2584 2959 aquilis
2639 2899 2765 2945 sunt
2813 2890 2914 2944 alae
2964 2900 3019 2945 et
3063 2906 3263 2963 ungues
3302 2907 3451 2946 arma
3474 2932 3490 2957 ,
3528 2894 3610 2946 sie

2032 2976 2227 3032 milites
2252 2977 2464 3048 regibus
2486 2986 2543 3032 et
2566 2979 2709 3048 equi.
2738 2978 2864 3033 Haec
2890 2979 3049 3048 igitur
3071 2980 3248 3049 aquila
3281 2978 3444 3034 Habet
3464 3020 3479 3047 ,
3514 2981 3599 3033 in-

2031 3069 2182 3138 quit,
2212 3070 2419 3124 ductum
2442 3071 2666 3125 intrandi
2701 3070 2755 3124 in
2787 3069 3035 3125 Libanum
3063 3072 3224 3141 (Ibid.
3277 3087 3326 3126 υ.
3357 3071 3434 3143 3).
3464 3072 3606 3138 Quid

2029 3171 2133 3228 est,
2163 3160 2382 3216 Ductum
2404 3161 2431 3216 ?
2458 3160 2772 3228 Consilium,
2799 3165 3115 3218 sententiam
3143 3181 3158 3229 ;
3190 3164 3446 3218 Libanum
3474 3179 3608 3220 vero

2030 3252 2267 3307 Iudaeam
2299 3254 2541 3319 vocavit,
2580 3254 2700 3323 quia
2747 3268 2911 3323 prope
2938 3264 3168 3309 montem
3201 3257 3344 3309 illum
3371 3258 3468 3308 sita
3498 3264 3609 3311 est.

2034 3345 2223 3399 Postea
2250 3344 2547 3413 iuramenta
2576 3346 2761 3400 volens
2786 3355 2840 3401 et
2866 3345 3065 3401 ftedera
3097 3347 3274 3401 dicere
3292 3387 3307 3412 ,
3339 3346 3495 3412 Tulit,
3528 3349 3613 3402 in-

2033 3437 2166 3506 quit,
2193 3437 2256 3489 de
2279 3439 2466 3492 semine
2480 3448 2628 3492 terra!
2645 3479 2662 3502 ,
2690 3448 2735 3492 et
2759 3439 2896 3491 dedit
2919 3439 2973 3492 in
2992 3454 3170 3509 campo
3192 3441 3367 3501 sativa,
3391 3449 3445 3492 ut
3468 3441 3611 3493 acci-

2034 3537 2166 3597 peret
2195 3528 2554 3582 radicationem
2590 3545 2741 3599 super
2766 3545 2948 3599 aquam
2982 3529 3189 3581 multant
3214 3544 3234 3582 :
3260 3538 3314 3581 ut
3342 3529 3612 3598 respicere-

2035 3630 2116 3672 tur
2140 3621 2308 3691 posuit
2328 3621 2461 3674 illud
2484 3637 2503 3675 :
2522 3636 2732 3688 cumque
2751 3620 3093 3690 germinasset,
3114 3621 3263 3673 crevit
3282 3620 3335 3671 in
3360 3620 3505 3673 uitem
3525 3620 3611 3672 in-

2035 3712 2235 3780 ﬁrmam
2259 3721 2304 3764 et
2329 3727 2536 3781 parvam
2565 3711 2911 3780 magnitudine
2935 3750 2951 3775 ,
2977 3719 3022 3763 et
3050 3709 3268 3763 extendit
3295 3725 3462 3762 ramos
3488 3726 3613 3763 suos

2035 3807 2102 3857 ad
2124 3805 2263 3858 illaut
2284 3848 2298 3867 ,
2321 3815 2367 3857 et
2394 3804 2589 3859 radices
2613 3806 2722 3871 eius
2748 3804 2837 3858 sub
2859 3805 2950 3856 illa
2973 3812 3115 3856 erant
3141 3801 3311 3873 (Ibid.
3334 3818 3381 3854 υ.
3410 3803 3467 3872 5)
3484 3844 3501 3860 .
3519 3803 3612 3856 Ci-

2036 3898 2251 3951 vitalem
2274 3912 2402 3951 vero
2422 3896 2713 3951 Jerusalem
2740 3896 2902 3948 vitem
2930 3894 3015 3947 hic
3038 3893 3357 3961 appellavit;
3382 3891 3615 3945 dicendo

2035 3997 2210 4042 autem
2238 3985 2379 4056 quod
2408 4001 2584 4040 ramos
2610 4000 2735 4039 suos
2763 3984 2830 4037 ad
2862 3985 3027 4052 ipsam
3058 3983 3236 4036 emisit
3259 3983 3486 4050 aquilam
3508 4024 3521 4047 ,
3557 3992 3613 4036 et

2037 4078 2242 4131 radices
2264 4076 2378 4145 ejus
2408 4076 2506 4130 sub
2537 4076 2628 4128 illa
2656 4082 2843 4140 erant,
2877 4072 3078 4128 findera
3105 4071 3416 4141 signiﬁcavit
3440 4080 3495 4126 et
3520 4088 3609 4125 so.

2036 4170 2278 4222 cietatem
2304 4182 2423 4220 cum
2455 4169 2571 4235 ipso
2607 4166 2789 4220 initam
2809 4204 2825 4229 ,
2853 4174 2907 4218 et
2943 4164 3083 4231 quod
3123 4164 3351 4231 seipsam
3381 4162 3432 4216 in
3461 4164 3613 4216 illum

2038 4258 2241 4325 reiecit.
2262 4256 2385 4311 Mox
2408 4256 2736 4326 iniquitatem
2768 4253 3049 4309 ostendere
3069 4255 3272 4316 volens,
3294 4254 3366 4306 ait
3394 4272 3406 4306 :
3432 4253 3496 4306 Et
3514 4255 3617 4325 {ait

2037 4348 2206 4416 aquila
2227 4347 2407 4408 altera,
2432 4345 2500 4400 de
2519 4361 2643 4415 rege
2668 4345 2888 4414 loquens
2910 4343 3178 4414 Egyptio,
3206 4343 3411 4412 grandis
3431 4352 3478 4395 et
3506 4359 3619 4394 nta-

2039 4440 2150 4508 gnis
2179 4438 2274 4491 alis
2304 4437 2568 4507 multisque
2592 4437 2866 4506 unguibus;
2893 4445 2938 4488 et
2964 4450 3073 4488 ecce
3104 4435 3215 4486 vitis
3242 4434 3339 4486 ista
3356 4434 3619 4502 implicata

2044 4541 2146 4581 erat
2173 4528 2240 4581 ad
2265 4545 2375 4581 eam
2399 4569 2412 4589 ,
2445 4540 2492 4582 et
2518 4528 2786 4597 pampinus
2813 4527 2921 4593 ejus
2949 4527 3003 4578 in
3031 4542 3090 4579 ea
3115 4564 3130 4589 ,
3167 4537 3213 4577 et
3240 4525 3470 4593 palmites
3494 4540 3619 4577 suos

2039 4620 2259 4673 extendit
2284 4662 2297 4683 ,
2328 4629 2382 4672 ut
2420 4621 2650 4690 trrigaret
2675 4634 2786 4672 eam
2808 4635 2831 4673 δ
2861 4626 3120 4687 propterea
3145 4617 3289 4682 dixi,
3335 4614 3457 4668 Han:
3493 4615 3621 4667 dicit

2042 4711 2177 4764 Deus
2203 4728 2221 4765 .'
2250 4712 2310 4766 Si
2330 4711 2662 4782 prosperabit,
2699 4711 2801 4763 hoc
2825 4718 2909 4763 est
2932 4750 2948 4775 ,
2977 4725 3095 4777 qua:
3118 4708 3475 4776 juramentum
3508 4722 3619 4759 non

2042 4805 2330 4860 servaverit
2360 4813 2413 4856 et
2450 4803 2648 4858 hedera
2671 4843 2684 4864 ,
2724 4803 2768 4855 si
2807 4802 2986 4872 poterit
3018 4815 3219 4853 manere
3246 4809 3293 4852 et
3320 4798 3507 4851 salvari
3530 4839 3545 4862 ,
3571 4807 3621 4849 et

2043 4915 2141 4950 non
2182 4897 2356 4949 cadere
2384 4896 2399 4962 (
2421 4895 2557 4949 Ibid.
2587 4911 2632 4949 υ.
2666 4894 2764 4950 7-9
2787 4895 2827 4964 ).
2867 4895 2985 4948 Mox
3011 4893 3382 4947 demonstrans
3410 4906 3518 4943 non
3547 4891 3623 4944 ita

2047 4988 2276 5041 futurum
2319 5002 2437 5041 esse
2458 5027 2473 5049 ,
2501 4986 2594 5041 sed
2620 4986 2836 5039 omnino
2871 4992 3086 5053 propter
3107 4983 3464 5051 juramentum
3496 4995 3620 5048 per-

364 5056 695 5153 Ιθτυπιθξξξν
724 5054 910 5153 dm?“
953 5053 1047 5108 Dei
1066 5065 1353 5153 famul"
1399 5072 1577 5153 “(iam
1618 5057 1820 5112 habcns
1841 5100 1858 5126 ο
1889 5070 1942 5153 ει
1973 5085 2256 5153 situram,
2285 5078 2352 5132 de
2379 5094 2529 5146 poena
2561 5078 2671 5146 ipsa
2698 5077 2945 5141 disserit,
2964 5085 3017 5129 ct
3045 5090 3259 5129 causam
3289 5074 3435 5144 ponit
3466 5089 3479 5125 :
3512 5073 3615 5126 lla-

363 5163 579 5206 omnem
607 5148 756 5203 illum
781 5147 981 5203 cultum
1006 5188 1022 5213 ,
1054 5148 1140 5203 ubi
1177 5148 1449 5218 prepbetm
1477 5150 1718 5216 fuerunt,
1748 5162 1795 5208 et
1819 5152 1938 5220 Spi-

366 5240 504 5297 ritus
529 5241 695 5311 gratia
717 5282 732 5307 ,
763 5248 819 5295 et
843 5255 968 5294 arca
991 5280 1008 5305 ,
1038 5249 1094 5294 et
1124 5240 1315 5295 tabulze
1336 5239 1656 5296 Tcstamenti
1681 5283 1696 5309 ,
1727 5252 1779 5297 et
1809 5258 1939 5297 urna

371 5334 650 5402 aurea,ubi
677 5335 847 5405 angeli
865 5348 1009 5404 saepe
1035 5332 1347 5388 incedebant
1376 5348 1389 5384 :
1420 5333 1534 5387 btec
1559 5334 1765 5403 civitas,
1790 5334 1944 5389 innu«

375 5431 541 5486 meris
555 5429 894 5485 nascentibus
911 5427 1065 5482 bellis
1081 5435 1136 5482 et
1150 5426 1332 5480 multis
1358 5426 1524 5495 ipsam
1552 5427 1942 5483 incursantibus

370 5519 612 5576 barbaris
631 5561 649 5588 ,
679 5529 945 5590 tamquam
986 5532 1141 5571 muro
1169 5531 1236 5572 ex
1273 5515 1555 5571 adamante
1580 5516 1902 5572 circumdata
1925 5558 1941 5583 ,

368 5612 449 5667 sic
469 5626 657 5666 omnes
683 5612 801 5667 illos
825 5625 1037 5680 semper
1061 5608 1267 5669 derisit,
1294 5617 1349 5662 et
1376 5608 1593 5677 regione
1618 5616 1725 5662 tota
1746 5607 1943 5677 deleta,

373 5702 504 5759 nihil
533 5718 695 5774 grave
724 5718 878 5775 passa
906 5711 1009 5759 est.
1036 5700 1145 5757 Nec
1171 5700 1273 5756 hoc
1296 5700 1466 5757 solum
1494 5711 1575 5758 est
1594 5698 1905 5759 admirabile
1925 5741 1944 5771 ,

2045 5173 2179 5225 dices
2205 5172 2336 5225 enim
2370 5172 2478 5241 ejus
2505 5169 2847 5223 teneritudinis
2871 5208 2886 5233 ,
2927 5177 2974 5221 et
3014 5173 3207 5236 fructus
3248 5173 3495 5235 putrescet
3519 5207 3533 5225 ,
3573 5174 3623 5217 et

2046 5271 2267 5317 arescent
2284 5278 2398 5332 qua:
2423 5278 2485 5316 ea:
2506 5278 2566 5315 ea
2591 5262 2870 5331 germinant
2896 5258 2916 5330 (
2936 5257 3073 5311 Ibid.
3101 5274 3154 5311 υ.
3184 5256 3279 5330 9).
3311 5257 3378 5310 Et
3403 5256 3628 5310 demon-

2047 5366 2218 5409 strare
2244 5355 2428 5409 volens
2466 5353 2606 5422 quod
2656 5369 2760 5406 non
2802 5351 3028 5405 humana
3066 5350 3117 5403 vi
3154 5348 3491 5411 destruetur,
3525 5348 3625 5403 sed

2047 5447 2295 5515 quoniam
2324 5460 2418 5515 per
2437 5444 2526 5497 illa
2548 5444 2846 5512 juramenta
2872 5442 3036 5496 Deum
3058 5440 3159 5495 sibi
3180 5440 3306 5495 fecit
3326 5438 3628 5506 inimicum,

2048 5538 2318 5607 subiunxit
2349 5555 2360 5590 :
2392 5535 2514 5590 Non
2555 5537 2608 5590 in
2652 5534 2856 5589 brachio
2886 5533 3105 5604 grandi,
3146 5548 3304 5602 neque
3342 5532 3395 5584 in
3438 5539 3632 5600 populo

2110 5651 2129 5683 ι
2161 5647 2410 5711 sic_ttorel.
2439 5654 2492 5697 et
2511 5647 2705 5711 quidam
2730 5653 2838 5697 uss.
2874 5645 3011 5696 savil.
3037 5652 3088 5695 et
3106 5643 3214 5704 alii,
3255 5641 3631 5704 telutfructwn,

2047 5723 2156 5774 pro,
2175 5709 2300 5763 velut
2322 5709 2527 5775 signum.
