3912 6230
276 358 378 416 193

264 471 449 533 ntulto,
477 476 531 520 ut
560 463 783 518 evelleret
803 480 911 518 eam
939 465 1183 519 radicitus
1205 464 1424 538 (Ezech.
1451 467 1537 521 ΓΙ.
1561 466 1638 536 9).
1671 465 1738 520 Et
1759 480 1848 535 pa-

266 559 450 614 rabola
488 556 698 627 quidem
742 555 896 621 luce;
929 572 1140 610 rursum
1181 574 1308 612 vero
1332 557 1566 612 declarat
1589 572 1704 612 eam
1725 597 1741 621 ,
1774 557 1852 612 sic

267 649 513 718 inquiens
538 666 551 701 :
579 645 709 700 Ecce
729 646 883 699 veniet
905 662 995 700 rex
1015 646 1289 717 Babylonis
1308 649 1361 701 in
1380 648 1664 701 Jerusalem
1684 646 1736 719 (1
1744 647 1849 702 bid.

267 758 316 794 ν.
354 737 478 807 t2).
513 738 702 792 Postea
727 752 847 792 cum
876 737 927 789 in
959 736 1132 791 medio
1156 739 1398 806 qmrdam
1440 738 1544 792 alia
1582 737 1846 802 dixisset,

262 831 566 899 juratnenta
604 827 732 881 dicit
771 835 826 881 et
867 826 1106 881 foedera:
1141 825 1423 897 Ferietque
1447 844 1561 880 cum
1600 843 1656 879 eo
1686 825 1851 895 {tedas

267 920 445 981 (Ibid.
471 937 518 974 v.
551 921 661 991 εδ).
684 919 809 973 Mox
836 927 890 973 et
919 918 1263 974 rebellionem
1290 920 1508 974 dicens:
1542 917 1609 971 Et
1636 919 1847 983 recedet,

265 1014 473 1083 inquit,
510 1013 573 1066 ab
611 1028 669 1066 eo
707 1012 948 1064 mittendo
986 1013 1190 1065 nuntios
1214 1012 1268 1064 in
1297 1010 1603 1082 ngyptum,
1629 1020 1684 1063 ut
1710 1010 1850 1063 daret

265 1105 360 1160 sibi
400 1121 549 1171 equos
575 1114 623 1158 et
652 1104 894 1174 populum
935 1104 1147 1157 multum
1188 1102 1207 1176 (
1232 1102 1369 1158 Ibid.
1393 1120 1442 1157 υ.
1479 1104 1546 1159 15
1574 1106 1612 1170 ).
1642 1102 1708 1157 Et
1732 1111 1852 1172 post

268 1194 385 1249 lucc
409 1194 568 1248 infert
590 1235 605 1259 ,
637 1193 1009 1248 demonstrans
1037 1202 1254 1261 propter
1276 1193 1639 1262 juramentum
1668 1194 1849 1262 perni-

262 1285 404 1338 ciem
445 1295 607 1338 totam
647 1285 924 1349 accidisse,
962 1284 1078 1338 Nisi
1104 1285 1121 1316 ¹
1151 1286 1203 1338 in
1242 1285 1353 1338 loco
1380 1286 1529 1354 regis,
1557 1287 1641 1352 qui
1661 1286 1849 1340 consti—

264 1375 362 1426 tuit
383 1390 498 1427 eum
520 1390 707 1444 regem,
732 1375 819 1444 qui
847 1374 1030 1442 sprevit
1054 1373 1454 1428 maledictionem
1482 1391 1664 1440 meum,
1692 1384 1739 1428 et
1763 1375 1850 1444 qui

265 1474 610 1535 transgressus
636 1473 709 1519 est
732 1455 1083 1519 testamentum
1106 1481 1296 1531 meum,
1319 1467 1371 1518 in
1396 1467 1558 1519 medio
1578 1465 1849 1536 Babylonis

267 1555 528 1621 morietur,
552 1564 600 1607 et
617 1571 719 1608 non
742 1554 794 1607 in
812 1556 1030 1608 exercitu
1043 1554 1248 1625 grandi,
1278 1571 1369 1608 nec
1388 1555 1439 1608 in
1466 1556 1653 1625 populo
1669 1555 1844 1618 multo,

264 1647 387 1715 quia
418 1647 603 1716 sprevit
641 1646 983 1715 juramentum
1011 1645 1388 1716 prmaricando
1417 1656 1621 1716 pactum
1647 1664 1810 1700 meum
1828 1664 1853 1713 ;

267 1738 608 1808 iuramentum
634 1752 796 1789 meum
816 1737 935 1807 quia
960 1737 1167 1806 sprevit,
1184 1746 1229 1790 et
1254 1736 1418 1807 [tedas
1443 1737 1579 1804 quod
1604 1740 1850 1809 pravari-

266 1837 410 1882 catus
438 1837 511 1883 est
533 1868 549 1892 ,
579 1827 709 1881 dabo
741 1829 795 1882 in
822 1838 974 1895 caput
1003 1830 1132 1898 ejus,
1164 1838 1214 1882 et
1240 1830 1525 1898 expandam
1561 1847 1717 1900 super
1736 1848 1852 1885 eum

266 1930 371 1973 rete
390 1936 551 1972 meum
580 1918 741 1989 (Ibid.
755 1936 802 1974 υ.
830 1918 1039 1989 16-20).
1059 1919 1221 1974 Vides
1244 1920 1509 1990 quomodo
1535 1938 1644 1976 non
1662 1923 1847 1989 semel,

267 2025 372 2085 nec
407 2009 488 2063 bis
511 2050 526 2073 ,
551 2024 735 2063 verum
761 2020 815 2063 et
837 2010 1030 2079 sacpius
1059 2008 1190 2063 dixit
1215 2051 1230 2075 ,
1269 2010 1417 2064 illum
1450 2020 1669 2080 propter
1698 2013 1847 2076 jura-

267 2111 507 2155 mentum
538 2101 652 2155 haec
677 2101 851 2155 omnia
877 2117 1091 2172 passum
1118 2116 1238 2156 esse
1264 2102 1297 2156 ἲ
1332 2104 1681 2171 implacabilis
1706 2105 1846 2159 enim

265 2203 351 2247 est
383 2195 548 2255 Dens,
574 2193 889 2262 contemptis
909 2193 1247 2262 jurameutis.
1279 2193 1464 2264 Neque
1488 2210 1618 2250 vero
1645 2205 1849 2249 tantum

265 2299 334 2338 ex
362 2284 561 2338 ultione
601 2285 800 2338 civitati
830 2284 969 2338 illata
1007 2294 1226 2354 propter
1248 2285 1607 2355 juramentum
1639 2286 1739 2340 hoc
1765 2287 1849 2340 in-

267 2375 505 2445 telligam
547 2375 703 2440 licet,
732 2390 915 2429 verum
942 2383 998 2430 et
1020 2390 1085 2430 ex
1112 2375 1451 2431 cunctatione
1476 2385 1531 2430 et
1556 2376 1808 2431 dilatione
1829 2416 1846 2440 ,

265 2475 521 2534 quantum
552 2465 692 2521 Deus
729 2466 959 2520 studium
990 2466 1182 2520 habeat
1206 2506 1221 2528 ,
1267 2481 1338 2521 ne
1368 2469 1672 2535 iuramenta
1714 2483 1850 2521 con-

266 2556 565 2611 culcentur.
596 2555 811 2610 Factum
839 2567 911 2611 est
940 2558 1081 2612 enim
1099 2599 1113 2623 ,
1144 2557 1342 2626 inquit,
1369 2558 1420 2612 in
1451 2575 1584 2611 anno
1613 2575 1746 2611 uano
1770 2576 1852 2612 re-

265 2650 355 2718 gni
370 2648 495 2717 ejus,
515 2648 565 2700 in
585 2663 749 2701 mense
762 2647 998 2712 secundo,
1018 2649 1069 2701 iu
1091 2647 1282 2700 decima
1297 2648 1498 2711 mensis,
1520 2649 1652 2701 venit
1666 2648 1850 2702 Nabu-

274 2738 610 2803 chodonosor,
633 2752 722 2791 rea:
740 2736 1034 2807 Babylonis,
1064 2747 1114 2792 et
1130 2738 1289 2791 omnis
1313 2741 1558 2792 exercitus
1572 2740 1682 2809 ejus
1699 2755 1855 2808 super

264 2825 570 2892 Jerusalem,
589 2835 634 2880 et
648 2826 964 2880 circumsedit
980 2843 1110 2893 eam,
1127 2836 1172 2880 et
1187 2828 1429 2880 exstruxit
1449 2827 1500 2880 in
1514 2828 1727 2881 circuitu
1743 2830 1855 2898 ejus

267 2918 587 2982 munitiones,
605 2928 650 2970 et
664 2918 838 2970 clausa
855 2926 925 2970 est
939 2918 1130 2983 civitas,
1148 2927 1295 2987 atque
1310 2918 1497 2971 vallata
1517 2933 1670 2985 usque
1682 2917 1750 2971 ad
1763 2934 1868 2971 un-

266 3009 515 3060 drcinmm
525 3024 712 3060 annum
726 3008 857 3077 regis
877 3006 1117 3072 Sedeciw,
1138 3024 1271 3060 nona
1283 3008 1364 3060 die
1382 3009 1584 3070 mensis,
1595 3019 1648 3062 et
1664 3024 1853 3076 praevao

266 3099 362 3152 luit
381 3098 540 3167 fames
557 3098 609 3150 in
628 3098 739 3168 ipsa
761 3098 975 3163 civitate,
999 3114 1090 3152 nec
1108 3107 1216 3151 erat
1247 3099 1391 3167 panis
1414 3100 1601 3168 populo
1623 3100 1691 3152 ad
1711 3115 1847 3151 com-

265 3188 531 3253 edendum,
561 3196 606 3241 et
627 3189 782 3242 scissa
801 3197 870 3241 est
890 3189 1063 3242 civitas
1080 3189 1157 3257 (4.
1184 3188 1309 3259 Reg.
1340 3189 1429 3243 25.
1451 3190 1548 3243 1-4
1571 3192 1609 3259 ).
1632 3190 1849 3244 Poterat

266 3293 459 3347 nempe
477 3278 653 3332 statim
674 3293 704 3332 a
723 3280 889 3347 prima
909 3279 996 3334 die
1020 3278 1162 3348 ipsos
1185 3281 1412 3346 tradere,
1430 3289 1485 3335 et
1498 3281 1671 3336 facere
1691 3281 1849 3335 hosti-

265 3367 364 3422 bus
393 3366 628 3422 subditos
659 3383 675 3433 ;
706 3368 798 3423 sed
836 3376 1111 3437 propterea
1143 3370 1351 3424 interim
1389 3370 1546 3425 trium
1586 3386 1847 3427 annorum

267 3468 474 3523 tempus
488 3458 688 3513 conteri
722 3459 979 3526 permisit,
997 3468 1051 3513 et
1075 3461 1215 3528 ipsos
1239 3460 1514 3515 obsidione
1533 3462 1699 3530 premi
1722 3478 1845 3532 gra-

264 3547 503 3608 vissima,
518 3558 571 3599 ut
586 3557 639 3600 et
651 3548 980 3602 extrinsecus
996 3549 1221 3602 militum
1236 3549 1444 3614 timore,
1461 3559 1515 3604 et
1532 3551 1847 3605 intrinsecus

263 3636 401 3689 laute
423 3634 688 3688 civitatem
718 3647 990 3704 premente
1014 3638 1277 3707 castigati,
1305 3640 1387 3694 vel
1414 3640 1638 3694 invitum
1661 3654 1845 3711 regem

257 3718 502 3775 barbaris
523 3716 678 3773 subdi
699 3725 972 3789 cogerent,
994 3725 1049 3772 et
1071 3715 1282 3788 aliquod
1305 3723 1521 3785 peccato
1548 3716 1848 3771 remedium

256 3810 396 3865 ﬁeri.
425 3809 493 3864 Et
516 3808 659 3879 quod
703 3809 806 3864 hoc
845 3809 915 3863 sit
948 3823 1130 3863 verum
1152 3848 1168 3874 ,
1197 3823 1372 3878 neque
1413 3823 1530 3864 mea
1565 3810 1635 3864 sit
1661 3808 1847 3881 θυηῙὼ

255 3910 443 3966 aura,
475 3899 600 3954 audi
629 3899 755 3970 quid
787 3914 882 3969 per
907 3900 1222 3970 prophetam
1258 3899 1327 3954 ad
1366 3900 1539 3970 ipsum
1572 3899 1755 3957 dicat:
1785 3900 1849 3957 Si

258 3991 442 4045 exieris
464 3989 533 4043 ad
559 3989 712 4043 duces
741 3989 875 4060 regis
912 3988 1187 4060 Babylonis
1213 4031 1230 4057 ,
1272 3989 1398 4043 vivet
1434 3990 1607 4044 anima
1645 3999 1731 4044 tua
1755 4032 1771 4058 ,
1799 4000 1847 4045 et

257 4082 437 4136 civitas
465 4081 572 4136 hate
609 4098 711 4135 non
746 4081 1070 4136 succendetur
1101 4082 1207 4152 igni
1232 4124 1245 4146 ,
1287 4092 1335 4136 et
1363 4083 1494 4137 vives
1519 4093 1572 4136 tu
1595 4091 1642 4136 et
1667 4084 1846 4138 domus

257 4184 366 4226 tua.
393 4172 455 4229 Si
475 4182 644 4226 autem
668 4189 769 4227 non
790 4174 973 4227 exieris
993 4173 1061 4227 ad
1078 4174 1330 4245 principes
1349 4176 1370 4206 ⁸
1393 4175 1525 4247 regis
1544 4174 1843 4247 Babylonis,

259 4264 486 4317 tradetur
503 4264 678 4317 civitas
691 4265 800 4317 htec
814 4255 1062 4319 iu‘manus
1085 4264 1460 4332 Chaldeorum,
1485 4276 1531 4320 et
1547 4268 1848 4322 succendent

258 4370 372 4408 eam
395 4354 540 4424 igni,
582 4364 629 4408 et
665 4370 768 4408 non
805 4352 1015 4425 eﬂ‘ugies
1043 4355 1107 4409 de
1131 4355 1361 4410 manibus
1388 4356 1604 4412 eorum.’
1625 4356 1692 4412 Et
1716 4358 1846 4413 dixit

258 4460 351 4498 rex
368 4443 608 4498 Sedecias
626 4445 694 4498 ad
712 4444 988 4500 Jeremiam
1009 4461 1029 4499 :
1052 4445 1320 4500 Rationem
1346 4447 1503 4501 habeo
1520 4446 1843 4514 Iudaeorum,

255 4537 345 4606 qui
379 4538 613 4608 fugerunt
640 4537 709 4590 ad
735 4537 1001 4592 Chaldatos
1023 4578 1037 4600 ,
1076 4554 1138 4592 ne
1175 4543 1305 4609 forte
1329 4539 1530 4593 tradant
1560 4557 1638 4594 me
1658 4541 1711 4594 in
1741 4559 1849 4595 ma-

259 4645 357 4683 nus
381 4644 570 4694 eorum,
595 4640 645 4683 et
668 4629 887 4684 illudant
907 4630 1051 4684 mihi.
1080 4630 1359 4700 Respondit
1388 4641 1556 4684 autem
1575 4630 1844 4698 Jeremias,

257 4731 308 4774 et
333 4719 463 4774 dixit
490 4720 535 4773 ei
553 4763 571 4788 ,
600 4719 721 4775 Non
743 4730 791 4775 te
809 4721 1007 4775 tradent
1036 4735 1057 4775 :
1081 4723 1205 4776 audi
1231 4738 1399 4775 vocem
1427 4720 1666 4789 Domini,
1696 4740 1848 4794 quam

258 4828 354 4883 ego
383 4812 560 4882 loquor
582 4813 650 4865 ad
674 4822 749 4876 te,
772 4826 818 4866 et
846 4814 1028 4868 melius
1048 4812 1137 4866 tibi
1164 4814 1287 4879 erit,
1315 4823 1362 4867 et
1386 4814 1510 4868 vivet
1535 4816 1707 4869 anima
1735 4827 1843 4869 tua.

263 4902 415 4969 Quod
447 4903 492 4956 si
525 4905 746 4958 nolueris
773 4905 980 4974 egredi,
1019 4906 1115 4958 iste
1154 4915 1226 4958 est
1258 4921 1420 4959 sermo
1452 4922 1599 4975 quem
1634 4907 1847 4961 ostendit

260 4994 390 5048 mihi
413 4991 664 5048 Dominus
692 5011 711 5048 :
742 4995 875 5049 Ecce
902 5011 1072 5049 omnes
1103 4996 1337 5050 mulieres
1361 5012 1475 5068 quae
1498 5008 1847 5053 remanserunt

257 5089 315 5142 in
340 5086 491 5142 domo
514 5088 647 5158 regis
670 5085 704 5139 Ι
709 5086 810 5140 uda
833 5128 849 5154 ,
889 5086 1164 5141 educentur
1186 5087 1254 5141 ad
1287 5089 1541 5159 principes
1581 5090 1712 5160 regis
1739 5089 1847 5143 Ba-

258 5179 480 5251 bylonis,
507 5190 555 5233 et
588 5180 668 5234 hac
693 5180 856 5244 dicent
879 5194 899 5233 :
926 5178 1251 5235 Sedumunt
1289 5189 1365 5245 te,
1401 5190 1446 5234 et
1475 5181 1847 5248 pravaluerunt

256 5270 525 5325 adversum
559 5280 605 5325 te
628 5271 720 5324 viri
746 5271 946 5341 pacifici
977 5271 1049 5324 tui
1072 5313 1088 5336 ,
1117 5280 1164 5325 et
1190 5270 1532 5339 prtevalebunt
1556 5274 1610 5326 in
1639 5272 1846 5327 lubricis

256 5372 438 5416 contra
467 5362 615 5431 pedes
641 5372 751 5415 tuos
781 5377 800 5415 :
826 5372 1143 5416 recesserunt
1171 5379 1202 5416 a
1233 5372 1280 5416 te
1306 5402 1321 5429 ,
1349 5372 1397 5417 et
1417 5362 1440 5394 ⁸
1467 5380 1637 5418 onmes
1664 5379 1842 5418 uxores

254 5463 306 5509 et
332 5454 467 5522 ﬁlios
487 5463 599 5507 tuos
618 5452 823 5507 educent
842 5454 910 5507 ad
931 5450 1219 5520 Chaldaeos,
1238 5463 1285 5507 et
1309 5470 1411 5509 non
1436 5453 1644 5526 e/fugies
1665 5471 1845 5510 manus

325 5569 343 5639 ξ
377 5567 516 5639 l_.e_g_i_t
535 5566 698 5639 ξςιννίι.Ρ
722 5572 875 5617 certe.
900 5574 950 5617 tn
967 5566 1097 5639 Bibl_._
1111 5580 1231 5639 vero
1251 5580 1266 5616 :
1287 5567 1521 5639 _Vivo_ego
1542 5568 1586 5619 si
1606 5581 1719 5639 neu.

321 5628 344 5660 ³
377 5628 529 5695 mitto
545 5636 745 5687 Veneta,
767 5642 1012 5695 quaecum
1034 5628 1154 5679 Bibl.
1168 5630 1393 5695 quadrat,
1413 5628 1552 5695 legit,
1569 5630 1847 5695 principes;

321 5642 344 5660 -
378 5642 529 5678 muto
546 5642 745 5687 veneta,
767 5642 877 5738 qua:
899 5642 1012 5679 cum
1035 5642 1154 5679 mm.
1173 5642 1385 5692 quadrat,

255 5691 309 5742 tu
326 5690 557 5754 munibus
572 5697 734 5754 autem
755 5702 785 5740 a
804 5692 863 5740 iis
881 5690 1080 5753 legitur,
1098 5690 1385 5754 principem.

320 5751 344 5786 ³
375 5751 466 5800 Atii
487 5752 559 5801 sic
578 5751 793 5802 habent:
820 5761 920 5804 Non
938 5751 1339 5816 revertetuur,'et,
1364 5761 1463 5807 etc.

1116 354 1209 410 AD
1245 353 1562 412 POPULUM
1604 348 2085 408 ANTIOCHENUM
2147 351 2378 409 “OMIL.
2417 347 2539 409 XIX

3430 350 3533 407 πη

1959 481 2150 533 eorttm,
2177 467 2296 536 quia
2315 468 2367 521 in
2395 483 2546 521 manu
2575 467 2706 538 regis
2730 466 3005 538 Babylonis
3027 468 3264 537 capieris,
3290 479 3340 523 et
3361 471 3532 524 civitas

1954 557 2063 612 Itth
2103 557 2420 612 centburetur
2459 559 2566 630 igni
2598 557 2808 629 (Jerem.
2834 560 2923 619 38.
2952 560 3018 614 l7
3069 560 3140 615 23
3167 560 3206 630 ).
3250 560 3355 616 Sed
3387 571 3530 632 post-

1954 663 2111 719 quam
2159 663 2264 703 non
2290 652 2554 718 persuasit
2580 649 2695 704 haec
2722 649 2905 704 dicens
2928 691 2942 716 ,
2985 650 3081 706 sed
3106 652 3299 708 mansit
3325 652 3376 706 in
3407 670 3532 722 pec—

1955 748 2074 793 cato
2099 748 2153 796 et
2182 739 2457 808 iniquitate
2484 782 2499 807 ,
2543 751 2663 811 post
2697 751 2805 796 tres
2828 756 2998 796 annos
3021 743 3291 798 civitatem
3322 744 3541 802 tradidit

1956 829 2098 884 Deus
2120 871 2135 896 ,
2162 839 2217 884 et
2243 831 2581 885 clementiam
2610 846 2759 885 suam
2790 832 3161 888 demonstrans
3189 843 3243 889 et
3284 835 3425 890 illius
3454 836 3538 890 in-

1953 929 2158 987 gratum
2194 919 2449 974 animum.
2494 921 2558 974 Et
2597 920 2821 990 ingressi
2850 937 2971 976 cum
3016 936 3202 993 magna
3248 925 3534 992 facilitate,

1956 1009 2047 1063 Dei
2077 1019 2129 1062 et
2155 1010 2293 1079 regis
2318 1010 2533 1064 domum
2559 1011 2905 1066 incenderunt
2928 1022 2981 1067 et
3008 1012 3196 1068 domos
3223 1013 3534 1081 Jerusalem,

1954 1107 2009 1152 et
2033 1114 2243 1155 omnem
2271 1117 2512 1172 magnam
2540 1102 2755 1157 domum
2786 1103 3017 1159 incendit
3062 1106 3308 1176 princeps
3339 1121 3530 1177 coquov

1954 1205 2071 1244 rum
2099 1200 2155 1246 et
2183 1207 2389 1246 murum
2415 1191 2713 1248 Jerusalem
2739 1194 3039 1263 subvertit,
3079 1207 3130 1251 et
3168 1198 3363 1268 ubique
3403 1199 3541 1267 ignis

1952 1281 2296 1348 grassabatur
2324 1282 2655 1348 barbaricus,
2675 1284 2982 1353 juramento
3018 1286 3190 1356 ignem
3230 1289 3456 1343 ducente
3484 1299 3539 1345 et

1954 1368 2219 1425 ﬂammam
2249 1373 2442 1440 passim
2469 1376 2863 1444 circumagente
2890 1394 2903 1430 :
2932 1387 2984 1430 et
3030 1378 3281 1447 populum
3324 1381 3374 1433 in
3410 1380 3536 1434 civi—

1954 1471 2062 1516 tate
2081 1463 2323 1517 relictum
2345 1472 2400 1517 et
2420 1465 2506 1534 qui
2531 1467 2849 1521 transierant
2869 1468 2935 1521 ad
2958 1484 3134 1538 regem
3158 1472 3534 1539 transportavit

1955 1552 2199 1623 princeps
2226 1568 2514 1624 coquorum
2546 1557 2633 1627 (4.
2660 1557 2783 1628 Reg.
2813 1556 2940 1627 25).
2966 1557 3033 1612 Et
3061 1559 3320 1615 columnas
3343 1578 3501 1617 aereas
3520 1601 3538 1628 ,
3618 1554 3621 1555 ν

1952 1660 2064 1715 quae
2091 1655 2232 1698 erant
2259 1646 2311 1699 iu
2337 1647 2485 1701 domo
2522 1646 2730 1702 Domini
2754 1690 2770 1715 ,
2809 1658 2855 1703 et
2888 1649 3050 1716 bases,
3083 1661 3127 1703 et
3154 1668 3292 1705 mare
3320 1669 3538 1719 wneum,

1953 1737 2088 1806 quod
2115 1746 2222 1790 erat
2241 1738 2293 1791 in
2315 1739 2463 1792 domo
2487 1737 2711 1803 Domini,
2734 1745 3083 1811 confregerqu
3113 1741 3343 1797 Chaldtci
3371 1762 3390 1798 :
3412 1744 3542 1798 ollas

1952 1842 2148 1896 quoque
2168 1842 2345 1894 cereas,
2369 1837 2419 1880 ct
2438 1829 2739 1899 fuscinulas,
2762 1839 2808 1882 et
2833 1830 3052 1900 phialas,
3071 1839 3119 1884 et
3149 1833 3460 1897 mortariola,
3493 1843 3543 1888 et

1953 1917 2122 1969 omnia
2159 1932 2280 1970 vasa
2314 1932 2447 1971 cerea
2486 1918 2738 1988 iu‘quibus
2775 1919 3165 1986 ministrabant,
3207 1922 3425 1976 tulerunt
3451 1939 3469 1976 :
3499 1933 3546 1977 et

1954 2010 2227 2075 thuribala,
2250 2020 2296 2062 et
2320 2010 2518 2080 phialas
2538 2027 2715 2065 aureas
2745 2020 2791 2064 et
2811 2022 3073 2081 argenteas
3100 2014 3319 2067 tulerunt
3350 2030 3368 2067 :
3389 2022 3435 2069 et
3453 2031 3543 2068 co-

1954 2102 2153 2154 lumnas
2168 2101 2294 2153 duas
2310 2111 2355 2153 et
2370 2101 2528 2164 bases,
2544 2110 2590 2154 et
2602 2118 2742 2157 mare
2757 2103 2893 2172 quod
2908 2104 3024 2171 fecit
3052 2104 3296 2159 Salomon
3314 2107 3368 2160 in
3391 2107 3544 2160 domo

1954 2191 2178 2253 Domini,
2209 2192 2319 2245 tulit
2352 2190 2719 2259 Nabuzardan,
2748 2193 2983 2261 princeps
3005 2211 3279 2264 cognoram
3300 2213 3320 2250 ε
3345 2207 3392 2248 et
3416 2197 3539 2250 tule-

1953 2291 2070 2335 runt
2092 2298 2288 2351 quoque
2308 2280 2520 2335 Saream
2546 2283 2765 2351 primum
2786 2283 3117 2348 sacerdotem,
3145 2294 3191 2336 et
3217 2284 3431 2354 Saphan
3455 2303 3543 2340 sa—

1953 2372 2201 2427 cerdotem
2229 2373 2522 2439 secundum,
2546 2382 2590 2427 et
2616 2382 2714 2427 tres
2735 2374 2821 2444 qui
2845 2374 3187 2428 custodiebant
3213 2374 3384 2442 limen,
3408 2376 3545 2432 etde

1954 2466 2152 2519 civitate
2174 2467 2456 2518 eunuchum
2480 2481 2658 2531 unum,
2675 2464 2760 2533 qui
2787 2473 2892 2518 erat
2925 2468 3193 2536 prtefectus
3216 2482 3368 2536 super
3385 2467 3544 2522 bella-

1954 2560 2085 2608 tores
2106 2555 2259 2619 viros,
2284 2565 2330 2607 et
2349 2555 2566 2625 quinque
2582 2554 2714 2608 viros
2733 2554 2797 2608 de
2819 2554 2898 2607 his
2911 2554 2996 2622 qui
3017 2554 3249 2609 videbant
3266 2557 3446 2627 faciem
3460 2574 3545 2613 re-

1953 2645 2050 2716 gis,
2065 2655 2109 2698 et
2130 2644 2342 2715 Saphtm
2358 2644 2634 2714 principem
2649 2645 2969 2708 exercitus,“
2979 2645 3268 2710 scribant,“
3280 2646 3545 2718 sexaginta

1954 2735 2084 2788 viros
2100 2775 2115 2799 ,
2137 2743 2184 2787 et
2200 2735 2312 2787 tulit
2328 2750 2430 2800 eos,
2457 2743 2503 2788 et
2527 2733 2739 2786 abduxit
2754 2731 2823 2786 ad
2841 2749 3006 2803 regem
3025 2732 3320 2804 Babylonis,
3342 2751 3544 2805 percus~

1952 2826 2113 2894 sitque
2126 2839 2208 2877 eos
2222 2839 2313 2877 rea:
2335 2822 2608 2894 Babylonis
2621 2831 2668 2876 et
2688 2823 2934 2892 interfecit
2948 2839 3033 2876 eos
3049 2821 3103 2894 (Ι
3107 2824 3215 2877 bid.
3242 2840 3291 2878 v.
3322 2825 3542 2894 15-21).

1955 2915 2135 2984 Itaque
2160 2915 2444 2969 recordare
2458 2913 2581 2968 mihi
2613 2913 2762 2968 l‘alcis
2778 2914 3001 2968 volantis
3017 2922 3067 2968 et
3086 2915 3470 2984 requiescentis
3488 2918 3543 2973 in

1954 3006 2116 3061 domo
2137 3006 2365 3075 jnrantis
2386 3047 2400 3070 ,
2440 3014 2494 3060 et
2525 3005 2758 3075 parietes
2783 3004 3104 3059 destruentis
3128 3014 3183 3059 ot
3226 3006 3372 3076 ligna
3388 3017 3444 3062 et
3466 3006 3546 3062 Γει-

1953 3098 2106 3167 pitles
2134 3115 2147 3151 :
2175 3098 2458 3152 recordare
2482 3097 2611 3150 mihi
2635 3096 2901 3166 quomodo
2922 3097 3289 3166 juramcntum
3315 3098 3417 3154 hoc
3442 3115 3535 3153 ur-

1953 3189 2072 3243 bem
2102 3189 2393 3257 ingressum
2414 3230 2430 3252 ,
2475 3196 2634 3255 atque
2673 3186 2863 3242 domos
2890 3199 2943 3241 et
2964 3189 3219 3257 templum
3250 3200 3305 3244 et
3342 3192 3541 3247 maenis

1952 3279 2278 3345 mdiﬁciaque
2307 3278 2580 3347 splendida
2609 3277 2889 3342 destruxit,
2919 3287 2974 3331 et
2999 3280 3280 3333 maceriem
3313 3280 3437 3335 fecit
3459 3282 3538 3335 ci-

1954 3373 2186 3435 vitatem,
2208 3379 2261 3424 et
2280 3384 2450 3437 neque
2471 3377 2653 3422 sancta
2677 3377 3005 3432 sanctorum,
3026 3383 3195 3437 neque
3216 3384 3366 3425 sacra
3387 3386 3541 3437 vasa,

1952 3476 2050 3515 nec
2076 3460 2214 3513 aliud
2232 3461 2515 3530 quidquam
2541 3473 2748 3528 pmnam
2772 3468 2827 3513 et
2853 3459 3106 3513 ultionem
3143 3459 3289 3514 illam
3318 3463 3539 3527 avertit,

1949 3551 2071 3619 quia
2101 3550 2348 3604 violatum
2387 3548 2560 3603 fuerat
2595 3549 2973 3617 juramentum.
3013 3549 3079 3603 Et
3099 3549 3284 3603 civitas
3313 3551 3537 3620 quidem

1949 3647 2055 3694 tam
2085 3638 2457 3693 miserabiliter
2477 3637 2800 3702 solvebatur,
2827 3653 2918 3692 rex
2944 3645 3122 3692 autem
3152 3639 3234 3691 liis
3256 3639 3538 3695 miserabi-

1925 3714 2083 3774 lliora
2110 3725 2164 3772 et
2192 3718 2421 3771 tristiora
2450 3715 2746 3787 patiebatur
2770 3733 2785 3770 :
2813 3724 2865 3771 et
2895 3717 3032 3772 sicut
3054 3718 3276 3773 aedilicia
3306 3718 3408 3773 falx
3438 3720 3537 3774 ista

1951 3810 2139 3865 volans
2169 3807 2468 3873 destruxit,
2513 3809 2589 3863 sic
2623 3815 2679 3862 et
2722 3806 2861 3862 hunc
2900 3806 3187 3877 fugientem
3224 3808 3539 3879 absumpsit.

1951 3897 2199 3968 Egressus
2243 3897 2387 3952 enim
2430 3905 2499 3950 est
2536 3913 2626 3950 rea:
2648 3936 2662 3957 .
2706 3896 2917 3966 inquit,
2963 3907 3104 3950 nocte
3135 3897 3199 3949 de
3225 3899 3423 3952 civitate
3450 3915 3542 3969 per

1951 3988 2083 4042 viam
2125 3996 2286 4058 porta
2311 4027 2326 4049 ,
2358 3995 2406 4040 et
2444 3985 2674 4040 Chaldaei
2715 3987 3151 4040 circumdederunt
3179 3987 3425 4041 civitatem
3449 4030 3464 4054 ,
3493 3998 3542 4043 et

1951 4088 2276 4149 persequutus
2294 4087 2365 4132 est
2390 4079 2637 4132 exercitus
2658 4075 3011 4130 Chaldaeorum
3039 4087 3151 4146 post
3176 4094 3362 4149 regem,
3386 4086 3431 4132 et
3454 4097 3541 4134 ce-

1951 4182 2130 4241 perunt
2160 4187 2270 4224 eum
2297 4211 2312 4235 ,
2356 4179 2403 4223 et
2438 4168 2920 4239 comprehenderunt
2965 4185 3164 4240 regem,
3203 4179 3248 4223 et
3288 4170 3540 4225 duxerunt

1950 4263 2117 4333 ipsum
2139 4262 2208 4315 ad
2233 4278 2400 4332 regem
2426 4259 2722 4332 Babylonis.
2755 4259 2821 4313 Et
2843 4260 3077 4327 loquutus
3106 4270 3178 4314 est
3203 4277 3293 4316 rea:
3322 4260 3540 4333 Babylo-

1950 4355 2030 4408 nis
2056 4370 2171 4407 cum
2198 4353 2411 4407 Sedecia
2429 4351 2705 4422 judicium,
2724 4360 2771 4405 et
2791 4351 2973 4404 occidit
3000 4351 3135 4420 ﬁlios
3159 4353 3315 4423 ipsius
3339 4355 3394 4406 in
3414 4369 3539 4406 ocu-

1952 4444 2017 4499 lis
2040 4449 2171 4515 ejus,
2198 4453 2248 4499 et
2273 4444 2441 4498 oculos
2469 4444 2694 4498 Sedeciaa
2712 4444 2999 4508 exetecavit,
3023 4453 3069 4497 et
3089 4445 3244 4499 vinxit
3263 4462 3377 4498 eum
3397 4463 3536 4500 com-

1950 4537 2157 4608 pedibus
2177 4577 2194 4603 ,
2224 4546 2270 4589 et
2301 4535 2509 4589 abduxit
2532 4535 2584 4587 in
2614 4533 2919 4603 Babylonem
2956 4532 2975 4605 (
3000 4535 3051 4587 4.
3084 4534 3212 4605 Reg.
3242 4535 3332 4589 ‘23.
3360 4535 3461 4590 4-7
3482 4535 3528 4606 ).

1951 4627 2087 4695 Quid
2111 4635 2214 4691 est,
2237 4625 2498 4695 Loquatus
2521 4633 2595 4678 est
2621 4620 2734 4677 cum
2762 4625 2872 4696 ipso
2891 4624 3144 4694 judicium
3164 4625 3189 4678 ?
3209 4625 3290 4680 Ab
3318 4626 3431 4694 ipso
3453 4641 3539 4680 ra-

1950 4723 2123 4773 tiones
2149 4716 2411 4785 repetivit,
2440 4715 2696 4770 rationem
2726 4716 2902 4784 posuit
2920 4729 3038 4769 cum
3068 4715 3202 4784 ipso,
3230 4726 3284 4769 et
3307 4716 3533 4785 primum

1952 4810 2116 4880 ipsius
2143 4808 2282 4862 ﬁlios
2307 4806 2567 4877 jugulavit
2585 4847 2601 4872 ,
2630 4816 2687 4861 ut
2724 4809 2950 4876 propriae
2978 4807 3294 4861 ealaniitatis
3322 4816 3536 4877 specta-

1953 4911 2035 4954 tor
2060 4900 2207 4952 lleret
2235 4915 2248 4951 :
2276 4909 2329 4951 et
2361 4908 2637 4965 postquam
2663 4899 2972 4964 tragtediam
3004 4898 3147 4952 illam
3177 4899 3534 4953 miserabilem

1948 4987 2099 5053 vidit,
2120 4995 2248 5041 tunc
2267 4987 2414 5040 illum
2433 4991 2741 5045 excaecavit.
2760 4989 2877 5056 Qua
2895 4990 2962 5046 de
2981 5008 3145 5048 causa
3170 5008 3385 5048 rursum
3406 4994 3517 5050 hoc

1949 5075 2159 5146 agitur?
2185 5075 2253 5130 Ut
2277 5078 2535 5146 magister
2560 5079 2809 5135 barbaris
2837 5080 3014 5148 abeat,
3045 5090 3101 5136 et
3129 5081 3239 5136 illic
3266 5082 3514 5136 habitan-

1950 5168 2094 5222 tibus
2122 5166 2325 5225 Judaeis
2345 5209 2360 5235 ,
2387 5180 2445 5225 ut
2472 5182 2759 5227 cernentes
2783 5189 2878 5243 per
2902 5186 3231 5229 exerceatum
3264 5175 3510 5240 discant,

1947 5269 2212 5331 quantum
2239 5261 2364 5315 mali
2393 5262 2878 5332 sitjuramentum;
2902 5281 3002 5321 nec
3023 5266 3099 5320 illi
3123 5280 3251 5320 vero
3274 5273 3507 5329 tantum,

1947 5367 2137 5407 verum
2154 5362 2208 5407 et
2224 5369 2381 5408 secus
2394 5354 2536 5406 viam
2555 5369 2743 5410 omnes
2761 5356 3332 5421 liabitautes,vinetutn
3346 5368 3400 5413 et
3415 5374 3514 5414 ca:-

1948 5454 2130 5499 eatum
2152 5444 2441 5511 intuentes,
2460 5460 2555 5515 per
2577 5447 2901 5504 calamitatis
2928 5450 3353 5520 magnitudinem
3382 5466 3512 5520 pce-

1948 5537 2054 5589 cati
2069 5537 2278 5606 pondus
2292 5538 2521 5594 discant.
2534 5538 2822 5609 Propterea
2841 5542 3225 5611 prophetarum
3243 5542 3376 5597 alter
3388 5545 3511 5613 qui-

1949 5627 2074 5682 dam
2091 5631 2170 5684 sic
2186 5631 2380 5700 inquit,
2399 5629 2521 5685 Non
2534 5631 2726 5686 videbit
2742 5631 3061 5701 Babylonem
3079 5632 3387 5703 (Euolat-1‘2.
3401 5636 3510 5695 liii:

1967 5721 2102 5778 alter
2123 5736 2270 5790 vero,
2293 5720 2358 5775 In
2384 5719 2693 5791 Babylonem
2719 5716 2994 5774 abducetur
3020 5719 3231 5792 (Jerem.
3261 5724 3349 5782 52.
3377 5727 3540 5799 5).Et
