3920 6224
400 340 502 398 ΙΩὸ

395 441 652 497 contraria
672 440 882 511 quidem
906 437 1181 508 prophetia
1199 451 1318 490 esse
1340 434 1564 495 videtur,
1592 432 1686 487 sed
1715 448 1817 486 non
1844 443 1926 486 est
1951 450 1965 486 :

394 537 509 588 hmo
530 532 684 586 atnbo
701 546 852 585 vera:
874 531 1068 585 etenim
1094 527 1412 592 Babylonem
1432 541 1535 577 non
1553 523 1774 586 vidit,et
1790 524 1839 575 in
1863 522 1970 575 Ba-

393 623 641 698 bylonem
659 624 919 677 abductus
935 629 1035 672 est.
1050 617 1323 683 Quomodo
1342 616 1499 684 igitur
1519 614 1841 684 Babylonem
1862 628 1964 665 non

392 714 565 769 vidit?
590 713 848 780 Quoniam
878 711 927 763 iu
946 708 1129 762 Judzna
1151 717 1445 760 excaecatus
1471 715 1571 759 est.
1610 705 1703 759 Ubi
1736 720 1964 771 namque

390 806 745 876 iuramentum
771 809 1005 869 spretum
1029 807 1130 859 cst,
1151 798 1218 851 ibi
1250 806 1303 850 ct
1329 795 1648 849 vindicatum
1678 802 1777 854 cst,
1799 802 1853 846 et
1881 794 1962 843 ιιι--

393 897 586 950 tionem
618 894 728 961 ipse
755 890 1021 945 sustinuit.
1049 886 1610 953 Quomodoabductus
1626 892 1711 937 est
1732 882 1962 952 Babylo-

389 986 547 1044 nem?
571 985 820 1054 Captivus
844 984 1032 1036 factus.
1060 982 1318 1047 Quoniam
1348 980 1488 1033 enim
1524 978 1642 1032 dure
1669 986 1819 1031 erant
1851 992 1966 1044 pa!-

390 1093 504 1143 nze,
536 1075 820 1131 exc-mentio
845 1085 897 1127 et
925 1073 1202 1139 captivitas
1221 1114 1236 1137 ,
1266 1070 1652 1124 distribuerunt
1678 1068 1818 1137 ipsas
1846 1081 1967 1134 pro-

390 1168 561 1238 phetae
579 1185 591 1219 :
610 1178 665 1221 et
691 1166 775 1219 hic
794 1164 1027 1233 quidem,
1050 1162 1169 1215 Non
1192 1162 1392 1226 videbit,
1422 1160 1606 1228 inquit,
1631 1156 1961 1227 Babylonem,

389 1260 555 1329 ipsius
581 1259 992 1313 excaxcationem
1021 1255 1202 1308 dicens
1228 1272 1241 1307 :
1274 1254 1362 1307 ille
1390 1266 1516 1306 vero
1536 1251 1627 1315 ait,
1653 1247 1722 1303 In
1739 1248 1961 1318 Babylo.

388 1366 502 1403 nem
536 1349 827 1407 abducetur,
859 1347 1022 1414 ipsius
1050 1345 1355 1415 signiﬁcans
1380 1342 1761 1410 captivitatem.

455 1443 511 1498 4.
552 1440 764 1494 Moralis
800 1439 1099 1492 exhortatio.
1123 1465 1197 1476 —-
1220 1436 1342 1488 Haec
1373 1434 1528 1500 igitur
1562 1433 1821 1493 scientes,
1854 1429 1961 1482 fra-

386 1543 525 1598 tres,
556 1542 606 1586 et
634 1548 773 1585 nunc
809 1535 945 1585 dicta
973 1540 1025 1583 et
1058 1539 1181 1582 ante
1221 1527 1335 1580 haec
1372 1532 1782 1579 commemorata
1810 1522 1965 1575 colli-

383 1634 587 1691 gentes,
609 1624 675 1675 ab
703 1623 798 1674 hac
828 1620 1039 1674 tandem
1064 1619 1220 1672 stulta
1249 1630 1519 1670 cessemus
1545 1611 1961 1667 consuetudine:

384 1716 461 1769 sic
487 1730 614 1784 rogo
651 1725 704 1768 ct
729 1728 824 1766 oro
852 1727 943 1765 vos
973 1725 1178 1763 omnes.
1212 1710 1268 1764 Si
1309 1708 1450 1761 enim
1492 1706 1809 1774 antiquitus,
1841 1718 1959 1756 cum

383 1807 550 1862 Juda-i
579 1807 642 1860 ad
671 1806 955 1875 perfectam
978 1802 1307 1869 disciplinam
1342 1815 1445 1852 non
1472 1796 1835 1866 exigebantur,
1868 1794 1960 1848 sed

384 1898 545 1951 multa
576 1904 692 1951 erat
720 1894 1060 1963 indulgentia,
1086 1901 1227 1945 tanta
1258 1897 1473 1959 propter
1503 1902 1662 1940 unum
1687 1886 1960 1953 juramen-

384 1996 492 2039 tum
521 1986 617 2045 ira,
644 1995 842 2038 tantum
870 1983 1153 2043 excidium,
1189 1988 1328 2032 tanta
1360 1977 1635 2044 captivitas
1664 1973 1793 2027 fuit:
1828 1972 1954 2040 quid

381 2090 671 2144 congruum
693 2083 772 2127 est
798 2087 936 2125 nunc
963 2085 1208 2138 passuros
1228 2066 1616 2134 essejurantcs,
1644 2074 1759 2131 post
1788 2063 1956 2130 legem

383 2162 483 2219 hoc
518 2165 692 2218 facere
732 2163 1095 2232 prohibentem
1127 2170 1179 2214 et
1204 2167 1403 2212 tantum
1434 2155 1799 2209 mandatorum
1828 2169 1959 2222 aug-

383 2255 656 2311 mentum?
699 2253 835 2307 Nunt
879 2253 1018 2306 enim
1063 2250 1164 2303 hoc
1203 2258 1282 2302 cst
1318 2247 1457 2316 quod
1495 2246 1767 2313 qna-ritur,
1802 2253 1855 2296 ut
1894 2243 1960 2296 ad

378 2346 618 2416 synaxim
647 2343 920 2396 veniamus
956 2349 1010 2394 et
1045 2338 1322 2392 audiamus
1358 2351 1476 2405 qua:
1516 2334 1803 2389 dicuntur?
1850 2333 1960 2387 lloc

379 2435 590 2505 quidem
618 2445 672 2489 ct
706 2431 960 2502 judicium
989 2430 1159 2499 majus
1182 2437 1299 2492 est,
1327 2437 1382 2481 et
1406 2442 1561 2496 poena
1604 2425 1922 2479 inevitabilis
1941 2464 1956 2488 ,

378 2526 589 2597 quando
614 2533 869 2596 perpetuo
895 2522 1170 2576 audientes
1196 2537 1299 2573 non
1327 2520 1609 2587 implemus
1632 2533 1750 2585 qua:
1772 2516 1957 2569 dicun-

378 2627 482 2673 tur.
509 2616 679 2684 Quam
706 2614 849 2669 enim
875 2611 1186 2665 habebimus
1212 2606 1613 2663 defensionem?
1639 2620 1796 2674 quam
1828 2619 1957 2658 vero

378 2712 582 2764 veniam
606 2748 622 2775 ,
654 2722 775 2762 cum
799 2720 832 2761 a
858 2704 1023 2775 prima
1062 2717 1160 2757 nos
1185 2711 1341 2755 actate
1370 2715 1535 2769 usque
1573 2699 1625 2752 iu
1659 2707 1953 2753 extremam

378 2801 622 2856 canitiem
648 2798 750 2852 huc
768 2794 1144 2851 convenientes
1161 2800 1216 2847 et
1236 2798 1377 2845 tanta
1400 2788 1638 2843 fruentes
1657 2786 1955 2855 disciplina,

378 2890 576 2947 Iitniles
601 2889 701 2943 illis
736 2900 1103 2942 remaneamus
1126 2923 1141 2948 ,
1166 2893 1221 2937 et
1248 2882 1449 2935 nullum
1475 2881 1779 2934 Studeamus
1805 2879 1959 2932 defe-

377 2978 519 3038 ctum
543 2980 847 3052 corrigere?
880 2978 958 3033 Ne
988 2977 1116 3031 mihi
1141 2977 1251 3044 jam
1292 2975 1483 3044 aliquis
1520 2972 1956 3028 consuetudinem

379 3071 708 3143 praetendat:
754 3079 971 3140 propter
1013 3067 1115 3122 hec
1158 3066 1301 3121 enim
1346 3064 1592 3135 indignor
1633 3073 1687 3118 et
1733 3064 1952 3127 irascor,

377 3165 622 3234 quoniam
666 3162 1104 3217 consuetudinem
1142 3159 1356 3212 vincere
1394 3170 1499 3210 non
1544 3168 1844 3225 possumus.
1889 3152 1958 3206 Et

377 3256 474 3310 nisi
503 3254 933 3310 consuetudinem
962 3253 1254 3313 vincamus,
1281 3248 1546 3318 quomodo
1572 3247 1955 3314 concupiscen-

377 3347 501 3400 tiam
524 3348 814 3410 vincemus,
841 3344 991 3414 cujus
1010 3344 1162 3397 radix
1184 3342 1343 3395 habet
1361 3355 1389 3393 a
1409 3350 1591 3394 natura
1607 3337 1958 3408 principium?

374 3440 763 3509 Concupiscere
790 3437 929 3491 enim
960 3434 1200 3489 naturale
1219 3475 1233 3497 ,
1263 3432 1400 3486 male
1426 3446 1553 3485 vero
1581 3429 1957 3497 concupiscere

374 3532 479 3598 jam
506 3538 590 3583 est
621 3528 927 3581 voluntatis.
956 3526 1142 3579 Jurare
1180 3538 1371 3591 nempe
1411 3536 1508 3575 nec
1533 3521 1670 3589 cepit
1699 3535 1728 3572 a
1767 3518 1955 3571 volun-

378 3632 482 3675 tate
510 3623 526 3653 ¹
558 3619 893 3689 principium,
921 3616 1015 3671 sed
1041 3631 1109 3669 ex
1129 3614 1441 3682 negligentia
1470 3612 1605 3665 sola.

454 3711 598 3765 Mirm
644 3709 999 3762 circulatorum
1046 3704 1377 3759 artes—Et
1405 3712 1460 3756 ut
1502 3702 1695 3765 discas,
1744 3718 1849 3755 non
1889 3717 1956 3755 ex

378 3802 453 3856 rei
482 3800 823 3861 difﬁcultate,
868 3797 963 3851 sed
995 3806 1209 3865 propter
1236 3795 1531 3863 neglectum
1572 3804 1807 3846 nostrum
1838 3803 1956 3845 tan-

378 3902 485 3946 tum
515 3890 617 3944 hoc
655 3896 929 3959 peccatum
963 3885 1313 3955 processisse,
1343 3884 1633 3951 cogitemus
1663 3884 1829 3935 multo
1876 3881 1957 3935 his

376 3980 671 4035 difﬁciliora
704 3978 947 4031 homines
975 3975 1230 4044 exsequi,
1260 3983 1313 4028 et
1342 3973 1441 4027 hoc
1480 3974 1678 4026 nullam
1711 3973 1831 4026 inde
1870 3987 1956 4025 re-

377 4072 713 4126 tributionem
760 4075 1161 4136 exspectantes:
1208 4065 1498 4133 cogitemus
1543 4079 1661 4131 qua:
1713 4063 1956 4116 diabolus

378 4160 657 4228 imperavit
680 4200 693 4222 ,
725 4172 880 4227 quam
908 4157 1166 4210 laboriosa
1193 4196 1207 4220 ,
1232 4169 1388 4223 quam
1428 4155 1604 4221 gravia
1628 4169 1643 4205 :
1692 4167 1789 4206 nec
1813 4152 1955 4206 difﬁ-

377 4254 546 4308 Cultas
578 4250 674 4306 fuit
700 4251 814 4316 ejus
840 4248 1099 4301 mandatis
1124 4246 1575 4314 impedimentum.
1612 4243 1747 4309 Quid
1772 4244 1913 4297 enim
1938 4284 1954 4307 ,

377 4355 577 4411 quarso,
624 4339 888 4393 difﬁcilius
930 4338 1018 4400 sit,
1075 4350 1231 4404 quam
1279 4349 1399 4387 cum
1441 4332 1702 4400 quispiam
1745 4332 1956 4400 juvenis

378 4432 676 4486 volentibus
692 4444 749 4483 se
766 4427 1002 4481 emollire
1023 4435 1076 4478 ct
1094 4425 1326 4479 membra
1345 4438 1436 4477 sua
1457 4431 1702 4491 torquere
1723 4423 1953 4491 scipsum

378 4525 620 4583 tradens.
648 4521 834 4576 sedulo
862 4518 1148 4572 contendat
1185 4527 1315 4570 roLe
1356 4532 1503 4568 more
1546 4524 1710 4568 totum
1740 4515 1956 4569 flectere

379 4632 575 4686 corpus
597 4658 613 4682 ,
645 4626 699 4671 et
724 4616 773 4668 in
806 4614 1104 4682 pavimento
1131 4609 1347 4673 versari,
1378 4617 1431 4661 et
1461 4623 1553 4676 per
1575 4609 1756 4660 oculos
1785 4617 1838 4661 et
1864 4622 1956 4675 per

381 4724 630 4763 manuum
655 4704 1157 4761 circumductionem
1202 4709 1254 4752 et
1286 4699 1442 4751 aliam
1487 4699 1867 4751 revolutionem
1901 4699 1952 4751 in

383 4800 668 4853 femineum
710 4810 874 4864 genus
918 4792 1144 4847 transire
1184 4797 1425 4852 conetur,
1476 4805 1571 4842 nec
1608 4804 1790 4842 eorum
1836 4803 1955 4856 qua:

384 4886 909 4950 ﬁuntdifﬁcultaletn,
933 4899 1029 4937 nec
1045 4899 1111 4935 ex
1132 4882 1196 4935 iis
1213 4881 1549 4949 ignominiam
1575 4878 1955 4932 ratiocinetur?

382 4981 435 5035 in
462 4978 733 5034 orchestra
772 4991 977 5029 rursum
1007 4990 1100 5029 eos
1124 5015 1138 5037 ,
1168 4973 1257 5040 qui
1296 4973 1671 5039 pertrahuntur
1690 5013 1703 5031 ,
1733 4978 1785 5023 et
1814 4969 1956 5022 velut

379 5071 481 5125 alis
507 5066 758 5122 membris
777 5074 990 5118 utuntur
1009 5061 1299 5129 corporeis,
1322 5062 1439 5127 quis
1462 5059 1640 5112 videns
1662 5074 1761 5111 n0n
1789 5058 1955 5111 admi-

380 5160 566 5217 retur?
595 5157 794 5228 gladios
825 5163 997 5207 autent
1027 5153 1325 5205 alternatim
1359 5151 1408 5201 in
1433 5164 1608 5226 acrem
1635 5148 1952 5215 jaculantes,

378 5261 434 5306 et
457 5263 642 5305 omnes
667 5262 873 5301 rursum
898 5261 989 5314 per
1012 5242 1341 5296 manubrium
1365 5240 1652 5308 capientes,
1674 5254 1828 5307 quem
1849 5253 1954 5290 non

378 5339 700 5396 confundant
731 5337 931 5390 nullum
966 5348 1059 5403 pro
1087 5333 1281 5384 virtute
1308 5330 1539 5382 laborem
1566 5328 1832 5393 suscipere
1861 5342 1954 5377 vp-

380 5430 646 5486 lentium?
672 5431 749 5484 vel
777 5426 901 5497 quid
930 5426 996 5478 de
1026 5426 1085 5477 iis
1106 5423 1313 5476 dicatur
1339 5422 1484 5483 viris,
1511 5419 1598 5487 qui
1627 5417 1876 5485 perticam
1901 5416 1953 5469 in

382 5522 558 5576 fronte
582 5528 849 5588 gestantes
872 5558 885 5581 ,
916 5518 1058 5569 velut
1086 5514 1331 5566 arborem
1361 5510 1412 5562 in
1446 5519 1581 5563 terra
1625 5508 1910 5560 radicatam
1937 5547 1951 5569 ,

385 5613 460 5665 sic
488 5614 755 5664 immotam
787 5606 1143 5662 conservant?
1173 5602 1286 5656 Non
1332 5601 1432 5653 huc
1475 5600 1644 5654 solum
1673 5610 1755 5653 est
1782 5599 1951 5653 admi—

446 5724 461 5757 ⁸
499 5720 663 5772 Morel.
690 5729 740 5772 et
765 5719 946 5784 aliquot
966 5724 1092 5776 Mss...
1117 5728 1146 5764 α
1171 5713 1432 5776 rolmuate;
1450 5711 1549 5774 alii,
1564 5724 1596 5761 α
1622 5717 1812 5762 natura.

1132 324 1188 380 8.
1228 322 1504 378 JU.‘tNNlS
1538 318 1957 375 CilRYSOSTO!

2067 318 2366 375 \RCIIIEP.
2408 318 2934 375 COZQSTANTlNOP.

3549 320 3655 377 193

2076 432 2240 486 rabile
2263 477 2277 493 ,
2310 449 2490 487 verum
2521 443 2575 488 et
2603 433 2653 487 id
2680 434 2819 503 quod
2853 434 3101 501 puerulos
3126 449 3317 503 parvos
3357 434 3407 487 iu
3437 451 3655 489 summo

2075 523 2216 591 ligno
2248 524 2264 555 ¹
2304 523 2443 577 inter
2468 539 2525 578 se
2568 524 2752 578 luctari
2787 524 3014 587 faciunt,
3049 534 3103 579 ct
3133 540 3303 593 neque
3327 541 3513 579 manus
3550 542 3653 578 nec

2071 616 2171 669 alia
2197 616 2435 684 corporis
2457 632 2595 684 pars,
2618 618 2711 671 sed
2743 616 2886 670 frons
2911 619 3021 671 sola
3049 618 3193 672 omni
3216 618 3422 670 vinculo
3444 616 3651 671 ﬁrmius

2071 706 2211 758 illam
2234 707 2487 775 perticam
2509 707 2644 775 gerit
2671 707 3056 761 incencussam.
3082 707 3232 762 Alter
3250 724 3456 761 rursum
3482 724 3649 775 supra

2071 796 2247 850 funem
2284 798 2715 863 augustissimum
2757 812 2876 851 cum
2909 807 3051 852 tanta
3078 797 3309 851 ambulat
3340 798 3645 861 securitate,

2069 899 2188 937 cum
2220 896 2413 956 quanta
2457 888 2545 957 qui
2576 888 2758 956 planos
2795 902 3012 957 campos
3057 897 3387 957 percurrunt.
3420 888 3648 942 Verum-

2070 982 2244 1028 tamcn
2288 976 2399 1030 hazc
2423 992 2541 1046 quae
2570 987 2624 1031 et
2663 978 2891 1044 cogitatu
2933 978 3279 1031 intolerabilia
3310 993 3427 1033 esse
3454 979 3644 1032 viden-

2071 1074 2156 1119 tur
2178 1107 2192 1129 ,
2220 1065 2355 1119 facta
2395 1075 2517 1120 sunt
2552 1075 2666 1121 arte
2694 1067 2981 1136 possibilia.
3018 1067 3152 1132 Quid
3194 1067 3381 1120 horum
3421 1068 3471 1120 in
3495 1067 3647 1135 jura-

2068 1159 2263 1213 mentis
2289 1199 2302 1220 ,
2348 1175 2558 1227 quaeso,
2612 1159 2940 1228 prtetendere
2986 1159 3306 1227 possumus?
3343 1174 3498 1228 quam
3541 1158 3649 1212 dif-

2071 1250 2400 1306 ﬁcultatem?
2453 1267 2609 1321 quem
2661 1252 2956 1306 sudorem?
3011 1268 3166 1320 quam
3225 1250 3441 1304 artem?
3497 1249 3644 1318 quod

2070 1344 2399 1411 periculum?
2426 1344 2627 1413 Exiguo
2663 1352 2866 1396 tantum
2893 1342 3066 1395 studio
3098 1342 3248 1394 nobis
3280 1351 3359 1393 est
3384 1354 3515 1409 opus
3539 1381 3554 1405 ,
3588 1350 3645 1393 et

2071 1435 2211 1485 brevi
2258 1435 2408 1487 nobis
2438 1444 2603 1487 totum
2634 1435 2936 1504 expeditum
2968 1434 3141 1487 fuerit.
3167 1432 3275 1486 Nec
3304 1432 3429 1485 tnihi
3455 1432 3601 1486 dicas
3623 1473 3645 1495 ,

2068 1523 2314 1591 Majoretn
2344 1534 2543 1592 partem
2572 1525 2813 1593 expedivi
2838 1543 2850 1578 :
2897 1525 2989 1578 sed
3022 1534 3077 1578 tu
3104 1525 3199 1577 nisi
3230 1533 3395 1577 totum
3422 1522 3645 1591 expedi-

2068 1616 2227 1678 veris,
2258 1616 2489 1669 nondum
2521 1626 2571 1670 te
2607 1617 2893 1686 quidquam
2935 1616 3123 1672 fecisse
3167 1626 3326 1685 puta:
3375 1618 3475 1670 hoc
3498 1616 3641 1669 enim

2067 1708 2315 1773 exiguum
2346 1710 2639 1777 neglectum
2678 1717 2734 1762 et
2772 1724 2930 1763 omne
2958 1709 3217 1777 reliquum
3249 1709 3492 1762 destruit.
3523 1707 3639 1761 Sa:-

2066 1797 2182 1865 pins
2212 1813 2436 1867 namque
2480 1798 2666 1852 domos
2694 1798 3017 1853 :ediﬁcantes
3045 1798 3285 1852 homines
3305 1840 3319 1861 ,
3367 1807 3420 1852 et
3447 1808 3643 1853 tectum

2067 1888 2397 1958 imponentcs
2419 1931 2434 1956 ,
2464 1890 2619 1944 unius
2644 1891 2835 1960 tegulae
2854 1905 3092 1944 excussa:
3118 1906 3299 1943 curam
3329 1907 3430 1942 non
3451 1906 3643 1959 gereno

2069 1992 2167 2045 tes,
2197 1991 2361 2036 totam
2386 1983 2600 2037 domum
2631 1982 2990 2053 perdiderunt.
3022 1984 3088 2035 Et
3114 1983 3165 2034 itt
3195 1982 3519 2036 vestimentis
3538 1980 3642 2035 hoc

2066 2071 2239 2139 ipsum
2266 2074 2483 2129 evenire
2522 2074 2641 2143 quis
2674 2088 2897 2129 cernere
2921 2075 3122 2143 possit:
3151 2073 3346 2127 etenim
3381 2087 3541 2141 parva
3586 2073 3643 2127 in

2066 2161 2171 2214 illis
2197 2162 2331 2216 facta
2360 2164 2587 2217 scissura
2605 2202 2621 2227 ,
2650 2179 2748 2217 nec
2777 2163 3027 2219 rcsarcita
3046 2204 3058 2221 .
3087 2177 3331 2231 magnam
3359 2161 3483 2216 fecit
3510 2162 3640 2215 scis-

2065 2265 2263 2305 Suram.
2298 2252 2406 2307 iloc
2431 2260 2482 2307 et
2510 2252 2561 2305 in
2585 2252 2905 2306 torrentibus
2925 2251 3189 2306 multotics
3212 2251 3387 2305 evenit
3409 2271 3423 2303 :
3445 2251 3639 2305 ctenim

2063 2352 2117 2396 et
2164 2343 2258 2407 illi,
2306 2344 2351 2396 si
2393 2343 2479 2396 vel
2520 2344 2795 2397 minimum
2838 2343 3078 2410 ceperint
3124 2344 3441 2411 ingressum,
3474 2351 3641 2396 totout

2065 2432 2405 2487 introducunt
2440 2432 2719 2487 ﬂuentum.
2753 2433 2930 2502 Itaque
2970 2442 3023 2487 et
3047 2441 3102 2486 tu
3124 2474 3139 2495 ,
3173 2435 3300 2487 licet
3334 2442 3385 2487 te
3410 2432 3643 2499 undique

2064 2524 2372 2589 muniveris,
2421 2524 2467 2577 si
2506 2532 2682 2578 tamen
2726 2524 2901 2593 aliqua
2944 2537 3068 2591 pars
3112 2524 3385 2577 immunita
3424 2523 3645 2576 dimissa

2064 2622 2167 2679 est,
2194 2615 2353 2668 etiam
2381 2613 2519 2668 hanc
2543 2614 2755 2668 diabolo
2780 2613 3015 2678 ohstrue,
3048 2621 3104 2666 ut
3129 2615 3204 2666 sis
3224 2612 3292 2665 ab
3317 2610 3461 2665 omni
3492 2622 3647 2680 parte

2064 2703 2325 2759 ﬁrmatus.
2359 2704 2549 2758 Vidisti
2588 2704 2821 2759 falcem?
2853 2704 3026 2758 vidisti
3073 2713 3234 2771 caput
3258 2702 3519 2757 Joannis?
3546 2716 3645 2755 an-

2063 2797 2185 2853 disti
2213 2797 2488 2853 historiam
2524 2798 2592 2853 de
2615 2798 2775 2853 Saule
2794 2799 2817 2851 ’ἰ
2843 2797 3033 2851 audisti
3061 2796 3382 2864 captivitatis
3406 2794 3643 2850 Judaica:

2062 2890 2323 2944 modum?
2351 2903 2471 2943 cum
2494 2887 2579 2942 his
2602 2898 2782 2942 autem
2811 2888 3058 2941 omnibus
3086 2886 3274 2940 audisti
3298 2884 3492 2940 Christi
3519 2900 3642 2939 scn-

2067 2984 2285 3039 tentiam
2305 3021 2320 3046 ,
2346 2980 2612 3034 dicentem
2637 2976 2779 3048 quod
2800 2992 2903 3031 non
2933 2977 3170 3045 pejerare
3196 2985 3395 3029 tantum
3414 3016 3429 3039 ,
3457 2989 3648 3033 verum

2063 3086 2114 3130 et
2150 3074 2335 3140 iurare
2379 3071 2876 3141 quomodocumque
2922 3068 3238 3122 diabolicum
3284 3079 3386 3133 est,
3436 3077 3491 3122 et
3532 3076 3643 3122 tota

2064 3165 2277 3234 maligni
2308 3162 2627 3216 machinatio
2680 3158 2888 3229 (Matth.
2922 3159 2976 3213 5.
3009 3160 3097 3211 ὃὸ.
3126 3159 3214 3225 5i)
3236 3158 3259 3211 ?
3285 3156 3476 3211 audisti
3520 3157 3641 3210 ubi-

2062 3270 2165 3323 que
2185 3254 2486 3321 jnrameuta
2517 3250 2663 3319 sequi
2692 3247 2968 3318 perjuria?
2994 3247 3150 3311 lla-c,
3187 3249 3395 3316 inquam
3414 3288 3429 3311 ,
3463 3248 3641 3301 omnia

2063 3358 2411 3412 congregans,
2460 3341 2686 3395 inscribe
2731 3339 2879 3393 cordi
2930 3348 3040 3391 tuo.
3073 3338 3187 3391 Non
3228 3337 3403 3391 cernis
3429 3347 3486 3390 ut
3524 3354 3641 3391 mu-

2064 3435 2220 3488 lieres
2245 3444 2299 3487 ct
2337 3434 2481 3499 parvi
2512 3432 2656 3500 pueri
2686 3444 2781 3499 pro
2818 3445 3006 3498 magna
3047 3429 3284 3482 custodia
3315 3429 3450 3481 collo
3476 3443 3642 3482 evan-

2062 3529 2194 3595 gelia
2226 3526 2575 3597 suspendunt,
2607 3535 2662 3579 et
2688 3526 2881 3593 ubique
2905 3522 3288 3578 circumferunt
3311 3536 3645 3592 quocumque

2062 3618 2289 3671 abierint
2318 3618 2435 3687 (a)?
2481 3616 2560 3671 Tu
2599 3615 2853 3685 evangelii
2885 3614 3128 3668 mandata
3169 3623 3221 3667 et
3250 3615 3393 3682 leges
3412 3614 3433 3644 ¹
3463 3622 3645 3667 mente

2064 3707 2333 3761 describas
2372 3725 2385 3759 :
2434 3722 2538 3760 non
2584 3721 2714 3759 auro
2750 3719 2849 3758 nec
2883 3712 3104 3772 argento
3148 3704 3233 3756 hic
3277 3710 3360 3757 est
3398 3717 3535 3771 opus
3586 3713 3645 3757 et

2066 3799 2322 3865 pecuniis,
2355 3811 2453 3850 nec
2482 3798 2672 3850 librum
2696 3810 2874 3849 emere
2900 3812 2914 3848 :
2949 3795 3217 3848 voluntate
3246 3795 3359 3848 sola
3390 3793 3540 3848 vobis
3559 3802 3645 3848 est

2064 3904 2196 3955 opus
2224 3895 2279 3941 ct
2305 3888 2493 3941 affectu
2535 3887 2724 3940 animm
2751 3885 3131 3954 expergefacta:
3155 3925 3169 3949 ,
3201 3893 3253 3937 et
3277 3884 3514 3937 securius
3542 3883 3640 3936 ha-

2064 3981 2212 4035 bebis
2235 3980 2585 4049 evangelium,
2615 3994 2716 4033 nou
2747 3977 3126 4032 circumferens
3148 3976 3477 4031 extrinsecus
3496 4016 3512 4040 ,
3544 3976 3643 4029 sed

2064 4074 2115 4126 in
2160 4073 2350 4125 anima:
2382 4070 2742 4139 penetralibus
2781 4070 2955 4138 ipsmn
2999 4083 3283 4137 reponens.
3339 4068 3645 4135 Exsurgens

2064 4164 2223 4234 igitur
2241 4179 2272 4219 e
2303 4163 2461 4228 lecto,
2489 4172 2543 4216 et
2565 4163 2777 4215 domum
2809 4172 2948 4215 tuam
2975 4161 3273 4229 egrediens,
3304 4164 3439 4213 hanc
3466 4159 3640 4227 legem

2062 4264 2265 4326 repete,
2307 4256 2585 4315 videlicet,
2632 4253 2741 4320 Ego
2781 4264 2945 4305 autem
2983 4254 3093 4304 dico
3137 4252 3300 4315 vobis,
3333 4268 3432 4303 non
3459 4251 3647 4320 jurare

2064 4353 2266 4401 omnino
2295 4346 2504 4419 (Matth.
2536 4346 2589 4399 5.
2620 4347 2751 4413 54):
2799 4352 2851 4397 et
2882 4345 2982 4397 erit
3012 4344 3197 4395 idonea
3228 4342 3319 4394 tibi
3363 4341 3643 4408 disciplina

2064 4440 2282 4494 verbum
2316 4438 2485 4492 illud:
2530 4453 2629 4492 nec
2657 4438 2798 4491 enim
2843 4437 3009 4489 multo
3034 4435 3217 4489 labore
3254 4449 3386 4501 Opus
3414 4442 3515 4497 est,
3545 4434 3643 4486 sed

2065 4533 2268 4587 modica
2299 4542 2499 4587 tantum
2544 4531 2855 4585 attentione.
2892 4530 2956 4581 Et
2981 4528 3119 4596 quod
3166 4526 3267 4579 hoc
3311 4527 3381 4578 sit
3416 4540 3639 4587 verum,

2063 4626 2184 4678 inde
2212 4625 2723 4678 manifestissimum.
2751 4621 2943 4675 Filium
2974 4631 3118 4672 tuum
3147 4631 3345 4671 vocans
3373 4628 3512 4670 terre
3536 4657 3553 4681 ,
3584 4626 3644 4671 et

2061 4719 2264 4772 minare
2300 4726 2350 4771 te
2390 4718 2487 4785 ipsi
2534 4716 2714 4784 plagas
2756 4711 3074 4766 inflicturum
3097 4750 3113 4774 ,
3147 4710 3249 4764 nisi
3287 4709 3456 4777 legem
3501 4708 3645 4763 hanc

2061 4819 2378 4876 exsequatur
2403 4846 2417 4873 ,
2449 4817 2500 4860 et
2529 4807 2730 4860 videbis
2755 4802 3022 4873 quomodo
3050 4818 3080 4856 a
3107 4801 3495 4857 consuetudine
3529 4807 3647 4853 sta-

2065 4902 2156 4954 tim
2181 4900 2419 4953 desistet.
2444 4899 2718 4963 Quomodo
2742 4898 2899 4965 igitur
2915 4912 3019 4949 non
3038 4893 3345 4957 absurdum,
3365 4907 3407 4946 ει
3431 4890 3641 4961 pueruli

2060 4991 2209 5059 parvi
2240 4990 2427 5043 timore
2458 4989 2623 5041 nostri
2668 4999 2919 5055 paventes
2943 5028 2958 5052 ,
2985 4986 3289 5040 mandatum
3319 4983 3597 5053 perﬁciant
3616 5020 3635 5048 ,

2062 5096 2159 5135 nos
2184 5096 2309 5134 vero
2339 5095 2508 5149 neque
2533 5080 2611 5132 sic
2648 5079 2810 5132 Deum
2840 5079 3119 5132 timeamus
3142 5118 3158 5142 ,
3192 5084 3250 5130 ut
3277 5091 3374 5130 nos
3404 5075 3495 5130 filii
3525 5090 3641 5130 me-

2062 5172 2252 5225 tuunt?
2280 5171 2431 5237 Quod
2456 5179 2631 5224 autem
2662 5170 2905 5237 superius
2931 5168 3069 5232 dixi,
3103 5166 3206 5220 hoc
3232 5173 3287 5220 et
3326 5179 3466 5220 nunc
3494 5164 3633 5218 dico.

2062 5262 2255 5332 Legem
2285 5263 2437 5317 nobis
2464 5262 2590 5330 ipsis
2618 5275 2871 5329 ponamus
2895 5299 2908 5323 ,
2937 5274 3041 5313 non
3070 5258 3214 5329 prius
3245 5256 3448 5325 publica
3474 5295 3488 5318 ,
3528 5269 3639 5308 non

2125 5466 2142 5497 ι
2179 5463 2281 5520 Alii,
2304 5462 2359 5514 in
2403 5459 2561 5510 medio
2602 5458 2747 5525 ligno.
2782 5457 2925 5507 Paulo
2949 5463 3050 5520 post
3076 5458 3240 5515 iidem,
3267 5452 3400 5505 aliud
3423 5451 3640 5515 corporis

2061 5525 2345 5576 membrum.

2126 5591 2145 5619 ³
2181 5586 2366 5647 Aliquot
2386 5589 2514 5639 Mss,
2539 5587 2591 5631 tu
2609 5579 2850 5647 Evangelii
2861 5580 3051 5647 ⁸(ἔικεν-αδ.

2124 5650 2196 5710 (a)
2230 5634 2453 5696 bt'ulieres
2491 5634 2542 5692 et
2576 5634 2759 5710 parvuli
2803 5641 2926 5692 collo
2965 5639 3216 5703 Evangelia
3254 5634 3643 5703 suspendebant.

2062 5706 2157 5761 Hac
2171 5706 2233 5760 de
2250 5724 2306 5760 re
2328 5710 2377 5756 in
2399 5706 2719 5769 sequentibus
2741 5712 2933 5768 agetur.
