3912 6230
43 324 114 383 95
992 325 1084 377 Αυ
1121 320 1446 381 POPULUM
1484 321 1986 384 ANTIOCHENUM
2054 329 2282 389 HomL.
2315 331 2458 389 XIX.

43 443 290 518 μαρτιας
312 443 380 497 τὸ
421 437 670 512 μέγεθος.
722 435 820 489 Διά
845 437 1006 490 τοῦτο
1039 440 1070 491 ὀ
1107 437 1205 508 μὲν
1233 437 1342 491 τῶν
1388 438 1686 509 προφητῶν

43 549 196 605 ησιν,
227 533 360 586 οὐκ
389 529 600 598 ὄψεται
623 523 967 580 Βαϐυλῶνα
1001 527 1030 578 ὁ
1059 524 1116 577 δὲ
1141 524 1311 594 λέγει,
1338 526 1418 578 δτι
1436 527 1542 590 Είς
1575 526 1694 578 Ba-

43 619 259 678 υαιῶνα
295 614 730 686 ἀπαχθήσεται.
765 612 876 665 Καὶ
909 613 1058 666 δοκεῖ
1101 613 1200 681 μὲν
1233 611 1450 664 ἐναντία
1487 606 1631 663 εἶναι
1659 611 1694 681 ἡ

43 693 350 783 ροφητεία·
401 705 504 759 οὐκ
539 703 658 756 ἐστι
699 701 791 765 δέ,
829 699 946 754 ἀλλ’
980 699 1267 770 ἀμφότερα
1297 698 1468 752 ταῦτα
1492 697 1692 766 ἀληθῆ.

44 799 113 852 ,αὶ
140 797 267 867 γὰρ
291 791 588 848 Βαϐυλῶνα
615 791 715 844 οὐκ
738 785 870 853 εἶδε,
886 788 980 842 καὶ
1009 789 1090 850 είς
1123 785 1420 840 Βαϐυλῶνα
1445 784 1692 855 ἀπήχθη.

43 885 130 947 ib;
162 881 270 936 οὖν
301 879 600 934 Βαϐυλῶνα
620 877 722 930 οὐκ
751 871 920 941 εἷδεν;
963 875 1086 927 Ὅτι
1114 875 1172 927 ἐν
1209 874 1274 944 τῇ
1333 872 1567 941 Ἰουδαίᾳ
1597 870 1696 941 τὴν

43 975 268 1044 ήρωσιν
297 969 530 1037 ὑπέστη’
569 965 700 1018 ἔνθα
737 963 846 1036 γάρ
877 965 906 1016 ὀ
949 963 1114 1032 ὅρκος
1144 959 1408 1030 ῆθετήθη,
1454 960 1573 1011 ἐκεῖ
1601 957 1697 1010 καὶ

43 1059 311 1125 ξεδικεῖτο
352 1056 450 1111 καὶ
488 1053 590 1125 τὴν
633 1050 906 1123 τιμωρίαν
941 1049 1106 1112 αὐτὸς
1163 1048 1444 1118 ὑπέμεινε.
1483 1045 1608 1108 Πῶς
1639 1045 1698 1098 δὲ

43 1143 236 1217 πήχθη
265 1147 350 1208 είς
379 1139 709 1204 Βαϐυλῶνας
740 1135 1098 1208 Αἰχμάλωτος
1122 1134 1434 1204 γενόμενος.
1477 1130 1696 1202 Ἐπειδὴ

45 1231 117 1304 ἀρ
148 1230 252 1284 δύο
286 1226 430 1302 ἦσαν
479 1228 534 1280 αῖ
593 1225 878 1297 τιμωρίαι,
919 1225 1168 1294 πήρωσις
1197 1221 1291 1274 καὶ
1313 1219 1696 1290 αίχμαλωσία,

43 1318 364 1390 ιενείμαντο
389 1313 562 1377 αὑτάς
589 1316 638 1368 οί
669 1312 964 1382 προφῆται,
991 1309 1086 1363 καὶ
1113 1311 1142 1362 ὀ
1169 1309 1289 1379 μὲν,
1315 1309 1436 1361 Οὐκ
1467 1307 1696 1374 ὄψεται,

43 1409 167 1478 ιησὶ,
185 1403 555 1464 Βαϐυλῶνα,
574 1401 676 1473 τὴν
706 1402 954 1472 πήρωσιν
971 1397 1138 1452 αὐτοῦ
1161 1397 1354 1462 λέγων·
1381 1397 1408 1448 ὁ
1429 1395 1485 1448 δέ
1512 1410 1694 1464 φησιν·

43 1497 113 1560 ἴίς
138 1490 490 1547 Βαϐυλῶνα
520 1487 936 1559 ἀπαχθήσεται
953 1499 968 1514 ⁶
996 1483 1096 1554 τὴν
1125 1482 1500 1553 αἰχμαλωσίαν
1531 1480 1696 1534 αὐτοῦ

44 1581 420 1648 ,ωιτη-ὑμένος.

73 1667 140 1723 δ’.
161 1664 365 1720 Ταῦτα
387 1659 480 1719 οὗν
497 1662 718 1728 εἰδότες,
733 1660 974 1729 ἀδελφοὶ,
1006 1657 1191 1712 καὶτὰ
1219 1657 1484 1729 εἰρημένα
1506 1653 1600 1709 καὶ
1626 1654 1699 1708 τὰ

43 1752 114 1826 πρὸ
146 1753 370 1807 τούτων
400 1750 663 1822 λεχθέντα
697 1747 1066 1819 συλλέγοντες,
1087 1743 1423 1815 παυσώμεθα
1450 1759 1580 1795 ποτε
1603 1740 1705 1812 τῆς

43 1825 269 1914 πονηρᾶς
303 1838 515 1908 ταύτης
562 1835 882 1906 συνηθείας,
925 1835 1015 1887 ναὶ
1061 1831 1251 1902 δέομαι
1299 1831 1391 1882 καὶ
1440 1825 1704 1882 ἀντιϐολῶ

43 1927 242 1981 εάντων
280 1927 460 1996 ὑμῶν.
495 1925 557 1977 Εἰ
590 1923 702 1994 γὰρ
735 1924 790 1974 ἐν
816 1924 881 1991 τῇ
917 1920 1151 1990 Παλαιᾷ,
1178 1921 1266 1971 ὅτε
1291 1918 1352 1970 οὐ
1377 1916 1475 1987 τὴν
1499 1915 1704 1986 ἀκριϐῆ

43 2013 352 2082 ιιλοσοφίαν
383 2010 690 2083 ἀπῃτοῦντο
711 2012 758 2064 οἱ
785 2009 1048 2070 Ἰουδαῖοι,
1068 2006 1203 2060 ἀλλὰ
1233 2005 1400 2074 πολλὴ
1433 2002 1704 2073 συγκατά-

47 2119 176 2166 ασις
203 2096 281 2172 ἦν
300 2141 319 2164 ,
355 2098 596 2166 τοσαύτη
645 2097 782 2168 ὀργῆ
819 2095 1012 2165 γέγονε
1038 2095 1106 2148 δι’
1136 2096 1299 2167 ὅρκον
1325 2095 1444 2156 ἕνα,
1468 2089 1706 2161 τοσαύτη
1728 2096 1745 2102 “

43 2191 230 2254 λωσις
262 2190 364 2244 καὶ
395 2185 834 2260 αἰχμαλωσίαοτί
862 2185 1010 2249 εἰκὸς
1035 2182 1437 2254 ὑποστήσεσθαι
1459 2179 1554 2234 νῦν
1582 2179 1710 2243 τοὺς

45 2277 328 2350 μνύοντας
343 2277 481 2348 μετά
491 2277 654 2348 νόμον
672 2273 950 2328 κωλύοντα
965 2274 1124 2326 τοῦτο
1139 2273 1311 2324 ποιεῖν
1325 2271 1420 2324 καὶ
1437 2287 1497 2322 το
1504 2269 1712 2340 σαύτην

44 2367 258 2422 ντολῶν
286 2366 639 2438 προσθήκην;
673 2365 766 2436 Μὴ
786 2363 896 2436 γάρ
919 2363 1077 2416 τοῦτο
1111 2364 1230 2414 ἐστι
1257 2359 1319 2414 τὸ
1346 2359 1700 2431 ζητούμενον,

43 2472 170 2519 ιπως
188 2456 280 2518 εἰς
298 2453 521 2520 σύναξιν
540 2452 786 2524 ἔλθωμεν
799 2451 894 2504 καὶ
909 2449 1232 2520 ἀκούσωμεν
1249 2447 1359 2501 τῶν
1375 2446 1706 2517 λεγομένων;

43 2541 196 2595 Γοῦτο
223 2541 330 2612 μὲν
357 2537 450 2594 οὖν
468 2540 563 2594 καὶ
583 2541 759 2610 κρῖμα
788 2537 974 2608 μεῖζόν
997 2537 1112 2590 ἐστι
1147 2535 1242 2588 καὶ
1278 2534 1502 2597 κόλασις
1526 2533 1709 2602 ἀπαρ-

43 2629 269 2700 ιίτητος,
305 2629 438 2682 ὅταν
467 2625 706 2698 συνεχῶς
739 2624 1032 2686 ἀκούοντες
1073 2623 1148 2694 μὴ
1179 2621 1424 2692 ποιῶμεν
1468 2620 1537 2674 τά
1558 2619 1711 2688 λεγόο

43 2733 185 2770 ιενα.
211 2715 358 2769 Τίνα
386 2714 496 2785 γὰρ
519 2701 716 2784 ἕξομεν
743 2711 1064 2780 ἀπολογίαν,
1107 2711 1230 2764 τίνα
1256 2709 1316 2763 δὲ
1338 2708 1672 2779 συγγνώμην
1691 2747 1708 2772 ,

43 2805 155 2854 ἱταν
176 2804 247 2856 ἐκ
270 2800 502 2872 πρώτης
523 2799 742 2872 ἡλικίας
769 2798 932 2870 ἡμεῖς
956 2797 1118 2868 ἄχρις
1147 2796 1385 2867 ἐσχάτης
1407 2795 1598 2858 πολιᾶς
1626 2797 1712 2846 ἐν·

43 2887 202 2942 ταῦθα
229 2887 596 2957 συναγόμενοι
624 2885 721 2940 καὶ
753 2883 1023 2956 τοσαύτης
1068 2881 1436 2945 ἀπολαύοντες
1461 2881 1715 2934 διδασκα-

43 2977 168 3040 ιίας,
222 2977 410 3048 ὅμοιοι
459 2975 710 3047 μένωμεν
751 2975 1004 3037 ἐκείνοις,
1056 2973 1150 3028 καὶ
1185 2973 1319 3045 μηδέ
1345 2971 1405 3025 ἓν
1427 2972 1717 3042 ἐλάττωμα

43 3061 436 3135 ςιορθώσασθαι
481 3062 906 3134 σπουδάζωμεν;
965 3061 1058 3132 Μή
1102 3059 1193 3132 μοί
1231 3077 1314 3122 τις
1356 3058 1544 3113 λοιπὸν
1591 3076 1714 3112 συν-

43 3151 222 3223 ήθειαν
255 3149 666 3223 προϐαλλέσθωο
689 3147 780 3203 διὰ
807 3149 916 3219 γάρ
943 3148 1102 3202 τοῦτο
1121 3146 1417 3216 ἀγανακτῶ
1447 3147 1542 3200 καὶ
1566 3145 1718 3216 ὀργί-

43 3237 222 3310 ζομαι,
245 3239 336 3293 ὅτι
360 3237 648 3308 συνηθείας
677 3235 1065 3308 περιγενέσθαι
1092 3235 1154 3287 ού
1190 3233 1470 3305 δυνάμεθα
1487 3273 1502 3296 ,
1544 3235 1640 3287 καὶ
1665 3235 1715 3287 εί

43 3327 336 3400 συνηθείας
375 3325 450 3398 μὴ
485 3323 927 3398 περιγενώμεθα,
975 3323 1096 3386 πῶς
1126 3321 1497 3394 περιεσόμεθα
1523 3323 1713 3375 ἐπιθυ-

43 3415 196 3487 μίας;
245 3413 500 3485 Έκείνης
593 3412 718 3484 ῥίζα
747 3410 855 3464 ἀπὸ
887 3411 988 3481 τῆς
1016 3411 1230 3480 φύσεως
1254 3411 1366 3482 ἔχει
1393 3409 1493 3482 τὴν
1520 3413 1716 3480 ἀρχήνο

43 3503 97 3556 τὸ
131 3503 234 3574 μὲν
252 3502 366 3574 γὰρ
395 3500 704 3569 ἐπιθυμεῖν,
740 3499 990 3568 φυσικὸψ
1011 3498 1072 3550 τὸ
1093 3499 1151 3552 δὲ
1183 3497 1366 3562 κακῶς
1395 3497 1716 3568 ἐπιθυμεῖν,

43 3591 137 3662 τῆς
158 3590 546 3663 προαιρέσεως
575 3587 784 3640 λοιπόν·
821 3588 882 3640 τὸ
908 3588 1090 3657 μέντοι
1113 3586 1343 3657 ὀμνύναι
1361 3586 1480 3639 οὐδέ
1499 3586 1598 3658 τὴν
1629 3587 1723 3656 ἀρ-

43 3677 139 3750 χὴν
155 3679 223 3732 ἐκ
232 3677 340 3749 τῆς
357 3675 734 3748 προαιρέσεως
747 3687 772 3714 α
799 3673 1013 3739 ἐλαϐεν,
1031 3672 1144 3726 ἀλλ’
1162 3674 1227 3725 ἐκ
1240 3672 1510 3744 ῥᾳθυμίας
1532 3674 1718 3743 μόνης.

110 3765 224 3819 Καὶ
255 3765 352 3818 ἵνα
375 3761 575 3834 μάθῃς,
603 3762 686 3815 ὅτι
701 3762 802 3814 οὐκ
820 3763 884 3813 ἐκ
903 3759 1002 3830 τῆς
1022 3759 1308 3822 δυσκολίας
1336 3759 1429 3812 τοῦ
1463 3761 1722 3830 πράγμασ-

43 3868 151 3918 τος,
183 3851 327 3906 ἀλλά
363 3849 517 3922 παρά
547 3849 648 3920 τὴν
670 3849 963 3919 ὀλιγωρίαν
1002 3848 1100 3920 τῆν
1135 3848 1414 3920 ἡμετέραν
1447 3847 1608 3919 μέχρι
1635 3865 1724 3900 το-

47 3939 232 3994 σούτου
257 3939 324 3993 τὸ
358 3937 664 4009 ἁμάρτημα
719 3934 930 4008 προύϐη
964 3935 1145 4002 τοῦτο,
1189 3937 1536 4006 ἐννοήσωμεν
1579 3935 1723 3988 πόσα

45 4026 224 4098 πολλῷ
250 4025 462 4080 τούτων
488 4021 873 4095 δυσκολώτερα
913 4021 1274 4095 κατορθοῦσιν
1300 4022 1602 4093 ἄνθρωποι,
1629 4025 1724 4076 καὶ

46 4113 217 4168 ταῦτα
273 4111 550 4185 μηδεμίαν
589 4110 824 4182 ἀμοιϐὴν
885 4111 1292 4180 προσδοκῶντες
1343 4111 1586 4164 ἐκεῖθεν·
1639 4113 1722 4164 ἐν-

49 4203 334 4273 νοήσωμεν
358 4200 481 4254 τίνα
518 4201 546 4252 ὀ
573 4199 818 4262 διάϐολος
858 4199 1112 4266 ἐπέταξε,
1151 4198 1268 4263 πῶς
1305 4198 1565 4261 ἐπίπονα,
1607 4197 1724 4262 πῶς

51 4287 345 4358 ἐπίμοχθα.
368 4286 464 4340 καὶ¹
496 4286 598 4340 ούκ
622 4286 840 4354 ἐγένετο
867 4286 1096 4355 κώλυμα
1121 4289 1154 4356 ή
1187 4285 1441 4339 δυσκολία
1469 4288 1580 4350 τοῖς
1607 4286 1727 4338 ἐπι-

49 4374 310 4444 τάγμασι.
348 4371 413 4425 Τί
436 4373 547 4444 γάρ
579 4371 646 4426 ἂν
698 4373 910 4441 γένοιτο
956 4371 1382 4444 δυσκολώτερον,
1427 4373 1551 4425 είπέ
1608 4389 1723 4442 μοι,

50 4458 160 4514 ἀλλ’
199 4460 234 4532 ἦ
263 4461 398 4514 ὅταν
438 4477 525 4523 τις
568 4460 690 4522 νέος
736 4463 846 4523 τοῖς
897 4459 1240 4530 βουλομένοις
1285 4460 1726 4529 καταμαλάττειν

49 4545 206 4600 αὐτὸν
227 4546 328 4600 καὶ
356 4545 600 4615 λυγίζειν
620 4546 788 4599 αὐτοῦ
820 4547 888 4600 τά
922 4546 1058 4618 μέλη
1087 4547 1366 4618 παραδοὺς
1396 4547 1606 4610 ἑαυτὸν,
1640 4564 1728 4616 φι-

51 4631 316 4706 λονεικοίη
373 4634 511 4704 πρὸς
545 4635 835 4706 ἀκρίϐειαν
865 4634 1062 4704 τροχοῦ
1092 4633 1252 4706 δίκην
1289 4634 1352 4687 τὸ
1393 4634 1552 4704 σῶμα
1579 4635 1725 4688 διπαν

53 4721 331 4792 κάμπτειν
366 4723 462 4775 καὶ
489 4722 815 4793 στρέφεσθαι
851 4723 944 4775 ἐπὶ
985 4721 1082 4774 τοῦ
1110 4721 1361 4790 ἐδάφους,
1389 4721 1486 4774 καὶ
1511 4719 1599 4774 διὰ
1619 4720 1726 4774 τῶν

53 4809 348 4880 ὀφθαλμῶν
377 4809 473 4862 καὶ
490 4808 580 4862 διὰ
595 4809 699 4879 τῆς
726 4809 834 4862 τῶν
861 4809 1061 4880 χειρῶν
1082 4811 1438 4881 περιαγωγῆς
1461 4807 1614 4880 [197]
1633 4809 1729 4864 καὶ.

51 4897 145 4966 τῆς
174 4896 350 4967 ἄλλης
369 4896 636 4967 δινήσεως
663 4899 744 4960 είς
762 4899 823 4950 τὸ
839 4898 974 4967 θῆλυ
1009 4899 1164 4964 γένος
1187 4899 1416 4969 ἐκϐῆναι
1449 4897 1723 4969 βιάζηται,

55 4987 144 5038 καὶ
196 4986 343 5056 μήτε
389 4983 492 5056 τὴν
541 4985 828 5038 δυσκολίαν
889 4987 998 5040 τῶν
1053 4987 1384 5057 γινομένων,
1441 4987 1579 5056 μήτε
1625 4987 1726 5058 τὴν

55 5069 314 5140 αἰσχύνην
342 5068 444 5134 τὴν
477 5069 586 5122 ἀπὸ
637 5071 841 5122 τούτων
887 5069 1207 5140 λογίζηται;
1239 5072 1366 5132 τοὺς
1418 5071 1476 5122 δὲ
1506 5071 1600 5122 ἐπὶ
1627 5071 1726 5140 τῆς

57 5150 363 5222 ὀρχήστρας
392 5151 554 5204 πάλιν
585 5153 1038 5224 ἐπισυρομένους,
1068 5155 1164 5206 καὶ
1219 5152 1470 5222 καθάπερ
1508 5155 1726 5223 πτεροῖς

61 5235 160 5296 τοῖς
185 5234 390 5297 κώλοις
416 5233 794 5308 κεχρημένους
819 5235 912 5289 τοῦ
942 5235 1216 5306 σώματος,
1241 5235 1324 5298 τίς
1359 5236 1457 5288 οὐκ
1485 5235 1552 5288 ἂν
1584 5236 1727 5306 ὁρῶν

61 5315 386 5387 ὲκπλαγείη;
408 5320 457 5370 οί
477 5318 535 5370 δὲ
567 5319 843 5389 μαχαίρας
869 5319 1098 5382 ἐναλλὰξ
1119 5321 1199 5382 εἰς
1219 5318 1311 5373 τὸν
1339 5319 1476 5390 ἀέρα
1509 5319 1727 5372 ἀκοντί-

61 5394 252 5463 ζοντες,
281 5401 380 5454 xu}.
407 5400 590 5464 πάσας
619 5401 730 5454 ἀπὸ
747 5402 848 5472 τῆς
869 5401 1046 5472 λαϐῆς
1071 5402 1351 5473 δεχόμενοι
1381 5401 1562 5467 πάλιν,
1603 5401 1725 5456 τίνα

63 5481 156 5572 ξίνκ
174 5483 238 5536 ἂν
259 5483 679 5554 καταισχύνοιεν
711 5486 820 5539 τῶν
851 5487 990 5558 ὑπὲρ
1023 5486 1126 5555 τῆς
1152 5487 1352 5556 ἀρετῆς
1380 5485 1568 5538 οὐδένα
1605 5484 1728 5554 βου-

67 5565 290 5632 λομένων
320 5567 686 5635 ἀναδέξασθαι
710 5569 870 5623 πόνον
890 5587 905 5637 ;
924 5569 957 5642 ἢ
978 5569 1032 5623 τί
1059 5571 1124 5624 ἄν
1146 5585 1232 5633 τις
1259 5570 1404 5622 εἴποι
1436 5587 1502 5622 πε
1512 5571 1564 5640 ρὶ
1585 5569 1730 5623 ἐκεί-

124 5669 151 5699 ⁸
170 5670 342 5746 “0313!.
371 5681 430 5746 ei
445 5675 632 5746 εἴξειαοί
651 5689 770 5746 m_s_s.
809 5677 864 5726 ἐκ
883 5683 966 5736 τῆς
995 5676 1334 5746 προαιρέσεωςι
1353 5675 1436 5726 alii
1461 5675 1516 5746 ἐκ
1539 5675 1730 5746 τῆς-φύ-

70 5741 205 5800 σεως..
241 5733 549 5800 Ιιιῐιτιδενίιξ
573 5743 626 5785 et
663 5738 853 5800 aJiquot
885 5733 1008 5800 ,m'ss.
1035 5733 1212 5799 ’πολλῷ
1254 5737 1436 5786 τούτων
1480 5733 1728 5800 δυσκολὼ-

74 5803 170 5868 ξερα
189 5793 241 5868 (ι
263 5795 396 5860 quod
429 5795 566 5868 nobis
595 5793 814 5868 [ecipg're
846 5799 1000 5868 visam}
1030 5793 1324 5868 est-:prbpleg'
1358 5811 1520 5868 ροεςῃι
1549 5799 1728 5868 δυσκρ-

181 5849 289 5913 ίίυίέ
321 5869 474 5932 33‘1"“
509 5849 709 5932 939?”.
727 5849 1010 5932 inprovida
1037 5849 1058 5910 ἱ
1091 5849 1229 5912 Εὶητῖ
1241 5860 1258 5922 )
1299 5861 1425 5910 Infra
1451 5860 1599 5910 iidem
1625 5862 1728 5917 πῶς

79 5921 268 5979 ἐπίπονα,
291 5921 394 5976 πῶς
414 5921 643 5986 μοχθηρὰ,
669 5922 746 5971 καὶ
767 5924 868 5992 θύη.

3357 319 3376 374 ί
3387 319 3458 376 96

1795 458 1901 496 νων
1925 444 2035 497 τῶν
2067 447 2296 518 ἀνδρῶν,
2323 447 2372 502 οῖ
2406 448 2594 503 κοντὸν
2626 449 2718 500 ἐπὶ
2750 448 2840 501 τοῦ
2873 447 3124 518 μετώπου
3160 447 3460 518 βαστάζον-

1792 545 1904 592 τες,
1939 531 2190 604 καθάπερ
2219 534 2433 606 δένδρον
2477 534 2846 607 ἐρριζωμένον
2871 535 2962 588 ἐπὶ
2989 535 3088 604 τῆς
3122 535 3249 605 γῆς,
3287 534 3460 592 οὕτως

1796 615 2051 686 ἀκίνητον
2070 619 2420 692 διατηροῦσι;
2451 619 2561 676 Καὶ
2581 621 2640 675 ού
2673 621 2833 674 τοῦτο
2857 621 3016 692 μόνον
3039 621 3157 674 ἐστὶ
3175 622 3236 674 τὸ
3256 621 3464 690 θαυμα-

1795 701 1942 767 στὸν,
1973 705 2087 758 ἀλλ’
2117 707 2199 760 ὅτι
2229 709 2324 761 καὶ
2349 707 2537 762 παιδία
2574 709 2748 780 μικρά
2777 711 2865 761 ἐπ’
2900 709 3070 779 ἄκρου
3104 708 3198 761 τοῦ
3236 707 3394 772 ξύλου
3426 709 3456 748 ὶι

1798 789 2052 843 παλαίειν
2099 793 2349 862 ἀλλήλοις
2409 793 2924 865 παρασκευάζουσι,
2975 796 3071 849 καὶ
3103 793 3228 847 οὔτε
3281 795 3464 866 χεῖρες

1795 875 1918 929 οὔτε
1939 877 2067 933 ἄλλο
2091 897 2144 932 τι
2166 879 2261 934 τοῦ
2292 879 2540 952 σώματος
2570 881 2751 953 μέρος,
2776 883 2912 937 ἀλλά
2933 881 2992 936 τὸ
3017 883 3264 953 μέτωπον
3303 881 3464 950 μόνον

1796 961 1996 1034 δεσμοῦ
2035 966 2238 1029 παντὸς
2285 967 2690 1038 ἀσφαλέστερον
2735 967 2892 1038 φέρει
2922 969 3012 1020 τὸν
3041 967 3231 1020 κοντὸν
3256 967 3464 1018 ἐκεῖνον

1797 1048 2070 1104 ἄσειστον.
2100 1053 2330 1125 ’Έτερος
2364 1053 2527 1107 πάλιν
2567 1054 2660 1107 ἐπὶ
2695 1055 2908 1123 σχοίνου
2955 1053 3295 1122 πενωτάτης
3327 1050 3464 1120 μετά

1795 1137 2065 1210 τοσαύτης
2092 1140 2278 1205 ἀδείας
2311 1141 2537 1210 βαδίζει,
2577 1142 2694 1212 μεθ’
2719 1143 2852 1212 δσης
2905 1143 2954 1194 οί
2996 1141 3064 1194 τὰ
3109 1139 3276 1192 ὕπτια
3309 1137 3468 1191 πεδία

1799 1227 2249 1298 κατατρέχοντες.
2287 1229 2427 1282 Ἀλλ’
2447 1231 2597 1300 ὅμως
2620 1228 2792 1282 ταῦτα
2823 1229 2892 1282 τὰ
2935 1229 3031 1281 καῖ⁵
3069 1229 3190 1290 ταῖς
3235 1225 3469 1284 ἐννοίαις

1799 1310 2051 1380 ἀφόρητα
2083 1309 2222 1368 εἶναι
2255 1313 2545 1380 δοκοῦντα,
2598 1317 2664 1385 τῇ
2701 1316 2866 1385 τέχνῃ
2907 1313 3099 1382 γέγονε
3149 1311 3370 1365 δυνατά.
3403 1308 3470 1362 Τί

1797 1396 2004 1451 τούτων
2033 1398 2228 1470 ἔχομεν
2256 1403 2428 1454 εἰπεῖν
2477 1403 2570 1454 ἐπὶ
2598 1401 2704 1454 τῶν
2751 1404 2950 1471 ὅρκων,
2995 1399 3116 1452 είπέ
3150 1415 3276 1468 μοις
3307 1395 3471 1450 ποίαν

1799 1481 2117 1554 δυσκολίαν;
2151 1491 2302 1542 ποῖον
2335 1489 2562 1560 ίδρῶτα;
2588 1489 2748 1542 ποίαν
2777 1489 2973 1558 τέχνην
2993 1505 3008 1554 ;
3031 1489 3182 1539 ποῖον
3207 1485 3470 1542 κίνδυνονς

1815 1572 2034 1644 ὐλίγης
2061 1576 2220 1645 χρεία
2251 1578 2486 1648 σπουδῆς
2521 1578 2680 1647 μόνον
2711 1579 2862 1646 ἡμῖν,
2905 1577 2999 1629 καὶ
3031 1575 3239 1644 ταχέως
3266 1572 3326 1625 τὸ
3365 1571 3472 1623 πᾶν

1801 1664 1931 1732 ἡμῖν
1957 1665 2337 1736 ἀνυσθήσεται.
2374 1668 2484 1720 Καὶ
2525 1669 2596 1738 μή
2637 1685 2726 1737 μοι
2761 1665 2908 1734 λέγε,
2944 1665 3025 1718 ὅτι
3063 1664 3124 1716 τὸ
3147 1663 3306 1715 πλέον
3342 1677 3476 1713 κατ-

1801 1749 2056 1820 ώρθωσα,
2080 1753 2192 1806 ἀλλ’
2229 1755 2278 1806 εί
2301 1754 2377 1822 μὴ
2405 1753 2466 1806 τὸ
2495 1755 2598 1807 πᾶν
2627 1751 3016 1824 κατώρθωσας,
3053 1750 3220 1820 μηδὲν
3249 1747 3476 1819 μηδέπω

1805 1842 2163 1912 πεποιηκέναι
2189 1840 2396 1913 νόμιζέ
2427 1843 2488 1894 τὸ
2521 1843 2628 1912 γάρ
2674 1842 2854 1908 ὀλίγον
2887 1840 3050 1894 τοῦτο
3083 1837 3353 1908 ἀμεληθὲν
3381 1834 3478 1888 καὶ

1805 1929 1863 1982 τὸ
1892 1929 2077 1982 λοιπὸν
2100 1929 2245 1984 ἅπαν
2279 1931 2551 2000 καθαιρεῖ.
2598 1929 2866 1994 Πολλάκις
2900 1927 3032 1996 γοῦν
3055 1925 3234 1988 οἰκίας
3270 1923 3478 1978 οἰκοδο-

1809 2020 2084 2086 μήσαντες
2124 2018 2420 2088 ἄνθρωποι,
2483 2019 2578 2072 καὶ
2630 2019 2722 2070 τὸν
2767 2019 2963 2090 ὄροφον
3001 2014 3308 2076 ἐπιθέντες,
3350 2011 3482 2080 μιᾶς

1805 2105 2098 2174 κεραμίδος
2131 2105 2617 2176 ἀποτιναχθείσης,
2675 2106 2750 2175 μὴ
2802 2103 3163 2174 ποιησάμενοι
3207 2097 3480 2168 σπουδὴν,

1807 2191 2101 2263 ὀλόκληρον
2139 2191 2230 2244 τὸν
2266 2187 2413 2244 οἶκον
2442 2192 2755 2246 ἀπώλεσαν.
2803 2192 2915 2245 Καὶ
2956 2191 3048 2243 ἐπὶ
3080 2187 3311 2260 ἱματίων
3335 2187 3390 2238 δὲ
3421 2184 3482 2237 τὸ

1808 2279 1939 2332 αὐτὸ
1958 2279 2116 2332 τοῦτο
2151 2277 2444 2350 συμϐαῖνον
2481 2278 2579 2332 ἴδοι
2611 2295 2695 2342 τις
2738 2277 2824 2330 ἄν’
2857 2280 2952 2330 καὶ
2989 2275 3098 2345 γὰρ
3121 2275 3218 2328 καὶ
3245 2274 3364 2325 ἐκεῖ
3395 2289 3484 2342 μι-

1809 2368 1940 2439 κρὸν
1970 2367 2155 2438 ῥῆγμα
2176 2366 2467 2438 γενόμενον
2497 2367 2592 2419 καὶ
2643 2366 2718 2437 μή
2755 2364 2957 2435 ραφὲν,
2995 2362 3130 2416 πολὺ
3175 2360 3236 2412 τὸ
3275 2358 3482 2428 σχίσμα

1810 2453 2054 2524 ἐποίησε.
2089 2452 2261 2507 Τοῦτο
2293 2453 2386 2506 καὶ
2416 2452 2510 2504 ἐπὶ
2551 2452 2660 2504 τῶν
2693 2450 3010 2522 χειμάρρων
3041 2445 3330 2518 συμϐαίνει
3354 2441 3486 2496 πολ-
3543 2456 3549 2468 ‘

1811 2542 1990 2604 λάκις·
2014 2541 2106 2594 καὶ
2135 2539 2244 2611 γὰρ
2292 2541 2492 2593 ἐκεῖνοι
2539 2540 2743 2611 μικρᾶς
2797 2536 2864 2591 ἂν
2921 2535 3288 2589 ἐπιλάϐωνται
3323 2531 3486 2602 μόνον

1812 2630 2040 2692 εἰσόδου,
2073 2627 2368 2699 ὀλόκληρον
2399 2627 2462 2680 τὸ
2507 2627 2686 2700 ῥεῦμα
2720 2626 3022 2694 εἰσάγουσι.
3057 2622 3166 2676 Καὶ
3201 2622 3265 2674 σὺ
3302 2619 3482 2673 τοίνυν

1813 2719 1863 2772 εί
1895 2718 1988 2771 καὶ
2010 2715 2277 2770 πάντοθεν
2305 2715 2502 2768 σαυτὸν
2527 2715 2823 2784 ἐτείχισας,
2845 2711 3040 2784 μικρὸν
3056 2711 3115 2764 δὲ
3137 2707 3486 2763 ὑπολείπεται

1819 2807 1982 2878 μέρος
1999 2805 2208 2870 λοιπὸν,
2222 2801 2489 2858 καὶτοῦτο
2509 2801 2824 2876 ἀπόφραξον
2844 2799 2922 2872 τῷ
2950 2799 3204 2870 διαϐόλῳ,
3225 2797 3313 2850 ἴνα
3335 2799 3488 2864 ἐστη-

1817 2893 2074 2966 ριγμένος
2106 2889 2174 2964 ᾗς
2199 2891 2486 2946 πάντοθεν.
2528 2887 2682 2953 Εἶδες
2719 2889 2818 2960 τὴν
2859 2887 3172 2961 δρεπάνην;
3212 2879 3355 2946 εἶδες
3387 2881 3488 2953 τὴν

1815 2980 2057 3050 κεφαλὴν
2095 2981 2374 3046 Ἱωάννου;
2409 2978 2652 3049 ἤκουσας
2687 2977 2790 3048 τῆς
2824 2975 3066 3045 ἱστορίας
3093 2973 3196 3042 τῆς
3223 2971 3363 3024 κατά
3398 2969 3490 3022 τὸν

1815 3067 2023 3134 Σαούλ;
2063 3068 2304 3138 ήκουσας
2349 3066 2450 3135 τῆς
2491 3063 2870 3136 αἰχμαλωσίας
2919 3064 3019 3133 τῆς
3065 3058 3361 3128 Ἰουδαϊκῆς
3397 3056 3489 3110 τὸν

1816 3153 2046 3226 τρόπον;
2073 3151 2212 3223 μετὰ
2233 3152 2288 3204 δὲ
2308 3150 2514 3204 τούτων
2535 3150 2753 3202 πάντων
2770 3149 3012 3220 ῆκουσας
3034 3147 3134 3216 τῆς
3161 3146 3492 3214 ἀποφάσεως

1816 3240 1911 3294 τοῦ
1941 3237 2181 3310 Χριστοῦ
2201 3237 2488 3310 λεγούσης,
2515 3237 2598 3290 ὅτι
2629 3236 2690 3290 ού
2729 3236 2792 3288 τὸ
2831 3237 3110 3306 ἐπιορκεῖν
3143 3233 3322 3304 μόνον,
3357 3229 3492 3284 ἀλλὰ

1819 3330 1914 3382 καὶ
1945 3328 2006 3380 τὸ
2042 3325 2264 3397 ὀμνύειν
2313 3324 2562 3378 ὁπωσοῦν
2593 3323 2898 3377 διαϐολικόν
2947 3323 3084 3384 ἐστι,
3121 3321 3217 3373 καὶ
3244 3319 3362 3372 ὅλον
3397 3314 3493 3368 τοῦ

1821 3415 2063 3488 πονηροῦ
2092 3415 2156 3467 τὸ
2201 3413 2676 3482 κατασκεύασμα;
2719 3409 2922 3482 ἔμαθες
2955 3411 3039 3462 ὅτι
3075 3404 3357 3475 πανταχοῦ
3383 3405 3496 3466 τοῖς

1821 3505 2006 3573 ὅρκοις
2037 3501 2260 3554 ’έπονται
2288 3499 2594 3570 ἐπιορκίαι;
2639 3497 2824 3550 Ταῦτα
2854 3497 2918 3566 δὴ
2963 3493 3142 3548 πάντα
3173 3487 3497 3558 συναγαγὼν

1822 3588 2098 3660 ἔγγραψον
2136 3592 2200 3658 τῇ
2244 3587 2452 3658 διανοίᾳ
2485 3605 2597 3640 σου.
2651 3587 2764 3656 Οὐχ
2792 3586 2943 3655 ὁρᾷς,
2977 3581 3095 3644 πῶς
3137 3581 3194 3634 αἱ
3241 3581 3500 3649 γυναῖκες

1823 3677 1919 3728 καὶ
1968 3675 2038 3728 τὰ
2083 3674 2258 3746 μικρά
2317 3674 2504 3728 παιδία
2552 3675 2674 3727 ἀντὶ
2733 3671 2980 3742 φυλακῆς
3035 3668 3276 3740 μεγάλης
3317 3665 3496 3730 Εὐαγ-

1824 3764 1981 3834 γέλια
2011 3764 2278 3836 ἐξαρτῶσι
2320 3763 2415 3817 τοῦ
2445 3763 2756 3834 τραχήλου,
2806 3761 2900 3814 καὶ
2945 3757 3226 3828 πανταχοῦ
3275 3753 3502 3826 περιφέ-

1829 3872 2048 3926 ρουσιν,
2099 3856 2344 3925 ὅπουπερ
2388 3853 2453 3908 ἂν
2505 3853 2776 3920 ἀπίωσιν;
2837 3851 2908 3902 Σὺ
2958 3849 3026 3901 τά
3065 3844 3500 3916 παραγγέλματα

1823 3942 1917 3994 τοῦ
1955 3953 1977 3980 ο
2033 3942 2367 4011 Εύαγγελίου
2418 3941 2513 3994 καὶ
2563 3941 2692 4002 τοὺς
2738 3938 2937 4007 νόμους
2980 3932 3257 4005 έγγραψόν
3310 3947 3402 3982 σου
3433 3931 3502 3998 τῇ

1821 4029 2050 4098 διανοίᾳ.
2078 4029 2153 4081 Οὐ
2188 4027 2348 4098 χρεία
2373 4027 2598 4098 χρυσίου
2635 4025 2728 4078 καὶ
2759 4022 3054 4093 κτημάτων
3085 4016 3344 4078 ἐνταῦθα,
3371 4014 3498 4068 οὔτε

1830 4115 2030 4186 βιϐλίον
2057 4115 2344 4188 πρίασθαι,
2373 4113 2747 4186 προαιρέσεως
2772 4111 2830 4163 δὲ
2865 4110 3031 4180 μόνης
3071 4107 3166 4160 καὶ
3197 4101 3496 4164 διαθέσεως

1827 4205 2006 4275 ψυχῆς
2039 4201 2492 4273 διεγηγερμένης,
2520 4201 2615 4254 καὶ
2642 4197 3045 4267 ἀσφαλέστερον
3065 4195 3208 4258 ἕξεις
3232 4191 3293 4244 τὸ
3317 4191 3501 4256 Εὐαγ-

1828 4293 2030 4362 γέλιον,
2063 4289 2212 4362 [198]
2241 4292 2344 4344 οὐκ
2387 4288 2588 4356 ἔξωθεν
2634 4286 2972 4358 περιφέρων,
3019 4283 3133 4336 ἀλλ’
3172 4280 3318 4334 ἔνδον
3371 4276 3514 4332 αὺτὸ-

1829 4384 1940 4444 τοῖς
1983 4381 2083 4451 τῆς
2139 4379 2321 4449 ψυχῆς
2359 4377 2752 4448 ἀποτιθέμενος
2803 4372 3070 4444 ταμείοις.
3123 4368 3506 4437 Ἀνιστάμενος

1827 4469 2006 4522 τοίνυν
2043 4450 2157 4522 ἀπὸ
2203 4465 2305 4534 τῆς
2361 4465 2572 4534 κλίνης,
2620 4463 2714 4516 καὶ
2747 4461 2846 4533 τὴν
2884 4459 3062 4514 οἰκίαν
3103 4455 3370 4511 ἐκϐαίνων
3403 4450 3514 4520 τὴν

1830 4555 2077 4618 σεαυτοῦ,
2109 4555 2200 4608 τὸν
2227 4553 2390 4623 νόμον
2411 4551 2629 4619 ἐπίλεγε
2661 4549 2870 4613 τοῦτον,
2902 4547 3042 4617 Ἐγὼ
3069 4545 3137 4598 δὲ
3163 4541 3318 4614 λέγω
3339 4539 3503 4608 ὑμῖν,

1824 4644 1910 4714 μὴ
1952 4645 2171 4712 ὀμόσαι
2205 4640 2381 4705 ὅλως,
2413 4640 2506 4692 καὶ
2535 4639 2689 4692 ἕσται
2729 4655 2812 4690 σοι
2855 4631 3172 4690 διδασκαλία
3215 4631 3274 4684 τὸ
3317 4632 3504 4702 ῥῆμαο

1825 4732 1950 4785 οὐδέ
1981 4731 2090 4800 γὰρ
2116 4727 2312 4782 πολλοῦ
2343 4728 2426 4780 δεῖ
2447 4727 2632 4788 πόνου,
2665 4725 2802 4779 ἀλλὰ
2844 4725 3047 4795 μικρᾶς
3080 4718 3356 4791 προσοχῆς
3395 4716 3498 4786 μόο

1826 4839 1937 4874 νον.
1969 4818 2073 4872 Καὶ
2113 4819 2193 4870 ὅτι
2227 4816 2388 4869 τοῦτό
2421 4817 2570 4868 ἐστιν
2609 4813 2828 4884 ἀληθὲς,
2859 4809 3082 4880 εΰδηλον
3118 4807 3329 4861 ἐκεῖθεν
3351 4823 3364 4836 ο
3401 4805 3520 4857 Τὸν

1828 4909 1944 4964 υἱόν
1974 4925 2066 4960 σου
2097 4905 2335 4967 καλέσας
2367 4905 2626 4974 φόϐησον,
2665 4902 2758 4956 καὶ
2791 4900 3085 4970 ἀπείλησον
3127 4894 3274 4966 αὐτῷ
3313 4892 3504 4963 ἐπιθήο

1829 5013 1943 5048 σειν
1971 4993 2184 5064 πληγάς
2219 4992 2428 5060 ὀλίγας,
2463 4993 2510 5043 εί
2553 4991 2630 5063 μὴ
2661 4987 3030 5060 κατορθώσειε
3069 4986 3160 5038 τὸν
3193 4985 3357 5054 νόμον
3385 4981 3512 5032 τοῦ-ι

1826 5101 1940 5148 τον,
1978 5085 2074 5136 καὶ
2113 5081 2234 5150 ὄψει
2273 5081 2350 5143 ὡς
2389 5079 2593 5142 εὐθέως
2628 5081 2998 5149 ἀποστήσεται
3043 5075 3143 5145 τῆς
3191 5071 3512 5143 συνηθείας..

1831 5172 1958 5234 Πῶς
1984 5165 2077 5225 οὖν
2105 5170 2206 5224 οὐκ
2239 5168 2460 5231 ἄτοπον,
2491 5169 2542 5220 εἰ
2583 5166 2653 5221 τὰ
2699 5165 2798 5236 μέν
2839 5163 3010 5236 μικρά
3041 5161 3228 5215 παιδία
3253 5160 3344 5212 τὸν
3376 5161 3506 5229 παρ’

1826 5259 1986 5330 ἡμῶν
2015 5257 2291 5311 δεδοικότα
2338 5255 2506 5324 φόϐον
2543 5253 2883 5326 περιγένοιτο
2934 5251 3034 5322 τῆς
3083 5247 3322 5317 ἐντολῆς,
3347 5246 3508 5316 ἡμεῖς

1825 5347 1883 5400 δέ
1913 5345 2048 5418 μηδὲ
2081 5344 2223 5398 οὕτω
2246 5343 2567 5414 φοϐούμεθα
2601 5341 2694 5396 τὸν
2724 5341 2878 5405 Θεὸν,
2911 5341 2985 5402 ώς
3010 5339 3160 5408 ἡμᾶς
3183 5337 3231 5388 οί
3273 5334 3378 5387 υἱοὶ
3417 5332 3506 5386 δε-

1829 5436 2108 5500 δοίκασιν;
2139 5434 2318 5504 Ὅπερ
2365 5429 2463 5489 οὖν
2510 5432 2606 5484 καὶ
2649 5428 2842 5500 πρώην
2891 5421 3068 5487 εἷπον,
3099 5422 3258 5477 τοῦτο
3283 5420 3378 5474 καὶ
3409 5420 3506 5474 νῦν

1828 5523 1994 5592 λέγω.
2029 5521 2214 5592 Νόμον
2238 5522 2450 5584 ἑαυτοῖς
2483 5519 2688 5590 θῶμεν,
2719 5517 2794 5588 μὴ
2820 5515 3084 5584 πρότερον
3111 5510 3184 5582 μὴ
3208 5507 3504 5580 δημοσίων,

1838 5612 1913 5683 μὴ
1957 5609 2243 5664 εδιωτικῶν
2272 5607 2522 5678 ἅψασθαι
2567 5605 2932 5676 πραγμάτων,
2966 5601 3072 5663 ἓως
3111 5599 3176 5652 ἂν
3416 5599 3508 5652 ἐκ.

1897 5742 1928 5782 b
1947 5743 2045 5792 Alii
2067 5740 2232 5790 παιδία
2255 5747 2406 5804 μικρά
2429 5741 2477 5788 έν
2499 5739 2632 5802 μέσῳ
2653 5734 2742 5785 τοῦ
2757 5735 2912 5792 ξύλου.
2933 5733 3089 5784 Paulo
3114 5736 3226 5796 post
3245 5733 3394 5782 Iidem
3407 5732 3508 5782 σώ⁴

1833 5821 1982 5913 μαξοὲ
2164 5877 2279 5926 mss.
2305 5860 2714 5926 aig_r_5qp&ppqna
2737 5855 2978 5926 1-06.)!“
2999 5857 3090 5926 _al_ii
3117 5858 3211 5926 ¹τῶν
3232 5855 3502 5914 κτημάτων,

1834 5927 1917 5976 alii
1935 5928 2028 5974 τῶν
2047 5919 2326 5990 χρημάτων.
2361 5919 2646 5974 Ιὺίἀὲὶῐιάἷίἱ
2663 5922 2981 5984 προαιρέσεως
2997 5919 3065 5968 δεῖ
3090 5919 3248 5980 μόνης,
3285 5927 3378 5964 elc.
