3920 6224
98 256 227 310 197
980 262 1072 316 AD
1111 263 1429 323 POPULUM
1469 271 1952 336 ANTIOCHENUM
2017 280 2240 339 HOMIL.
2287 286 2401 342 XX.

99 370 279 435 prius
310 369 518 439 privata
549 377 775 427 tractare
803 375 1008 444 negotia
1033 418 1048 442 ,
1080 378 1250 434 donec
1272 383 1406 439 hanc
1433 385 1599 454 legem
1631 391 1734 444 im-

100 460 405 524 pleamus,
431 470 486 513 et
511 461 726 515 omnino
754 466 1070 522 necessitate
1095 473 1373 539 compulsi,
1400 475 1548 530 facile
1573 491 1730 546 supe-

103 547 382 601 rabimus
402 588 418 613 ,
451 558 504 603 et
529 552 836 606 ornabimus
877 570 974 608 nos
1013 557 1154 626 ipsos
1179 600 1193 624 ,
1225 563 1530 621 ornabimus
1555 577 1730 623 autem

100 648 161 692 et
194 655 430 694 omnem
456 643 743 698 civitatem.
771 645 953 716 Cogita
981 665 1208 719 namque
1229 656 1386 722 quale
1407 656 1506 724 est,
1535 659 1729 730 ubique

106 741 408 786 terrarum
441 733 554 788 haec
578 736 762 792 audire
782 780 795 802 ,
831 741 1125 796 Antiochia:
1152 748 1492 812 prmvaluisse
1523 766 1728 808 morem

99 820 451 877 Christianis
492 837 868 894 congruentem
907 847 921 884 :
971 840 1025 885 et
1068 833 1137 886 ibi
1192 837 1460 892 neminem
1520 843 1724 910 audies,

105 909 251 963 licet
286 912 523 967 maxima
550 918 838 972 necessitas
862 920 1019 975 instet
1043 965 1056 989 ,
1083 925 1440 991 juramentum
1461 933 1723 990 emittere.

105 1001 361 1056 Prorsus
408 1004 522 1060 haec
550 1008 766 1063 audient
806 1012 990 1067 vicina:
1032 1015 1306 1072 civitates:
1341 1022 1577 1090 quinimo
1621 1043 1723 1081 non

105 1104 337 1148 tantum
368 1096 557 1151 vicina)
581 1100 842 1167 civitates,
873 1119 1054 1159 verum
1081 1117 1134 1162 et
1155 1111 1219 1162 ad
1250 1112 1390 1180 ipsos
1418 1123 1572 1169 terrae
1591 1120 1724 1174 fines

103 1186 352 1241 verbum
384 1192 657 1257 perveniet
699 1196 940 1251 :etenim
976 1200 1268 1257 verisimile
1311 1215 1392 1258 est
1435 1209 1581 1263 vobis
1626 1212 1721 1264 ad-

103 1278 324 1332 mixtos
368 1291 722 1349 mercatores,
755 1295 808 1340 et
849 1287 972 1342 hinc
998 1291 1104 1344 alio
1143 1294 1538 1360 proficiscentes
1559 1341 1572 1364 ,
1605 1301 1723 1355 aliis

105 1382 343 1437 quoque
378 1370 492 1425 haec
522 1376 696 1428 omnia
725 1379 1058 1433 nuntiaturos
1083 1396 1220 1436 esse.
1249 1384 1378 1438 Cum
1409 1388 1566 1456 igitur
1591 1391 1721 1446 alias

107 1458 374 1515 civitates
397 1463 672 1520 laudantes
693 1469 864 1535 multi,
895 1482 1078 1539 portus
1106 1488 1418 1542 memorant,
1445 1491 1496 1533 et
1525 1482 1716 1551 forum,

106 1558 165 1604 et
199 1553 477 1607 venalium
509 1558 747 1624 capiam,
782 1559 905 1614 hinc
947 1565 1402 1630 proficiscentibus
1437 1570 1717 1626 dicendum

111 1642 365 1700 tradite.
421 1645 560 1712 quod
608 1655 688 1701 est
734 1650 1068 1719 Antiochize,
1122 1655 1173 1708 id
1225 1657 1276 1710 in
1330 1659 1448 1713 aliis
1502 1662 1717 1717 urbibus

3321 311 3424 365 198

1841 405 2076 452 mentum
2106 401 2370 458 emittere.
2395 406 2504 460 Hoc
2525 409 2736 478 quidem
2762 413 2910 470 vobis
2929 416 3419 482 eritornamentum

1839 491 1893 536 et
1937 489 2248 556 munimen;
2290 509 2390 548 nec
2429 496 2480 550 id
2529 506 2751 567 tantum,
2787 519 2970 561 verum
3013 519 3065 561 et
3117 515 3418 570 mercedem

1838 573 2024 630 afferet
2052 596 2293 650 magnam
2325 584 2340 616 ¹
2369 603 2383 638 :
2411 589 2606 642 etenim
2639 607 2824 648 omnes
2871 611 2964 651 vos
3003 599 3091 652 alii
3119 605 3414 661 aemulaturi

1836 674 1962 720 sunt
1995 678 2153 738 atque
2189 671 2462 729 imitaturi.
2507 679 2562 734 Si
2610 683 2726 749 quis
2773 685 2912 740 enim
2957 705 3115 744 unum
3157 697 3236 748 vel
3285 698 3418 752 duos

1836 754 2088 823 lucratus,
2140 777 2169 814 a
2215 763 2325 816 Deo
2370 770 2632 824 mercedis
2675 782 2873 828 tantum
2930 781 3144 847 capiet:
3201 800 3415 842 onmem

1842 849 2095 904 mundum
2128 857 2430 912 erudientes
2453 901 2467 925 ,
2497 874 2719 931 quantas
2747 870 2966 937 capietis
2996 876 3418 938 retributiones?

1833 936 2054 1005 Oportet
2098 942 2257 1012 igitur
2302 949 2516 1005 studere
2562 963 2616 1008 et
2657 955 2874 1024 vigilare
2920 971 2973 1015 et
3015 967 3222 1022 sobrios
3267 987 3408 1039 esse,

1830 1028 2058 1084 scientes
2089 1048 2191 1088 non
2237 1040 2566 1108 propriorum
2607 1053 2806 1101 tantum
2856 1054 3409 1125 profectuum,vernm

1828 1127 1884 1172 et
1906 1120 2200 1179 alienorum
2227 1130 2510 1185 maximam
2543 1139 2852 1194 meritorum
2885 1146 3282 1205 retributionem
3322 1169 3412 1208 ac-

1829 1218 2076 1278 cepturos
2101 1231 2199 1270 nos
2228 1234 2365 1283 esse,
2395 1231 2449 1275 et
2477 1226 2695 1281 multam
2723 1233 2860 1299 apud
2891 1234 3055 1290 Deum
3087 1240 3408 1298 benevolen-

1831 1300 1955 1354 tiam
1977 1317 2371 1374 assequuturos.
2395 1313 2562 1379 Quam
2587 1319 2738 1372 nobis
2755 1323 2999 1380 omnibus
3022 1328 3070 1380 in
3096 1343 3405 1400 perpetuum

1825 1393 2030 1463 adeptis
2069 1399 2223 1454 detur
2267 1402 2365 1457 frui
2407 1423 2569 1474 regno
2611 1412 2898 1480 cmlorum,
2929 1418 2980 1471 in
3017 1393 3228 1477 Christo
3279 1425 3404 1481 Jesu

1824 1483 2048 1539 Domino
2076 1499 2258 1545 nostro
2277 1535 2291 1557 ,
2321 1495 2407 1549 cui
2435 1499 2598 1566 gloria
2631 1510 2684 1555 et
2715 1504 2988 1572 imperium
3019 1525 3138 1565 cum
3169 1515 3324 1570 Patre
3353 1527 3408 1571 et

1823 1585 2008 1629 sancto
2033 1578 2250 1647 Spiritu,
2285 1601 2425 1640 nunc
2457 1599 2509 1642 et
2534 1605 2746 1662 semper
2766 1637 2779 1658 ,
2806 1607 2860 1650 et
2883 1599 2935 1652 in
2962 1605 3153 1658 swcula
3180 1609 3404 1664 saeculo~

107 1747 390 1801 nusquam
429 1750 648 1792 cernere
687 1739 846 1794 licere
881 1760 894 1796 :
941 1745 1156 1800 mallent
1195 1749 1336 1802 enim
1381 1752 1525 1806 urbis
1574 1753 1717 1809 illius

107 1821 455 1881 habitatores
485 1828 628 1896 prius
654 1831 885 1900 linguam
913 1837 1170 1904 abscindi,
1190 1856 1423 1909 quamex
1451 1859 1544 1898 ore
1564 1844 1716 1914 jura-

202 2347 408 2390 ΕΤΙΔΜ
450 2349 615 2392 ANTE
657 2352 1008 2398 GEHENNAM
1051 2358 1321 2402 CRUCIET

1366 2365 1381 2403 2
1428 2362 1756 2410 POSTREMO
1796 2369 1880 2411 DE
1924 2371 2215 2420 VITANDIS
2265 2379 2676 2442 JURAMENTIS,
2709 2390 2790 2434 ΕΤ
2830 2393 2914 2435 DE
2959 2396 3060 2447 118,

200 2448 344 2492 DUM
387 2449 459 2493 SE
503 2450 604 2493 [TA
651 2453 1120 2512 CORREXERINT,
1167 2459 1250 2501 UT
1292 2460 1416 2504 NON
1458 2464 1703 2508 AMPLIU.‘

1818 2468 2044 2515 URENT.

1823 1682 1960 1721 rum.
1986 1672 2176 1727 Amen.

1886 1800 1929 1889 in
2068 1803 2194 1853 vobis
2224 1811 2489 1889 nonsolunt
2510 1810 2603 1861 erit
2623 1825 2950 1870 ornamentum
2968 1829 3013 1873 et
3035 1825 3294 1889 munimen,
3323 1844 3397 1883 ve-

1820 1872 1932 1909 rum
1953 1863 2097 1913 etiam
2117 1869 2410 1936 mercedem,
2436 1879 2543 1928 etc.

1905 2272 1919 2310 2
1967 2272 2048 2314 ET
2089 2275 2258 2327 QUOD
2310 2280 2700 2330 INJURIARUM
2760 2291 3059 2340 MEMORIA
3120 2300 3398 2349 HOMINES

3093 2399 3200 2452 QUI
3227 2403 3398 2448 NON-

1644 2606 1902 2659 θεοοθὶεδ

682 2727 898 2769 ποηιιιλ
937 2731 1010 2771 xx
1039 2715 1112 2788 (a)
1125 2757 1138 2771 .

191 2801 243 2854 1.
285 2799 366 2854 Ad
399 2799 558 2856 finem
577 2801 766 2872 jejunii
786 2806 894 2875 jam
926 2816 1132 2878 tempus
1158 2809 1477 2881 deproperat
1501 2832 1514 2866 :
1538 2829 1704 2884 quare

115 2901 170 2946 et
197 2907 297 2946 nos
323 2894 510 2962 majori
538 2897 714 2951 studio
735 2898 919 2953 virtuti
947 2916 1162 2970 operam
1190 2903 1377 2959 demus
1405 2907 1454 2972 ¹;
1481 2917 1538 2961 ut
1559 2909 1700 2962 enim

116 2984 455 3038 currentibus
497 2987 662 3040 multa
705 2989 872 3043 stadia
914 2995 1148 3047 emensis
1198 2994 1327 3050 nihil
1376 2996 1531 3064 lucri,
1577 2999 1624 3054 si
1670 3017 1698 3054 a

118 3074 340 3140 praemio
370 3075 616 3130 excidant
647 3096 661 3130 :
705 3079 775 3132 ita
804 3079 931 3132 nihil
963 3083 1115 3137 nobis
1141 3084 1270 3138 lucri
1298 3085 1400 3140 erit
1427 3103 1489 3140 ex
1524 3089 1702 3144 multis

119 3161 391 3218 laboribus
429 3172 484 3218 et
523 3165 807 3222 sudoribus
845 3170 1050 3238 jejunio
1086 3173 1387 3242 insumptis,
1431 3177 1530 3230 nisi
1579 3193 1696 3232 emn

120 3267 248 3320 pura
272 3255 599 3309 conscientia
644 3272 792 3310 sacra
824 3275 1006 3315 mensa
1038 3261 1136 3316 frui
1165 3266 1446 3331 possimus.
1480 3267 1559 3321 οι)
1599 3269 1700 3322 hoc

118 3343 259 3395 enim
283 3341 538 3412 jejunium
557 3345 1027 3418 ctQuadragesima
1051 3361 1105 3406 et
1127 3362 1202 3407 tot
1221 3354 1422 3410 dierum
1448 3372 1695 3428 synaxes,

119 3431 431 3500 auditiones,
464 3450 647 3504 preces
675 3449 728 3492 et
752 3437 1007 3493 doctrina:
1036 3453 1302 3512 suseeptm
1331 3458 1474 3513 sunt,
1497 3458 1551 3502 ut
1572 3450 1692 3503 abs-

122 3521 278 3575 tersis
314 3523 603 3579 sccleribus
641 3541 735 3594 per
758 3527 1050 3584 istiusmodi
1077 3534 1303 3588 studium
1331 3537 1351 3568 ’
1369 3579 1385 3603 ,
1408 3553 1523 3605 quae
1547 3541 1698 3593 nobis

121 3611 222 3666 hoc
264 3627 402 3668 anno
431 3630 765 3686 quocumque
793 3620 953 3674 modo
1005 3621 1148 3676 allita
1186 3625 1542 3690 inhaeserunt,
1574 3645 1694 3684 cum

122 3702 379 3770 Spirituali
423 3704 612 3760 fiducia
651 3707 792 3762 illius
835 3710 1091 3765 incruenti
1138 3715 1378 3771 sacrificii
1410 3719 1697 3788 participes

125 3791 473 3848 efficeremur.
501 3795 632 3861 Quia
659 3799 758 3850 nisi
784 3798 834 3852 id
862 3813 1225 3869 assequamur,
1257 3815 1454 3861 temere
1481 3808 1697 3864 frustra-

124 3898 225 3950 que
265 3892 460 3937 etcum
491 3886 632 3939 nulla
660 3888 880 3942 utilitate
913 3883 1042 3943 tanti
1079 3892 1288 3949 labores
1319 3896 1524 3951 tolerati
1551 3911 1692 3953 sunt.

124 3973 350 4044 Quisque
383 3975 542 4044 igitur
577 3991 757 4032 secum
799 3990 1027 4048 reputet,
1072 3997 1228 4052 quem
1272 3985 1534 4042 defectum
1575 4005 1696 4044 cor-

127 4065 295 4127 rexit,
325 4080 482 4134 quam
509 4067 754 4121 virtutem
785 4070 1096 4138 acquisivit,
1129 4075 1267 4142 quod
1297 4088 1568 4144 peccatum
1600 4080 1696 4134 de-

129 4156 326 4222 posuit,
375 4171 530 4225 quem
567 4173 777 4212 nmvum
817 4161 980 4227 eluit,
1031 4165 1321 4219 secundum
1352 4168 1478 4237 quid
1513 4171 1699 4226 melior

129 4244 289 4301 factus
311 4249 380 4300 sit
403 4265 416 4300 :
445 4250 583 4318 quod
607 4251 650 4304 si
674 4252 932 4307 invenerit
959 4255 1201 4321 pulchras
1223 4258 1348 4313 istas
1371 4277 1574 4317 merces
1599 4265 1696 4318 sibi

126 4352 189 4389 ex
212 4336 404 4406 jejunio
442 4340 691 4395 adauctas
717 4358 856 4406 esse,
896 4353 1178 4415 certusque
1219 4349 1289 4402 sit
1333 4351 1608 4418 plurimam
1636 4370 1695 4410 se

129 4429 423 4483 uulneribus
448 4431 753 4488 adhibuisse
779 4449 991 4503 curam,
1020 4439 1258 4494 accedat.
1289 4440 1440 4505 Quod
1468 4446 1512 4498 si
1540 4445 1696 4500 isthic

129 4521 406 4590 negligens,
428 4523 596 4577 solum
613 4525 870 4594 jejunium
889 4538 1152 4585 ostentare
1170 4537 1382 4600 poterit,
1396 4552 1493 4590 nec
1510 4538 1561 4590 in
1577 4539 1695 4593 ullis

129 4614 240 4666 aliis
265 4613 416 4668 rebus
453 4630 512 4668 se
552 4618 938 4686 castigatiorem
988 4621 1182 4676 factum
1227 4625 1450 4691 probare
1478 4633 1692 4696 poterit,

130 4705 251 4757 loris
271 4709 491 4771 maneat,
514 4723 576 4762 ac
597 4719 704 4762 tum
729 4711 973 4778 introeat,
996 4729 1114 4766 cum
1141 4730 1198 4770 se
1219 4718 1283 4770 ab
1308 4721 1554 4776 omnibus
1576 4735 1703 4790 pec-

134 4797 262 4848 catis
283 4800 598 4865 expurgarit.
631 4798 854 4869 (Nullus
885 4803 934 4855 in
963 4806 1077 4858 solo
1100 4805 1301 4874 jejunio
1330 4808 1572 4866 fiduciam
1599 4811 1693 4866 ha-

139 4885 282 4951 beat,
310 4886 395 4954 qui
428 4888 568 4941 vitiis
612 4890 726 4944 sine
767 4893 1140 4949 emendatione
1188 4897 1412 4953 inhazsit.
1443 4901 1461 4970 )
1492 4902 1562 4971 (ὁ)
1593 4902 1695 4957 Fas

138 4977 270 5029 enim
295 4983 372 5030 est
393 4993 546 5044 eum,
568 4980 656 5048 qui
696 4995 798 5034 non
821 4982 1161 5052 jejunaverit,
1205 4989 1410 5042 veniam
1439 4992 1692 5062 consequi

196 5154 212 5183 ι
244 5159 336 5221 sav.
363 5152 410 5200 in
433 5155 651 5225 margine
677 5162 728 5204 et
749 5155 932 5225 aliquot
951 5163 1079 5217 Mss,
1106 5159 1443 5222 compellamus
1465 5172 1566 5220 nos,
1595 5165 1693 5225 vel,

138 5211 404 5263 concitentus
423 5215 486 5263 ad
503 5211 736 5275 majorem
759 5211 996 5267 virtutem.

197 5275 215 5305 ³
245 5275 397 5324 Morel.
419 5281 470 5324 et
491 5276 682 5338 quidam
704 5285 830 5337 Mss,
855 5292 941 5342 per
965 5279 1184 5330 studium
1207 5279 1481 5333 divinorum
1495 5285 1697 5336 manda-

140 5339 297 5384 torum.

201 5397 265 5466 to)
292 5402 400 5466 Haec
420 5396 807 5466 homiliacollata
843 5407 919 5450 est.
956 5415 1065 5466 cum
1090 5403 1338 5454 codicibus
1371 5409 1530 5466 Regiis
1556 5408 1693 5466 1828,

144 5458 267 5513 «οδε,
288 5457 420 5527 stat,
436 5459 585 5527 Μελ
593 5461 740 5527 βοῦί,
763 5470 815 5511 et
835 5475 944 5510 cum
966 5462 1240 5514 Colbertino
1256 5466 1365 5527 947,
1403 5457 1575 5518 additis
1590 5457 1694 5519 savl

147 5526 193 5566 et
212 5518 370 5567 Morelli
397 5519 699 5569 lectionibus.

200 5578 262 5642 (ὁ)
291 5588 395 5638 ρωε
419 5583 1216 5659 intraparentheSIm.clauduntur,
1243 5589 1369 5659 _Savil
1431 5598 1483 5641 et
1517 5590 1698 5659 aliquot

264 5649 518 5702 posuerunt
540 5647 588 5692 in
611 5657 762 5706 marg.
788 5659 802 5707 ;
827 5646 915 5694 sed
937 5649 1098 5698 omisit
1116 5648 1278 5699 MOI-el.

1816 2737 2063 2785 excusata
2086 2733 2332 2790 nimirum
2367 2743 2610 2810 corporis
2639 2744 3036 2808 imbecillitate:
3059 2755 3102 2810 is
3128 2772 3272 2824 vero,
3301 2763 3389 2830 qui

1818 2833 1922 2872 non
1958 2824 2294 2893 castigavcrit
2335 2829 2529 2887 delicta
2555 2876 2571 2902 ,
2625 2835 2951 2908 impossibile
2979 2857 3096 2914 est,
3143 2861 3199 2904 ut
3229 2824 3388 2908 ullam

1815 2914 2207 2969 excusationem
2237 2918 2492 2976 instituat.

1884 3001 1926 3053 Α
1961 3006 2137 3069 quibus
2161 3014 2426 3082 prceccptis
2471 3020 2732 3074 servandis
2755 3035 2960 3078 excusat
2993 3033 3215 3100 corporis
3240 3034 3388 3102 inﬁr-

1811 3093 2053 3146 mitas.—
2072 3095 2446 3168 Nonjejunasti
2473 3107 2539 3160 ob
2559 3113 2799 3178 corporis
2825 3093 3182 3177 infirmitatem
3211 3125 3224 3156 ¹
3247 3142 3262 3192 ;
3289 3129 3383 3182 sed

1808 3181 1893 3236 dic
1921 3185 2047 3238 mihi
2070 3229 2082 3250 ,
2110 3203 2204 3244 cur
2235 3191 2461 3248 inimicis
2499 3199 2602 3252 tuis
2646 3207 3018 3263 reconciliatus
3048 3229 3153 3267 non
3179 3217 3280 3269 es?
3319 3235 3386 3274 an

1809 3271 1896 3329 hic
1949 3275 2110 3333 habes
2162 3283 2302 3337 unde
2351 3291 2650 3355 prtetendas
2691 3300 2930 3366 corporis
2986 3303 3386 3366 infirmitatem?

1807 3363 2037 3422 Rursum
2067 3371 2111 3424 si
2154 3374 2334 3429 odium
2381 3380 2736 3454 invidiamque
2764 3390 2993 3446 retineas
3017 3435 3034 3460 ,
3061 3397 3184 3464 quid
3216 3405 3387 3468 possis

1803 3463 2158 3519 excusationis
2208 3467 2476 3538 allegare?
2529 3489 2786 3546 nusquam
2815 3483 2956 3536 enim
2987 3484 3039 3539 in
3087 3488 3382 3547 istiusmodi

1804 3547 2038 3617 delictis,
2069 3555 2134 3609 ad
2168 3562 2407 3627 corporis
2450 3564 2864 3628 imbecillitatem
2904 3580 3190 3649 confugere
3229 3585 3372 3640 licet.

1805 3644 1979 3714 Atque
1999 3647 2050 3701 id
2073 3647 2272 3706 Christi
2303 3653 2648 3714 humanitatis
2672 3678 2806 3732 opus
2824 3677 2926 3733 est,
2957 3644 3097 3740 quod
3121 3680 3382 3747 praecipua

1804 3746 1857 3789 et
1886 3737 2043 3792 vitam
2075 3751 2313 3798 nostram
2363 3749 2686 3806 continentia
2735 3737 2998 3828 praecepta
3047 3764 3174 3819 nihil
3204 3783 3230 3819 a
3259 3784 3380 3824 cor-

1809 3829 1953 3895 poris
1979 3830 2288 3890 infirmitate
2331 3838 2608 3894 lzcdantur.
2650 3844 2912 3902 Cteterum
2945 3857 3191 3919 quoniam
3233 3875 3382 3927 atque

1805 3920 2055 3975 omnibus
2079 3925 2247 3978 sacris
2280 3926 2481 3996 legibus
2523 3930 2850 4002 indigemus,
2877 3954 2938 3992 ac
2967 3941 3017 3994 in
3046 3944 3228 4010 primis
3251 3947 3336 4000 illa
3362 3989 3377 4013 ,

1803 4025 1923 4078 quae
1969 4013 2241 4069 interdicit
2270 4017 2573 4076 inimicitias
2603 4025 2904 4097 irarumque
2930 4038 3337 4103 perpetuitatem
3361 4083 3375 4104 ,

1803 4099 1894 4152 Sed
1929 4105 2415 4163 reconciliationem
2460 4114 2636 4168 statim
2670 4117 2784 4171 fieri
2808 4099 2979 4187 jubet,
3012 4140 3138 4194 age,
3171 4128 3238 4182 de
3279 4131 3377 4188 hoc

1810 4204 2074 4262 praecepto
2110 4213 2248 4251 nunc
2292 4199 2342 4252 in
2392 4206 2670 4271 praesentia
2726 4209 3072 4280 disputemus.
3119 4217 3189 4274 Ut
3227 4226 3371 4277 enim

1807 4282 2150 4341 fornicantem
2180 4289 2734 4368 blasphemantemque
2761 4301 3082 4371 impossibile
3109 4321 3376 4370 estsacrae

1807 4393 2007 4432 mensae
2035 4383 2343 4451 participem
2378 4386 2510 4448 fieri,
2541 4389 2608 4443 ita
2637 4408 2844 4461 quoque
2871 4399 2957 4465 qui
2984 4399 3282 4458 inimicitias
3301 4407 3376 4461 fo-

1795 4477 1904 4532 vet,
1945 4479 2040 4524 aut
2074 4471 2129 4526 in
2168 4473 2247 4528 ira
2281 4477 2528 4545 pertinax
2558 4489 2662 4544 est,
2688 4497 2798 4537 non
2843 4495 3023 4556 potest
3056 4489 3162 4544 frui
3191 4504 3381 4550 sancta

1795 4564 2214 4631 communione;
2255 4583 2431 4638 neque
2467 4572 2520 4625 id
2560 4573 2854 4631 immerito.
2883 4579 2985 4645 Qui
3027 4583 3171 4637 enim
3208 4601 3381 4642 mere-

1792 4653 2022 4710 tricatus
2052 4665 2163 4720 est,
2188 4669 2280 4713 aut
2305 4662 2634 4719 adulterium
2658 4671 2955 4739 commisit,
2980 4675 3144 4730 simul
3172 4687 3230 4732 ut
3261 4682 3382 4734 ani-

1792 4759 1945 4800 mum
1971 4751 2226 4816 explevit,
2249 4751 2407 4807 tinem
2441 4768 2661 4824 peccato
2690 4761 2947 4832 imposuit
2975 4783 2988 4819 :
3015 4770 3158 4836 quod
3179 4773 3224 4826 si
3244 4775 3382 4828 resi~

1790 4840 2008 4908 piscens
2027 4857 2083 4894 se
2101 4859 2129 4897 a
2148 4843 2302 4912 lapsu
2320 4850 2558 4905 excitare
2573 4853 2798 4908 voluerit
2817 4873 3178 4932 magnamque
3195 4877 3380 4921 osten-

1789 4930 1930 4986 derit
1968 4935 2364 5004 pmnitenliam,
2399 4953 2727 5012 assequetur
2753 4948 2991 5018 aliquam
3034 4957 3376 5013 consolatio-

1789 5037 1912 5075 nem
1935 5039 1948 5087 ;
1968 5025 2060 5092 qui
2087 5035 2268 5081 autem
2291 5031 2589 5088 simultatis
2610 5043 2772 5092 tenax
2799 5049 2903 5102 est,
2929 5044 3162 5114 singulis
3180 5047 3375 5104 diebus

1787 5121 2068 5180 peccatum
2088 5114 2237 5181 facit,
2259 5134 2357 5173 nec
2375 5137 2630 5192 umquam
2653 5127 2781 5183 illud
2798 5133 3048 5188 absolvit.
3070 5136 3189 5194 Illic
3211 5142 3374 5197 simul

1801 5207 1922 5247 cum
1968 5193 2166 5265 ﬂagitio
2194 5198 2462 5269 expletum
2509 5214 2592 5256 est
2643 5218 2914 5273 peccatum
2941 5214 3093 5275 ‘,hic
3137 5193 3373 5285 quotidie

1802 5287 1941 5341 idem
1973 5288 2148 5342 scelus
2195 5298 2428 5346 tentatur
2461 5311 2473 5345 :
2505 5311 2660 5364 quam
2704 5299 2863 5376 igitur,
2897 5307 3102 5358 veniam
3137 5312 3369 5376 Sperabi-

1807 5393 1944 5446 mus,
1973 5380 2062 5449 qui
2091 5397 2188 5435 nos
2229 5382 2321 5438 tali
2349 5383 2535 5440 belluae
2575 5388 2716 5443 ttltro
2762 5391 3050 5450 dedimus?
3096 5398 3370 5464 Quomodo

1867 5533 1889 5604 ξ
1919 5533 2056 5604 Savil.
2084 5542 2135 5604 et
2149 5535 2331 5604 aliquot
2345 5538 2506 5595 Codd.,
2527 5539 2587 5604 σιξ
2604 5544 2817 5604 corporis
2840 5544 2911 5594 mi
2931 5551 3170 5598 naturam.

1869 5597 1890 5625 ί
1910 5596 2059 5674 Ιςεγὶι.
2085 5598 2133 5642 in
2156 5596 2372 5660 margine
2398 5614 2409 5648 :
2437 5596 2697 5674 thuideni
2722 5604 2769 5652 in
2791 5607 3040 5674 τιμωρεῖ-ἑο,
3067 5596 3177 5674 cum
3196 5611 3377 5674 ﬂagitto

1806 5657 2049 5718 expletum
2060 5664 2131 5708 est
2156 5657 2418 5723 peceatum.
2446 5669 2498 5712 Et
2519 5657 2587 5713 sic
2610 5664 2797 5714 videtur
2821 5666 3004 5732 legisse
3029 5657 3249 5726 sanatus:
