3896 6230
495 255 589 311 Μ)

496 368 789 440 pusudabis
819 368 984 422 Deum
1017 366 1108 420 tibi
1133 374 1466 419 mansuetum
1496 373 1552 419 et
1576 363 1759 417 mitem
1784 362 1920 428 fieri,
1952 377 2074 420 cuin

498 473 556 516 tu
585 475 848 514 conservo
877 468 967 512 tuo
995 466 1098 511 tam
1122 456 1298 525 gravis
1331 454 1407 508 sis
1436 464 1494 509 et
1518 453 1898 508 inexorabilis?
1922 453 2073 521 Estn,

500 553 822 609 contumelia
856 562 906 606 te
937 548 1113 603 affecit
1149 561 1443 602 conservus
1470 564 1486 600 :
1515 560 1693 601 nonne
1718 553 1772 599 tu
1797 559 1943 613 sche
1968 545 2077 597 Deo

494 644 847 703 contumelias
877 640 1030 697 facis?
1042 640 1176 708 Quid
1190 640 1392 710 :cquale
1412 640 1554 693 inter
1576 638 1851 691 dominum
1875 644 1933 689 et
1959 649 2077 688 ser-

482 722 647 792 sunt?
665 735 822 804 Atqui
846 734 931 787 hic
953 732 1217 787 interdum
1245 732 1628 787 contumeliose
1654 730 2080 795 hahitus,cmuu-

498 830 709 884 meliam
742 826 879 881 forte
907 825 1166 894 reposuit,
1194 834 1249 878 et
1263 833 1608 893 exasperatus
1624 837 1714 887 es;
1743 831 1797 875 tu
1824 821 2080 873 adversus

503 921 781 975 Dominum
807 917 1194 974 contumeliose
1222 917 1356 987 agis,
1380 918 1506 971 nihil
1531 917 1741 986 quidem
1769 915 1837 969 ab
1868 915 1958 968 illo
1990 915 2082 968 Ιιιι-

496 1029 587 1068 sus
610 1055 624 1077 ,
657 1012 748 1067 sed
779 1011 1047 1081 perpetuis
1069 1011 1307 1080 quotidie
1338 1010 1606 1065 beneficiis
1633 1008 1875 1062 affectus.
1898 1006 2081 1077 Cogita

497 1119 624 1173 ergo
636 1103 776 1172 quod
800 1102 843 1156 si
860 1102 1176 1157 velletDeus
1192 1102 1448 1155 adversus
1464 1115 1523 1154 se
1547 1100 1828 1153 commissa
1855 1099 2081 1167 diligen-

500 1207 584 1248 ter
610 1195 892 1263 exquirere
915 1234 932 1258 ,
962 1208 1029 1245 ne
1056 1191 1120 1243 ad
1141 1208 1300 1244 untun
1331 1192 1542 1260 quidem
1571 1192 1712 1243 diem
1759 1191 2081 1243 viveremus.

500 1285 734 1349 Peccuta,
766 1285 931 1348 enim,
955 1284 1139 1352 inquit,
1157 1284 1200 1336 si
1227 1285 1579 1347 observaveris,
1596 1281 1829 1344 Domine,
1853 1281 2081 1344 Domine,

500 1380 612 1451 quis
662 1379 923 1433 sustinebit
970 1376 989 1448 (
1029 1375 1172 1429 Psal.
1202 1375 1323 1431 19.9.
1353 1375 1468 1445 3)?
1512 1376 1576 1429 Et
1612 1386 1665 1426 ut
1713 1376 1952 1428 oinittatn
1983 1373 2082 1426 alia

501 1472 680 1527 omnia
729 1479 980 1541 peccata,
1012 1484 1133 1538 qum
1177 1468 1291 1520 sola
1334 1467 1593 1537 cujusque
1639 1466 1933 1535 peccatoris
1958 1480 2086 1519 con-

504 1563 723 1618 scientia
754 1560 964 1630 cegnita
999 1559 1187 1620 habet,
1221 1569 1270 1613 et
1303 1559 1389 1611 ubi
1440 1568 1636 1627 prmter
1683 1558 1846 1612 Deum
1883 1558 2082 1610 nullum

501 1664 691 1709 testem
721 1651 1059 1716 reformidat,
1084 1651 1129 1703 si
1156 1649 1223 1704 de
1248 1648 1510 1705 confessis
1554 1649 1670 1703 istis
1697 1658 1749 1702 et
1778 1648 1977 1717 apertis
2005 1661 2088 1699 ra-

507 1748 708 1800 tionem
735 1757 1163 1813 reposceremur,
1186 1756 1342 1810 quam
1366 1741 1574 1794 veniam
1601 1781 1616 1804 ,
1640 1754 1842 1810 quaeso,
1871 1752 2089 1807 sperare

503 1851 715 1906 possem
727 1835 855 1901 ns,si
875 1843 1110 1887 nostram
1126 1831 1176 1884 in
1193 1831 1439 1900 precibus
1466 1830 1708 1884 inertiam
1736 1838 1790 1883 et
1815 1829 2082 1897 negligen-

507 1929 633 1984 tiam
662 1923 1173 1994 cxpeuderetzquod
1200 1937 1379 1977 coram
1408 1936 1473 1976 eo
1503 1921 1858 1976 consistentes
1884 1920 2088 1987 ipsum-

506 2036 611 2091 que
638 2021 965 2082 iuvocantes,
981 2030 1050 2070 ne
1075 2024 1276 2068 tantum
1295 2013 1507 2083 quidem
1523 2011 1740 2082 pudoris
1768 2019 1823 2065 et
1841 2025 2092 2065 reveren-

507 2111 593 2164 tize
613 2109 942 2172 exhibemus,
968 2114 1220 2176 quantum
1236 2104 1374 2158 servi
1392 2103 1620 2157 dominis
1634 2104 1764 2169 suis,
1787 2110 1877 2156 aut
1896 2101 2092 2155 milites

506 2201 751 2267 ducihus,
766 2208 857 2253 aut
877 2197 1031 2252 amici
1050 2196 1269 2249 amicis?
1286 2194 1741 2248 cumamicoeuim
1757 2192 2090 2261 colloquens,

508 2307 629 2347 cum
657 2289 947 2345 attentione
974 2285 1099 2342 illud
1124 2285 1275 2351 facis;
1297 2299 1417 2338 cum
1440 2284 1548 2338 Deo
1576 2293 1752 2338 autem
1771 2282 1839 2339 de
1858 2282 2093 2352 peccatis

509 2383 614 2436 tuis
625 2395 807 2451 agens,
819 2377 1325 2436 etcondonationem
1340 2377 1611 2445 postulans
1627 2376 1897 2430 etveniam
1913 2389 2091 2440 orans,

511 2471 740 2525 subinde
771 2468 1397 2538 torpescis,gcnibusque
1422 2467 1568 2521 humi
1600 2466 1803 2535 positis,
1833 2481 1975 2535 sirpe
2002 2481 2096 2535 per

518 2562 713 2626 forum,
745 2572 890 2627 sa-pe
918 2573 1010 2628 per
1038 2558 1183 2612 mdes
1210 2565 1443 2611 mentem
1475 2566 1619 2610 tuam
1656 2555 1890 2625 divagari
1919 2555 2052 2609 sinis
2077 2595 2093 2619 ,

515 2668 610 2708 ore
639 2664 729 2707 tuo
758 2651 970 2706 interim
1000 2659 1203 2705 temere
1231 2649 1568 2718 inaniterque
1601 2649 1869 2719 garriente
1895 2665 1908 2702 :
1938 2647 2096 2719 idque

511 2762 620 2802 non
645 2744 808 2801 semel
831 2752 921 2798 aut
946 2744 1049 2809 bis,
1077 2742 1170 2798 sed
1199 2743 1504 2814 frequenter
1523 2743 1680 2798 nobis
1699 2741 1895 2799 accidit
1911 2759 1927 2798 :
1946 2748 2091 2816 quod

513 2838 560 2893 si
602 2837 687 2894 vel
739 2835 864 2891 illud
911 2835 1085 2890 solum
1119 2833 1418 2905 ponderare
1449 2834 1582 2890 velit
1604 2833 1774 2903 Deus,
1801 2850 1869 2890 an
1889 2836 2096 2891 veniam

515 2941 670 3001 putas
694 2927 1101 2984 obtinehimus?
1146 2943 1213 2981 an
1257 2929 1624 2997 purgationem
1666 2927 1899 2999 aliquam
1942 2928 2101 2983 ador-

516 3038 647 3078 nare
667 3021 960 3091 poterimus
977 3018 1139 3073 ‘lMihi
1161 3028 1307 3074 certe
1325 3017 1376 3073 id
1406 3018 1520 3073 lteri
1551 3033 1656 3074 non
1685 3035 1841 3088 posse
1867 3018 2097 3076 videtur.

592 3113 651 3166 2.
679 3111 816 3179 Quid
863 3111 907 3165 si
936 3109 1048 3180 jam
1078 3111 1314 3165 convicia
1359 3109 1551 3181 quibus
1584 3109 1818 3181 quotidie
1845 3109 1936 3165 alii
1969 3111 2101 3167 alios

517 3204 855 3265 incessimus,
887 3202 941 3256 in
971 3200 1205 3256 medium
1248 3199 1581 3270 produxerit,
1608 3200 1912 3271 iudiciaque
1943 3201 2099 3271 inep-

516 3302 739 3365 portuna
771 3333 786 3357 ,
841 3291 1032 3362 quibus
1090 3292 1395 3361 proximum
1440 3291 1899 3359 condemnamus,
1944 3291 2102 3362 idque

519 3386 665 3440 nulla
691 3383 792 3438 alia
814 3382 883 3439 de
907 3397 1088 3450 causa,
1110 3397 1266 3452 quam
1293 3382 1432 3452 quod
1462 3381 1707 3438 maledici
1731 3397 1951 3450 sumus;
1975 3383 2101 3453 quid

520 3476 812 3549 poterimus
837 3515 856 3543 ,
883 3489 1099 3544 quaeso,
1146 3489 1243 3541 pro
1288 3473 1601 3528 defensione
1644 3482 1824 3528 nostra
1868 3472 2103 3529 afferre?

521 3567 751 3621 Rursum
804 3564 850 3618 si
898 3565 1170 3618 examinet
1232 3563 1473 3617 curiosos
1524 3576 1735 3619 nostros
1772 3560 2006 3619 intuitus
2050 3573 2106 3619 ιιι

519 3655 682 3710 animi
711 3668 906 3725 pravas
927 3653 1263 3722 cupiditates,
1286 3653 1510 3708 subinde
1536 3654 1776 3723 turpibus
1799 3667 1850 3710 et
1877 3654 2103 3709 immun-

522 3750 606 3804 dis
633 3746 1038 3818 cogitationibus
1066 3744 1294 3799 imbutas
1315 3786 1331 3811 ,
1359 3745 1483 3799 dum
1515 3747 1700 3800 oculos
1724 3747 1960 3817 quolibet
1986 3747 2103 3803 sine

522 3842 626 3897 ulla
673 3839 1045 3895 observatione
1097 3839 1350 3895 oberrare
1399 3840 1658 3908 sinimus,
1689 3856 1846 3910 quam
1892 3857 2102 3910 pinnam

529 3933 758 3990 luemus?
777 3932 926 4001 Quod
949 3932 992 3985 si
1024 3932 1232 3986 ineatur
1255 3933 1391 3987 ratio
1413 3941 1713 3986 nostrorum
1736 3935 2102 3987 conviciorum

523 4025 683 4095 (nam
717 4022 818 4090 Qui
844 4023 989 4093 fratri
1008 4040 1099 4075 suo
1125 4023 1306 4077 dixerit
1332 4064 1346 4090 ,
1379 4023 1567 4084 Fatue.
1593 4041 1709 4078 reus
1733 4025 1828 4078 erit
1865 4025 2107 4096 gehennae

524 4117 656 4187 ignis
676 4113 886 4187 [Matt/t.
914 4115 966 4171 5.
1000 4113 1140 4188 22]),
1167 4132 1291 4169 num
1318 4115 1401 4170 vel
1423 4131 1484 4169 os
1512 4116 1764 4172 diducere
1790 4119 1870 4172 vel
1901 4118 2104 4172 hiscere

527 4206 722 4269 licebit,
752 4213 844 4258 aut
888 4220 1113 4275 parvum
1162 4216 1252 4260 aut
1299 4222 1546 4277 maguum
1595 4209 2103 4277 reSpOiulcre‘tJatn

531 4297 718 4350 inanes
736 4304 944 4349 nostras
968 4297 1309 4365 gloriationes
1330 4298 1396 4351 de
1424 4297 1666 4367 precibus
1686 4300 1763 4352 vel
1782 4299 1999 4368 jejuniis
2020 4302 2105 4354 vel

528 4385 889 4455 eleemosynis
917 4386 1136 4453 nostris,
1165 4386 1209 4440 si
1240 4387 1290 4441 in
1320 4386 1739 4457 disquisitionem
1770 4400 2101 4455 revocentur,

529 4493 636 4533 non
664 4492 697 4532 a
724 4476 855 4542 Deo,
886 4476 979 4532 sed
1008 4493 1036 4530 a
1070 4480 1223 4533 nobis
1254 4480 1382 4550 ipsis
1406 4482 1493 4549 qui
1520 4482 1856 4546 peccavimus
1889 4500 1900 4535 :
1926 4500 1991 4538 an
2014 4501 2107 4538 au-

529 4569 773 4623 debimus
801 4568 886 4622 vel
912 4568 1097 4622 cn-lum
1129 4572 1430 4638 respicere?
1464 4573 1626 4626 Porro
1649 4573 1690 4627 si
1714 4573 1782 4629 de
1807 4574 1944 4627 dolis
1968 4574 2107 4643 judi-

528 4663 668 4717 cium
698 4661 808 4728 fiat,
840 4675 975 4729 quos
1007 4661 1097 4715 alii
1146 4662 1198 4714 in
1229 4663 1363 4717 alius
1392 4665 1699 4719 censuimus
1719 4707 1733 4728 ,
1784 4682 1922 4719 nunc
1968 4683 2105 4736 μετιε-

530 4767 736 4808 sentem
763 4752 1036 4808 laudantes
1053 4752 1291 4818 fratrem,
1307 4771 1368 4809 ac
1382 4772 1502 4810 cum
1526 4774 1590 4811 eo
1619 4759 1768 4828 quasi
1795 4775 1913 4813 cum
1935 4760 2106 4816 amico

530 4845 796 4915 colloquia
828 4845 1138 4913 miscentes,
1161 4862 1304 4902 nunc
1332 4849 1605 4903 absentem
1636 4851 1981 4906 criminantes
2002 4871 2015 4906 :
2038 4867 2104 4906 an

531 4949 688 5005 pares
712 4934 912 4991 erimus
941 4936 1243 4993 istiusmodi
1276 4938 1487 5008 pinnae?
1511 4940 1647 5008 Quid
1675 4942 1846 4997 dicam
1871 4942 1938 4998 de
1958 4943 2106 5013 jura-

530 5025 751 5092 mcntis,
784 5026 1096 5093 mendaciis,
1126 5028 1377 5099 perjuriis
1397 5075 1414 5100 ,
1444 5032 1643 5101 injuste
1670 5035 1869 5102 furore,
1900 5037 2103 5099 livore,

533 5138 637 5193 quo
668 5137 812 5192 saepe
850 5122 1159 5178 invidemus
1198 5122 1332 5178 viris
1369 5122 1686 5192 conspicuis
1720 5141 1825 5180 non
1871 5125 2115 5181 inimicis

529 5216 714 5281 modo,
746 5217 840 5271 sed
864 5215 1093 5270 amicis?
1114 5214 1245 5285 quid
1262 5215 1406 5285 quod
1432 5214 1979 5272 oblcctamuralienis
1999 5235 2115 5273 tua-

530 5309 619 5375 lis,
642 5308 1088 5377 arhitrauiurque
1111 5308 1346 5364 alienam
1367 5309 1735 5365 infelicitatem
1757 5311 1925 5366 nostri
1948 5311 2117 5365 infor-

530 5401 670 5455 tunii
698 5401 953 5456 solatium
975 5402 1135 5456 esse?

599 5492 1073 5559 Confabulationes
1104 5495 1160 5548 in
1182 5493 1406 5548 ecclesia
1447 5493 1742 5563 prohibita.
1776 5525 1846 5536 ——
1868 5494 2024 5562 Quod
2064 5497 2109 5551 si

529 5585 768 5652 torporis
792 5586 965 5641 nostri
999 5587 1052 5640 in
1082 5601 1237 5642 sacra
1263 5586 1489 5641 collecta
1512 5586 1652 5640 ratio
1668 5588 1937 5659 exigatur,
1956 5591 2114 5660 quid-

531 5687 652 5726 nam
674 5676 979 5743 patiemur?
1007 5676 1139 5732 Illud
1163 5677 1366 5748 quippe
1390 5693 1497 5733 non
1514 5676 1796 5749 ignoratis,
1823 5680 1970 5751 quod
1993 5681 2111 5751 ipso

1336 246 1612 304 JOANNIS
1651 245 2118 303 CHRYSOSTUMI
2162 246 2477 302 ARCillEP.
2518 248 3049 306 CONSTANTINOP.

3702 255 3813 311 (ι’.ῦῦ

2184 363 2294 417 Deo
2318 377 2463 432 smpe
2489 379 2584 435 per
2617 365 2925 434 prophetam
2952 383 3069 420 cum
3115 367 3362 423 omnibus
3410 368 3580 427 nobis
3623 372 3813 428 uillo-

2181 463 2394 522 quente,
2429 457 2622 508 inultas
2648 471 2975 526 magnasque
3001 456 3353 514 fabulationes
3368 476 3495 515 cum
3522 464 3811 530 proximis

2184 544 2494 607 habeamus,
2539 545 2605 601 de
2645 547 2803 601 rebus
2846 547 2912 601 ad
2954 564 3050 601 nos
3097 548 3317 604 minime
3358 553 3810 620 pertinentibus.

2182 636 2332 702 Quod
2380 637 2424 689 si
2467 637 2646 706 igitur,
2691 639 2904 693 omissis
2943 639 3151 694 cieteris
3197 640 3487 706 omnibus,
3547 658 3655 712 par
3717 645 3812 696 isti

2182 727 2376 781 delicto
2424 728 2737 797 supplicium
2778 730 3128 798 postuletur,
3162 730 3289 799 quid
3340 732 3620 800 reliquum
3671 736 3811 796 erit,

2186 818 2324 886 quod
2368 818 2436 871 de
2474 820 2646 873 Salute
2693 822 2968 888 speretur?
3008 820 3085 875 Ne
3134 822 3412 876 existimes
3459 822 3512 878 id
3564 839 3811 892 parvum

2187 910 2384 962 crimen
2416 925 2535 964 esse
2563 929 2575 962 :
2604 911 2718 981 ejus
2754 913 2896 966 enim
2945 914 3360 983 magnitudinem
3388 916 3432 969 si
3467 917 3811 989 perspicere

2185 1002 2455 1069 cupias,in
2482 1002 2640 1056 rebus
2671 1004 2913 1057 humanis
2939 1004 3364 1075 perspiciendum
3392 1016 3496 1060 est.
3530 1007 3705 1061 Aude
3733 1009 3812 1061 sis

2189 1103 2415 1159 praetore
2436 1103 2608 1147 tecum
2632 1094 2789 1147 verba
2813 1094 3061 1159 habente,
3083 1094 3191 1149 imo
3212 1097 3293 1150 vel
3308 1097 3483 1150 amico
3502 1098 3811 1167 aliquanto

2188 1181 2516 1249 honestiore,
2562 1198 2628 1237 eo
2669 1184 2871 1238 omisso
2909 1200 3213 1240 sermonem
3258 1194 3404 1240 tuum
3453 1187 3523 1242 ad
3572 1203 3808 1242 servum

2188 1274 2498 1340 transferre,
2530 1289 2592 1328 ac
2630 1283 2742 1328 tum
2787 1274 2993 1330 videbis
3032 1285 3287 1346 quantum
3331 1278 3507 1333 scelus
3557 1279 3804 1345 audeas,

2189 1385 2307 1424 cum
2352 1368 2580 1439 idipsum
2613 1369 2662 1422 in
2693 1369 2856 1423 Deum
2902 1368 3049 1423 facis.
3099 1369 3249 1436 Quod
3281 1372 3325 1425 si
3355 1371 3650 1426 honestior
3702 1373 3807 1425 ali-

2188 1460 2307 1531 quis
2322 1458 2620 1529 hujusmodi
2639 1460 3011 1513 contumeliam
3033 1461 3367 1528 neglecturus
3393 1477 3503 1514 non
3518 1472 3636 1530 est,
3656 1463 3808 1518 Deus

2194 1562 2370 1605 tamen
2423 1549 2611 1605 iisdem
2666 1550 3056 1620 majoribusque
3106 1551 3312 1619 injuriis
3360 1552 3617 1622 pulsatus
3664 1568 3806 1623 qua.

2194 1644 2340 1707 tidie,
2370 1658 2468 1698 nec
2497 1642 2565 1696 ab
2594 1658 2700 1696 uno
2726 1652 2816 1695 aut
2843 1644 3011 1695 altero
3030 1642 3106 1694 vel
3128 1660 3156 1694 a
3188 1642 3357 1696 tribus
3395 1643 3602 1710 solum,
3639 1645 3740 1699 sed
3775 1660 3803 1697 a

2193 1734 2347 1787 nobis
2372 1732 2540 1787 ferme
2560 1732 2897 1799 omnibus,in
2919 1731 3326 1786 mansuetudine
3348 1748 3444 1786 sua
3469 1742 3525 1787 et
3554 1733 3805 1788 toleran-

2194 1825 2264 1878 tia
2291 1834 2627 1895 persevcrat,
2657 1840 2815 1893 quam
2847 1840 2952 1878 non
2979 1824 3152 1878 solum
3178 1824 3432 1879 adversus
3460 1825 3807 1893 istiusmodi,

2193 1918 2289 1973 sed
2319 1928 2374 1973 et
2399 1917 2499 1971 alia
2530 1919 2696 1971 multo
2727 1917 2972 1987 graviora
3002 1926 3302 1971 conservat.
3332 1916 3459 1971 [hcc
3486 1917 3640 1972 enim
3669 1934 3814 1970 eon-

2196 2010 2335 2066 fessa
2364 2019 2419 2065 et
2442 2011 2730 2066 manifesta
2756 2020 2882 2065 Sunt
2907 2011 3103 2065 delicta
3145 2027 3264 2080 quin
3300 2011 3708 2081 propemodum
3742 2014 3815 2067 ab

2197 2103 2446 2159 omnibus
2483 2103 2857 2172 designantur;
2887 2113 3011 2156 sunt
3052 2114 3232 2157 autem
3280 2114 3333 2158 et
3383 2104 3510 2170 alia,
3556 2120 3814 2173 quorum

2196 2197 2451 2267 cujusque
2476 2197 2771 2266 peccatoris
2795 2196 3003 2250 animus
3028 2204 3108 2250 est
3133 2197 3400 2251 conscius.
3422 2196 3581 2264 Quod
3609 2198 3657 2251 si
3684 2197 3815 2253 luce

2196 2290 2374 2344 Omnia
2401 2298 2578 2343 mente
2600 2289 3005 2353 revolverimus,
3023 2288 3232 2343 etiamsi
3253 2286 3503 2343 omnium’
3527 2289 3816 2345 crudelis-

2199 2383 2322 2438 simi
2350 2397 2412 2437 ac
2438 2381 2807 2436 immanissimi
2835 2382 3023 2448 simus,
3051 2381 3210 2436 modo
3238 2381 3644 2436 multitudinem
3676 2398 3816 2451 pec-

2197 2484 2434 2526 catorum
2457 2480 2762 2526 nostrorutn
2782 2471 3198 2536 consideremus,
3233 2486 3341 2541 prae
3361 2481 3505 2525 metu
3528 2480 3585 2526 et
3608 2473 3817 2526 anxie-

2202 2572 2310 2618 tate
2336 2578 2403 2617 ne
2428 2560 2733 2634 meminisse
2758 2561 2975 2630 quidem
3003 2561 3213 2615 vacabit
3251 2571 3601 2627 acceptarum
3651 2560 3813 2628 inju-

2200 2654 2419 2708 riarum.
2442 2652 2745 2707 Recordare
2780 2651 2918 2722 ignei
2945 2650 3112 2719 ﬂuvii,
3135 2652 3331 2706 vermis
3360 2652 3637 2715 venenati,
3669 2652 3814 2705 hor-

2201 2745 2352 2801 rcudi
2395 2745 2600 2815 iudicii,
2635 2744 2688 2799 in
2736 2759 2842 2815 quo
2879 2745 3055 2798 omnia
3083 2744 3222 2799 nuda
3270 2753 3326 2797 et
3349 2751 3533 2812 aperta
3579 2753 3759 2798 ermil
3792 2763 3809 2799 :

2203 2837 2378 2908 cogita
2402 2836 2545 2906 quod
2570 2852 2687 2904 quae
2712 2851 2853 2891 nunc
2877 2837 2932 2890 in
2960 2836 3140 2891 abdito
3168 2836 3354 2902 latent,
3376 2844 3506 2890 tunc
3530 2836 3583 2890 in
3614 2836 3803 2890 lucem

2204 2928 2560 2999 proferentur.
2605 2927 2757 2994 Quod
2786 2927 2831 2982 si
2859 2929 3098 2997 proximo
3138 2927 3408 2982 remiseris
3454 2938 3701 2996 peccata,
3736 2944 3802 2982 ea

2203 3033 2321 3087 qua:
2349 3025 2458 3073 tum
2487 3017 2774 3089 retegenda
2796 3025 2975 3081 erunt,
3003 3032 3144 3072 nunc
3171 3018 3224 3071 in
3256 3017 3360 3072 hoc
3387 3018 3584 3072 sacculo
3610 3017 3805 3074 abole-

2202 3107 2425 3173 buntur,
2453 3107 2731 3178 exibisque
2760 3107 2893 3162 nihil
2923 3118 3096 3162 tecum
3127 3106 3348 3164 trahens
3372 3123 3441 3163 ex
3472 3109 3577 3163 tuis
3602 3125 3804 3179 pecca-

2205 3201 2291 3266 tis,
2322 3200 2457 3255 adeo
2488 3207 2548 3254 ut
2574 3199 2740 3253 multo
2771 3199 2887 3269 plus
2916 3199 3165 3269 recipias,
3197 3216 3354 3269 quam
3379 3199 3595 3254 dedisti.
3625 3200 3800 3256 Multa

2204 3306 2349 3361 saepe
2373 3291 2673 3345 istiusmodi
2706 3290 3046 3361 deliquimus,
3077 3306 3301 3361 quorum
3346 3293 3616 3347 nemiuem
3658 3305 3801 3347 con-

2204 3382 2375 3438 scium
2421 3381 2684 3439 habemus
2713 3398 2726 3435 :
2757 3381 2952 3437 deinde
2976 3397 3094 3437 cum
3123 3383 3416 3452 cogitamus
3440 3384 3583 3453 quod
3613 3400 3683 3439 eo
3704 3385 3800 3440 die

2205 3480 2332 3528 ante
2369 3472 2556 3527 oculos
2608 3472 2844 3527 omnium
2887 3482 3105 3541 peccaui
3154 3485 3335 3528 nostra
3376 3486 3715 3542 exponentur
3743 3477 3798 3530 in

2210 3563 2416 3634 publico
2437 3563 2583 3618 orbis
2606 3572 2867 3618 terrarum
2892 3563 3120 3631 theatro,
3147 3566 3348 3619 tristius
3366 3566 3415 3620 id
3432 3582 3589 3636 quam
3618 3569 3795 3636 ipsum

2207 3657 2780 3726 supplicium,augeute
2808 3672 2907 3711 nos
2931 3666 2987 3712 et
3012 3658 3243 3713 elidente
3270 3660 3622 3727 conscientia,
3643 3661 3794 3715 arbi-

2212 3747 2669 3803 tramur.Tantum
2716 3748 2955 3817 pudoris,
2985 3760 3063 3802 tot
3092 3758 3329 3817 peccata,
3362 3759 3506 3802 tanta
3535 3751 3796 3817 supplicia

2209 3841 2396 3897 eluere
2425 3840 2550 3894 licet
2580 3855 2675 3909 per
2718 3839 3162 3893 condonationem
3203 3839 3421 3892 offensa:
3454 3855 3467 3891 :
3499 3839 3630 3892 nihil
3651 3842 3796 3895 enim

2208 3943 2291 3988 est
2317 3935 2438 3987 huic
2467 3934 2645 3986 virtuti
2674 3933 2897 4002 :equalc.
2934 3932 3022 3986 \‘is
3050 3946 3373 4000 cognoscere
3412 3932 3569 4000 hujus
3610 3934 3753 3989 vires
3772 3938 3797 3987 ἲ

2210 4026 2272 4081 Si
2299 4027 2485 4080 steterit
2514 4025 2735 4094 Moyses,
2763 4034 2810 4078 et
2832 4024 3042 4079 Samuel
3069 4034 3185 4077 ante
3204 4025 3384 4096 facient
3406 4025 3789 4095 meam,inquit,

2209 4134 2310 4171 non
2329 4128 2399 4172 est
2419 4117 2589 4170 anima
2610 4132 2722 4170 mea
2746 4115 2814 4169 ad
2840 4132 2926 4171 eos
2950 4114 3163 4185 (Jerem.
3184 4115 3271 4169 l5.
3292 4115 3366 4186 Ι).
3383 4118 3629 4171 Attamen
3661 4133 3795 4187 quos

2211 4226 2315 4262 non
2345 4217 2627 4277 potuerunt
2653 4208 2860 4279 Moyses
2884 4220 2939 4263 et
2970 4207 3182 4263 Samuel
3222 4209 3433 4277 eripere
3457 4209 3524 4262 ab
3554 4210 3631 4262 ira
3664 4212 3787 4273 Dei,

2213 4301 2368 4370 hujus
2394 4302 2644 4372 praecepti
2672 4300 2971 4355 observatio
3000 4302 3207 4369 eripere
3245 4301 3413 4369 potuit
3441 4318 3456 4355 :
3484 4316 3548 4354 ac
3572 4302 3793 4370 proinde

2213 4393 2323 4446 illis
2367 4393 2558 4462 quibus
2603 4393 2701 4446 ista
2740 4392 2908 4455 dixit,
2950 4392 3164 4445 assidue
3210 4392 3462 4460 prmccpit
3504 4391 3791 4461 inquiens:

2212 4484 2466 4555 Nequitia:
2507 4485 2677 4554 fratris
2717 4485 2864 4538 vestri
2890 4483 3075 4554 singuli
3100 4498 3163 4537 ne
3185 4483 3514 4536 recordemini
3540 4485 3594 4537 in
3620 4486 3790 4537 cordi-

2212 4577 2303 4631 bus
2323 4578 2495 4631 vestm's
2525 4576 2705 4650 (Zacli.
2726 4576 2775 4629 7.
2807 4576 2927 4643 10):
2958 4574 3034 4628 De
3060 4575 3343 4645 malefactis
3369 4577 3588 4645 proximi
3610 4578 3792 4648 singuli

2213 4683 2276 4721 ne
2316 4668 2647 4737 cogitaveritis
2676 4664 2784 4737 (Id.
2816 4666 2869 4720 8.
2896 4666 3006 4736 l7).
3040 4665 3155 4720 Non
3177 4667 3308 4720 dixit
3328 4667 3524 4732 solum,
3545 4667 3788 4733 Remitte,

2213 4756 2327 4823 sed,
2358 4757 2436 4812 Ne
2460 4758 2540 4811 vel
2572 4758 2624 4811 in
2657 4767 2836 4811 mente
2868 4757 3088 4822 habeas,
3121 4772 3190 4812 ne
3208 4758 3428 4828 cogites,
3461 4759 3647 4813 omitte
3676 4762 3790 4813 uni-

2215 4864 2425 4905 versam
2452 4849 2608 4913 iram,
2631 4850 2786 4905 ulcus
2817 4851 2942 4905 tolle
2970 4868 2983 4904 :
3012 4849 3141 4904 dum
3166 4851 3306 4904 enim
3327 4852 3613 4906 vindictam
3641 4855 3789 4907 ador-

2216 4956 2333 5007 nas,
2361 4941 2591 5010 primum
2616 4942 2843 5012 teipsqu
2892 4953 3157 4998 tormento
3198 4942 3387 5009 afficis,
3420 4944 3586 4998 veluti
3612 4946 3653 4999 si
3681 4960 3790 5000 car-

2216 5033 2423 5087 nificem
2470 5033 2604 5087 iram
2652 5035 2743 5089 tibi
2792 5036 3158 5105 apposuisses,
3188 5036 3454 5091 dilaniatis
3499 5048 3587 5091 tua
3632 5040 3786 5109 ipsius

2214 5137 2440 5177 Viscera.

2287 5214 2387 5279 Qui
2430 5215 2558 5268 iram
2602 5232 2705 5269 non
2748 5220 2991 5289 refrenat,
3016 5217 3071 5272 in
3115 5218 3343 5272 cruciatu
3383 5220 3526 5273 civit.
3559 5250 3631 5261 —
3658 5220 3783 5289 Quid

2213 5306 2354 5358 enim
2385 5303 2631 5361 miserius
2656 5307 2871 5362 homine
2899 5307 3112 5363 assidue
3132 5309 3308 5363 irato?
3332 5309 3779 5377 Quemadmodum

2216 5394 2398 5450 furiosi
2426 5413 2710 5467 numquam
2753 5398 3001 5454 fruuntur
3041 5402 3423 5471 tranquillitate
3451 5420 3466 5456 :
3498 5403 3571 5458 ita
3602 5404 3687 5474 qui
3711 5406 3781 5460 si-

2217 5487 2491 5540 multatem
2516 5489 2740 5558 gerit,et
2766 5489 3037 5545 inimicum
3063 5490 3241 5559 habet,
3271 5509 3564 5565 numquam
3602 5494 3773 5550 fruitur

2218 5576 2321 5631 ulla
2347 5590 2496 5648 pace,
2531 5586 2785 5647 perpetuo
2826 5589 3057 5637 :cstuans
3083 5583 3121 5652 ¹,
3158 5592 3631 5655 tempestatemque
3656 5587 3776 5655 cogi-

2283 5686 2306 5722 ⁸
2332 5685 2445 5751 Alii,
2465 5688 2703 5745 incensas.
