3896 6230
203 220 303 278 199

198 341 282 393 λιι
325 338 421 394 τὸν
465 340 743 412 Δεσπότην
783 340 989 411 ἥμερόν
1038 358 1119 393 σοι
1159 341 1412 408 γενέσθαι
1444 343 1539 396 καὶ
1565 344 1760 412 πρᾶον,
1802 343 1879 410 τῷ

182 426 479 499 έσυνυδούλῳ
509 430 802 499 γενόμενος
843 429 1009 492 αὐτὸς
1043 430 1280 499 χαλεπὸς
1326 430 1422 485 καὶ
1455 431 1879 500 ἀσύγγνωστος;

215 514 359 568 Ἀλλ’
388 515 579 587 ῦόρισέ
616 534 675 569 σε
705 519 733 571 6
760 516 1076 583 σύνδουλος;
1106 517 1201 571 καὶ
1238 520 1303 572 σὺ
1338 519 1430 571 τὸν
1479 520 1612 571 Θεὸν
1639 519 1881 589 ὑὸρίζεις

201 602 481 667 πολλάκις.
518 605 629 659 Ποῦ
654 605 710 658 δὲ
742 605 854 658 ἴσον
884 606 1166 669 σύνδουλος
1192 606 1284 660 καὶ
1317 606 1616 677 δεσπότης;
1646 609 1755 660 Καὶ
1780 609 1879 660 αύ-

194 689 293 753 16;
348 691 447 759 μὲν
483 690 602 745 ἔνια
641 693 740 763 μέν
787 711 890 746 που
943 695 1317 765 ἡδικημένοςει
1355 695 1486 757 ἴσως
1533 694 1746 767 ῦϐρισε,
1785 696 1881 749 καὶ

193 779 565 851 παρωξύνθης
583 797 597 811 ·
642 781 707 833 σὺ
736 782 794 834 δέ
823 782 915 835 τὸν
940 783 1218 852 Δεσπότην
1259 782 1523 854 ὑϐρίζεις,
1557 784 1658 837 οὐκ
1681 785 1877 854 ἡδικη-

198 867 363 935 μένος
405 868 528 921 οὐδὲ
570 869 1034 941 ἐπηρεαζόμενος,
1091 871 1206 924 ἀλλ’
1242 871 1705 941 εὐεργετούμενος
1753 871 1876 925 καθ’

193 954 439 1024 ἑκάστην
468 956 563 1008 ὑπ’
590 957 757 1009 αὐτοῦ
804 959 904 1028 τὴν
952 958 1188 1029 ἡμέραν.
1235 960 1523 1030 Ἐννόησον
1567 960 1768 1018 τοίνυν,
1792 962 1875 1013 ὅτι

191 1046 242 1096 εί
281 1043 569 1115 βουληθείη
607 1046 746 1116 μετὰ
776 1047 1064 1117 ἀκριϐείας
1108 1047 1178 1102 τὰ
1215 1050 1296 1111 εἰς
1348 1048 1511 1101 αὑτὸν
1558 1049 1817 1119 γινόμενα
1846 1050 1875 1102 6

188 1132 326 1196 Θεὸς
346 1133 643 1199 ἐξετάζειν,
669 1134 791 1187 οὐδὲ
812 1134 939 1203 μίαν
961 1134 1274 1204 βιωσόμεθα
1297 1136 1645 1207 τὴνήμέραν.
1679 1137 1876 1205 Ἀμαρ-

184 1221 325 1287 ﬂag
366 1222 496 1292 γὰρ,
526 1224 689 1294 φησὶν
715 1224 743 1274 6
772 1224 1079 1293 προφήτης,
1117 1225 1228 1277 ἐὰν
1266 1225 1721 1293 παρατηρήσῃς,
1754 1226 1874 1278 Κύ-

174 1325 301 1376 ριε,
332 1311 424 1376 τίς
451 1312 896 1375 ὐποστήσεται;
924 1312 1037 1364 Καὶ
1075 1312 1162 1365 ἵνα
1194 1312 1354 1385 παρῶ
1388 1312 1455 1366 τὰ
1496 1312 1630 1367 ἄλλα
1666 1314 1868 1378 πάντα,

180 1396 221 1451 ἃ
247 1398 313 1451 τὸ
352 1398 593 1461 συνειδὸς
636 1399 868 1452 ἑκάστου
906 1399 1014 1452 τῶν
1054 1401 1529 1471 άμαρτανόντωνιι
1555 1401 1868 1468 ἐπίσταται,

180 1485 287 1539 καὶ
331 1479 407 1538 ὧν
438 1486 538 1539 οὐκ
568 1485 683 1556 ἔχει
721 1487 1005 1558 μάρτυρας
1046 1488 1388 1560 ἀνθρώπους,
1433 1488 1571 1543 ἀλλὰ
1600 1489 1694 1542 τὸν
1735 1490 1870 1544 Θεὸν

184 1574 376 1643 μόνον,
420 1575 532 1629 τῶν
584 1576 837 1647 φανερῶν
879 1577 1086 1630 τούτων
1147 1578 1241 1630 καὶ
1305 1577 1747 1648 ὡμολογημένων
1799 1578 1869 1633 ἂν

178 1663 591 1733 ἀπαιτηθῶμεν
619 1664 796 1732 λόγον,
833 1664 991 1718 ποίαν
1023 1667 1081 1717 ἐν
1133 1664 1347 1727 τούτοις
1391 1663 1589 1736 ἕξομεν
1623 1665 1872 1733 συγγνώ-

180 1769 333 1822 μην;
372 1754 471 1805 ’Ἂν
502 1751 731 1823 ἐξετάσῃ
762 1753 859 1823 τὴν
891 1752 1162 1824 ῥᾳθυμίαν
1204 1753 1363 1825 ἡμῶν
1395 1752 1495 1825 τὴν
1525 1755 1584 1805 ἐν
1629 1756 1749 1816 ταῖς
1779 1754 1870 1807 εὐ-

170 1842 328 1909 χαῖς,
364 1840 458 1892 καί¹
485 1839 585 1910 τήν
612 1839 925 1910 ὀλιγωρίαν,
953 1842 1048 1893 καὶ
1085 1841 1168 1893 ὅτι
1191 1840 1498 1912 ἔμπροσθεν
1525 1840 1660 1894 Θεοῦ
1694 1842 1868 1896 ἐστῶ-

170 1945 275 1990 τες
296 1928 391 1981 καὶ
420 1927 868 1999 παρακαλοῦντες
897 1929 1080 1993 αὑτὸν,
1105 1930 1226 1982 οὐδέ
1247 1929 1515 2000 τοσαύτην
1540 1930 1690 2001 αὐτῷ
1721 1949 1870 2003 παρα

173 2012 382 2084 έχομεν
429 2014 563 2068 αίδῶ
590 2016 685 2068 καὶ
714 2014 879 2086 τιμὴν
897 2055 913 2080 ,
957 2016 1090 2088 ὅσην
1123 2019 1237 2080 τοῖς
1261 2016 1549 2080 δεσπόταις
1578 2019 1627 2071 οί
1662 2017 1862 2083 δοῦλοι,

171 2104 316 2175 ὅσην
364 2105 479 2165 τοῖς
518 2105 780 2175 ἄρχουσιν
825 2105 876 2157 οί
931 2103 1286 2175 στρατιῶται,
1321 2106 1581 2176 ὅσηντοῖς
1606 2104 1782 2174 φίλοις
1811 2106 1863 2159 οἱ

173 2190 328 2259 φίλοι
350 2209 363 2257 ;
389 2192 532 2262 Φίλῳ
563 2193 661 2263 μὲν
699 2192 809 2262 γὰρ
834 2192 1218 2264 διαλεγόμενος
1250 2193 1388 2261 μετά
1434 2193 1530 2246 τοῦ
1573 2195 1863 2266 προσέχειν

170 2278 340 2333 τοῦτο
370 2283 565 2344 ποιεῖς,
589 2280 710 2352 Θεῷ
749 2281 807 2333 δὲ
857 2281 1204 2350 ἐντυγχάνων
1239 2281 1379 2351 ὑπὲρ
1421 2281 1859 2352 ἁμαρτημάτων,

174 2367 322 2439 ὕτὲρ
348 2367 844 2439 πλημμελημάτων
864 2369 1136 2421 τοσούτων
1165 2367 1513 2439 συγχώρησιν
1539 2367 1731 2432 αἰτῶν,
1766 2370 1862 2422 καὶ

173 2455 512 2528 συγγνώμην
530 2456 698 2522 ἀξιῶν
731 2475 813 2510 σοι
839 2458 1116 2526 γενέσθαι,
1150 2456 1413 2529 ῥᾳθυμεῖς
1455 2457 1734 2523 πολλάκις,
1766 2459 1861 2511 καὶ

166 2540 287 2595 τῶν
310 2542 555 2610 γονάτων
585 2559 678 2597 σου
716 2544 891 2614 χαμαὶ
923 2541 1216 2614 κειμένων,
1243 2542 1510 2613 πολλαχοῦ
1536 2543 1637 2614 τῆς
1652 2545 1860 2613 ἀγορᾶς

166 2629 274 2683 καὶ
300 2630 400 2701 τῆς
433 2631 612 2695 οίκίας
633 2630 940 2685 πλανᾶσθαί
960 2648 1054 2684 σου
1082 2630 1182 2702 τὴν
1201 2630 1440 2684 διάνοιαν
1461 2631 1580 2694 ἐᾷς,
1607 2631 1701 2685 τοῦ
1737 2631 1862 2685 στό-

172 2717 352 2786 ματός
399 2735 493 2772 σου
527 2716 827 2791 ληροῦντος
876 2718 1003 2789 εἰκῆ
1047 2718 1144 2771 καὶ
1189 2717 1400 2789 μάτην·
1432 2720 1528 2772 καὶ
1556 2718 1715 2772 τοῦτο
1760 2719 1858 2790 οὐχ

166 2804 326 2870 ἅπαξ
345 2807 466 2860 οὐδὲ
494 2807 597 2870 δίς,
625 2806 763 2861 ἀλλὰ
790 2809 887 2860 καὶ
909 2806 1171 2870 πολλάκις
1201 2805 1508 2878 πάσχομεν.
1555 2809 1652 2861 Ἂν
1674 2809 1856 2863 τοίνυν

163 2888 333 2944 τοῦτο
353 2891 514 2962 μόνον
530 2892 782 2959 ἐξετάσαι
803 2892 1006 2964 θελήσῃ
1035 2893 1063 2944 6
1079 2890 1230 2957 Θεὸς,
1256 2887 1366 2963 ἆρα
1396 2891 1594 2961 ἕξομεν
1611 2892 1857 2961 συγγνώ-

168 2986 307 3050 μηνς
326 2974 434 3050 ἆρα
449 2980 792 3051 δυνησόμεθα
807 2979 1105 3048 ἀπολογίας
1119 2982 1322 3050 τυχεῖν;
1347 2979 1462 3032 Οὐκ
1483 2978 1661 3048 ἔγωγε
1677 2975 1850 3051 οἶμαι.

244 3065 313 3136 β’.
333 3067 399 3120 Τί
424 3066 501 3132 δὲ,
519 3067 586 3121 ἂν
609 3067 710 3132 τὰς
738 3066 1105 3139 κακηγορίας,
1124 3067 1191 3132 ἀς
1216 3069 1338 3122 καθ’
1372 3069 1613 3141 ἑκάστην
1638 3070 1853 3142 ἡμέραν

158 3153 438 3227 ἀλλήλους
464 3154 713 3237 λέγομεν
747 3155 957 3221 κακῶς,
986 3156 1068 3219 είς
1087 3156 1252 3227 μέσον
1281 3158 1607 3228 παραγάγῃ,
1642 3159 1854 3224 καὶτὰς

162 3241 386 3312 κρίσεις
432 3242 532 3307 τὰς
559 3243 691 3298 άκαί
699 3260 846 3315 ρους,
877 3245 933 3297 ἐν
954 3237 1044 3308 αἷς
1071 3245 1477 3314 κατακρίνομεν
1499 3246 1593 3298 τὸν
1624 3246 1854 3316 πλησίον

162 3329 324 3383 οὐδὲν
353 3328 570 3401 ἔχοντες
599 3332 856 3401 πρᾶγμα,
886 3330 1026 3385 ἀλλά
1050 3330 1311 3400 φιλαίτιοί
1338 3331 1487 3405 [201]
1532 3350 1679 3395 τινες
1701 3333 1856 3398 ὄντες

165 3418 265 3470 καὶ
318 3417 701 3489 μεμψίμοιροι,
737 3417 789 3471 τί
859 3418 1205 3490 δυνησόμεθα
1255 3419 1704 3490 ἀπολογήσασθαι
1755 3423 1852 3475 καὶ

165 3506 378 3571 εἰπεῖν;
420 3507 518 3559 Ἂν
549 3507 605 3560 δὲ
631 3506 732 3570 τὰς
760 3507 1089 3578 περιέργους
1118 3507 1277 3580 ἡμῶν
1298 3508 1451 3578 ὅψεις
1476 3510 1729 3581 ἐξετάσῃ,
1754 3511 1854 3564 καὶ

162 3593 269 3658 τὰς
303 3594 551 3666 πονηράς
586 3595 905 3666 ἐπιθυμίας,
929 3594 996 3660 ἃς
1022 3596 1221 3667 ἔχομεν
1254 3598 1312 3650 ἐν
1333 3596 1561 3669 διανοίᾳ,
1593 3598 1851 3663 πολλάκις

162 3683 430 3754 αἰσχροὺς
468 3684 565 3736 καὶ
602 3682 950 3755 ἀκαθάρτους
996 3684 1384 3755 ἀναδεχόμενοι
1417 3685 1712 3756 λογισμοὺς
1742 3687 1851 3740 ἀπὸ

159 3770 264 3839 τῆς
295 3769 654 3836 άνεξετάστου
676 3770 789 3823 τῶν
817 3769 1113 3841 ὀφθαλμῶν
1145 3772 1375 3843 πλάνης,
1408 3773 1583 3844 πόσην
1613 3775 1852 3846 ὑποστη-

165 3857 377 3927 σόμεθα
426 3857 618 3928 δίκην;
654 3858 766 3928 Τῆς
798 3858 856 3911 δὲ
886 3858 1155 3930 λοιδορίας
1183 3862 1332 3930 ἡμᾶς
1358 3862 1424 3913 ἂν
1446 3862 1726 3934 ἀπαιτήσῃ
1756 3863 1848 3916 λό-

163 3961 262 4012 γον
295 3943 431 4015 (Ὂς
457 3945 655 4015 γὰρᾶν
675 3947 838 4015 εἴπῃ,
875 3946 1128 4018 φησ“ι,τῷ
1158 3948 1400 4018 ἀδελφῷ
1432 3950 1847 4019 αὐτοῦ,Μωρὲ,

160 4034 385 4102 ἔνοχος
412 4035 587 4088 ἔσται
608 4038 696 4101 είς
722 4034 837 4103 τὴν
863 4036 1119 4105 γέενναν
1145 4037 1250 4090 τοῦ
1283 4037 1516 4107 πυρὸς),
1552 4035 1661 4111 ἆρα
1689 4041 1848 4112 δυνη-

162 4122 379 4193 σόμεθα
414 4123 600 4195 διᾶραι
624 4124 686 4177 τὸ
722 4125 933 4195 στόμα;
965 4126 999 4196 ἢ
1030 4128 1193 4196 χᾶναι
1221 4127 1318 4196 μὲν
1340 4127 1551 4199 ὄλως,ή
1589 4128 1785 4200 μικρὸν
1811 4128 1843 4201 ἦ

165 4210 314 4281 μέγα
333 4229 389 4265 τι
411 4212 547 4283 πρὸς
577 4212 735 4265 τοῦτο
763 4214 939 4265 εἰπεῖν
962 4231 977 4279 ;
1000 4214 1110 4276 Τὰς
1136 4215 1190 4267 δὲ
1208 4215 1532 4281 κενοδοξίας,
1552 4216 1617 4281 ἃς
1639 4219 1846 4288 ὑπομέ-

159 4316 330 4370 νομεν
364 4299 464 4352 ,καὶ
518 4300 805 4370 εὐχόμενοι
838 4301 931 4354 καὶ
964 4302 1316 4371 νηστεύοντες
1344 4304 1439 4356 καὶ
1471 4304 1844 4375 ἐλεημοσύνην

158 4388 474 4452 ποιοῦντες,
516 4389 582 4441 ἂν
609 4388 976 4457 ἐξετάσωμεν,
1020 4389 1081 4440 οὐ
1130 4390 1270 4459 λέγω
1296 4392 1324 4442 6
1352 4390 1504 4454 Θεὸς,
1538 4392 1652 4445 ἀλλ’
1678 4395 1844 4462 ἡμεῖς

158 4476 390 4529 aia-c010:
420 4464 825 4547 ἡμαρτηκότες,
854 4471 964 4546 ἆρα
1007 4473 1351 4544 δυνησόμεθα
1376 4476 1456 4539 εἰς
1484 4476 1577 4530 τὸν
1611 4479 1841 4549 οὐρανὸν

159 4563 500 4632 ἀναβλέψαω
534 4564 673 4626 Τοὺς
696 4564 753 4616 δὲ
768 4563 974 4626 δόλους,
998 4561 1092 4626 οὒς
1121 4563 1244 4615 κατ’
1270 4562 1515 4633 ἀλλήλων
1538 4565 1839 4636 ῥάπτομεν,

158 4650 257 4703 νῦν
290 4651 390 4721 μέν
418 4653 662 4724 παρόντα
694 4649 1044 4714 ἐπαινοῦντες
1068 4651 1162 4704 τὸν
1195 4650 1445 4719 ἀδελφὸν.
1475 4653 1567 4705 καὶ⁹
1602 4653 1678 4717 ὡς
1704 4653 1843 4724 φίλῳ

158 4738 562 4809 διαλεγόμενοι,
596 4740 803 4793 ἀπόντα
829 4739 887 4792 δὲ
928 4738 1361 4810 κατηγοροῦντες
1375 4751 1418 4806 ο,
1463 4735 1572 4811 ἆρα
1601 4741 1844 4812 ὑποστη-

160 4825 376 4898 σόμεθα
402 4825 504 4889 τὰς
536 4827 676 4896 ὑπὲρ
706 4826 912 4880 τούτων
954 4826 1234 4892 κολάσεις;
1267 4826 1333 4880 Τί
1359 4826 1418 4880 δὲ
1447 4828 1577 4892 τοὺς
1607 4828 1839 4898 ὃρκους;

157 4914 294 4968 τίδὲ
333 4914 396 4967 τὸ
433 4913 661 4984 ψεῦδοςς
703 4915 763 4966 ’τί
791 4914 847 4968 δέ
869 4913 966 4978 τάς
1004 4914 1307 4984 ἐπιορκίας,
1338 4915 1466 4977 τοὺς
1494 4915 1714 4978 ἀδίκους
1745 4917 1841 4970 θυ-

161 5002 324 5073 μοὺς,
357 5000 459 5072 τὴν
498 5001 819 5071 βασκανίαν,
848 5001 915 5071 ἢν
951 5001 1318 5071 βασκαίνομεν
1337 5001 1601 5065 πολλάκις
1626 5003 1839 5057 εὐδοκι-

162 5085 383 5157 μοῦσιν,
409 5086 510 5138 οὐκ
535 5085 746 5157 ἐχθροῖς
771 5085 952 5155 μόνον,
983 5084 1122 5138 άλλά
1148 5086 1245 5138 καὶ
1274 5085 1477 5155 φίλοις;
1500 5087 1596 5140 καὶ
1619 5087 1703 5140 ὅτι
1722 5088 1845 5158 ἡδό-

160 5173 308 5243 μεθα
333 5174 652 5242 πασχόντων
674 5175 876 5245 ἐτέρων
910 5174 1115 5240 κακῶς,
1142 5175 1235 5228 καὶ
1257 5174 1551 5245 νομίζομεν
1581 5192 1842 5247 παραμυ-

157 5262 284 5317 θίαν
308 5261 414 5331 τῆς
441 5260 651 5325 οἰκείας
692 5263 974 5333 συμφορᾶς
1012 5261 1112 5324 τὰς
1139 5261 1426 5331 ἀλλοτρίας
1458 5263 1833 5335 δυσημερίας;

226 5352 273 5403 Τ
276 5350 347 5420 ἧς
379 5349 436 5403 δέ
471 5351 531 5404 ἐν
568 5352 692 5415 ταῖς
736 5349 987 5415 συνάξεσι
1036 5350 1309 5422 ῥᾳθυμίας
1339 5350 1406 5404 ἂν
1433 5351 1714 5431 ἀπαιτήσῃ
1740 5354 1839 5417 τὰς

153 5439 414 5502 εὐθύνας,
434 5438 488 5490 τί
513 5436 579 5493 ἂν
602 5441 900 5511 πάθοιμεν;
922 5437 1066 5493 ’Ἱστε
1088 5439 1198 5509 γὰρ
1216 5439 1388 5509 δήπου
1404 5439 1582 5506 τοῦτο,
1606 5441 1687 5494 ὅτι
1711 5441 1841 5495 πολι

152 5523 316 5591 λάκις
349 5528 519 5582 αὑτοῦ
553 5530 649 5583 τοῦ
689 5530 824 5583 Θεοῦ
859 5529 1249 5599 διαλεγομένου
1280 5529 1418 5600 πρὸς
1443 5529 1657 5591 πάντας
1688 5529 1837 5600 ἡμᾶς

215 5653 246 5683 ⁸
271 5652 426 5701 Savil.
450 5652 533 5700 καὶ
555 5651 692 5709 οὗτος
735 5670 818 5716 μεν
843 5652 991 5702 ἐνίοτε
1012 5654 1093 5702 καὶ
1132 5655 1261 5712 ἠδικ.
1304 5652 1460 5705 Paulo
1495 5655 1607 5714 post
1636 5651 1725 5703 alii
1746 5653 1836 5702 οὐκ

154 5715 474 5789 quam?“
484 5716 593 5789 ούδὲ
611 5716 1036 5789 περιεργοιζὸμενοςτ

212 5779 244 5845 r3
268 5768 660 5845 ξεινιιξξέκάστου
676 5768 1160 5845 τῶνάμαρτςημάτων.

216 5842 242 5871 ο
264 5838 418 5888 Sam.
442 5841 492 5890 in
514 5852 666 5899 marg.
695 5838 1086 5901 κακηγοροῦντες.

1154 222 1244 279 AD
1283 223 1615 282 POPULUM
1658 226 2162 285 ANTIUCIIENUM
2230 230 2467 290 IIOMIL.
2509 235 2631 295 ΧΧ.

1986 344 2074 447 διὰ
2096 346 2190 399 τοῦ
2220 351 2528 447 προφήτου,
2580 353 2810 447 πολλοὺς
2840 357 2932 447 καί
2967 364 3209 433 μακροὺς
3246 367 3377 439 πρὸς
3407 372 3498 425 τὸν
3522 375 3667 447 πλη-

1986 431 2100 484 σίον
2128 435 2432 505 ποιούμεθα
2458 437 2652 508 λόγους
2691 443 2818 515 περὶ
2849 444 2959 498 τῶν
2997 431 3151 503 οὐδὲν
3184 431 3318 522 ἡμῖν
3354 431 3667 531 6:903:16;-

1982 532 2111 621 των.
2268 524 2451 621 τοίνυν
2477 526 2658 621 πάντα
2678 533 2875 621 παρεὶς
2898 534 2965 588 τὰ
2982 535 3117 591 ἄλλα
3137 521 3343 612 ταύτης
3360 521 3462 613 τῆς
3481 521 3665 621 ἀμαρ-

1981 604 2101 702 τίας
2133 605 2334 702 θελήσῃ
2350 611 2507 702 δίκην
2529 615 2833 688 ἀπαιτῆσαι
2863 623 3029 693 ἡμᾶς,
3062 626 3191 681 ποία
3212 604 3486 702 σωτηρίας
3508 604 3662 693 ἐσται

1981 690 2116 794 ἡμῖν
2144 694 2327 794 ἐλπίςξ
2345 697 2684 794 γ-ἀρλδὴ
2731 690 2926 779 μικρὸν
2957 707 3101 765 εἶναι
3130 690 3446 788 νομίσῃξτὸ
3470 690 3659 794 πλημέ

1985 779 2236 877 μέλημα’
2276 785 2392 877 ἀλλ’
2421 790 2470 877 εί
2507 790 2687 860 βούλει
2716 795 2776 847 τὸ
2821 797 3049 865 μέγεθος
3084 802 3248 856 αὑτοῦ
3284 779 3542 877 κατιδεῖν,
3571 779 3660 866 ἐπ’

1982 866 2338 938 ἀνθρώπωνά
2373 875 2507 928 αὐτὸ
2537 878 2697 932 τοῦτο
2750 882 3021 951 ἐξέτασον,
3079 890 3173 942 καὶ
3228 893 3349 946 τότε
3401 866 3658 970 ὀψείτῆς

1978 955 2256 1053 ἁμαρτίας
2375 963 2622 1053 μέγεθος.
2655 969 2937 1041 Τόλμησον
2961 973 3223 1044 ἄρχοντος
3249 980 3385 1050 πρὸς
3411 955 3468 1035 σέ
3485 955 3657 1053 φθεηίξ

1977 1044 2231 1143 γομένου,
2268 1049 2468 1143 μᾶλλον
2500 1052 2557 1104 δέ
2589 1055 2745 1143 φίλου
2776 1056 2920 1122 τινὸς
2952 1062 3060 1115 τῶν
3088 1064 3252 1136 ὀλίγῳ
3282 1044 3647 1143 σεμνοτέρων,

1978 1131 2141 1199 ἀφεὶς
2170 1135 2336 1188 αὑτὸν
2377 1139 2514 1208 πρὸς
2550 1142 2641 1194 τὸν
2673 1146 2890 1217 οἰκέτην
2924 1148 3269 1219 διαλέγεσθαι
3309 1158 3399 1211 τὸν
3431 1131 3652 1227 σαυτοῦ,

1974 1219 2070 1270 καὶ
2102 1221 2222 1273 τότε
2245 1223 2365 1292 ὄψει
2399 1228 2587 1296 ἡλίκον
2616 1232 2821 1304 τολμᾷς
2853 1236 2948 1288 ἐπὶ
2972 1238 3069 1291 τοῦ
3106 1240 3241 1293 Θεοῦ
3270 1244 3431 1298 τοῦτο
3457 1248 3649 1303 ποιῶν.

1988 1306 2112 1405 Ἐὰν
2136 1309 2296 1405 γάρῃ
2322 1330 2408 1376 τις
2443 1315 2552 1405 τῶν
2587 1323 3068 1405 περιφανεστέρων
3105 1328 3331 1392 ἐκεῖνος,
3374 1332 3469 1385 καὶ
3496 1334 3652 1405 δίκην

1975 1408 2035 1444 σε
2087 1395 2366 1471 ἀπαιτήσῃ
2419 1402 2522 1472 τῆς
2574 1404 2821 1477 ὕϐρεωςο
2868 1409 2985 1463 ἀλλ’
3034 1412 3063 1464 6
3108 1414 3239 1477 Θεὸς
3271 1407 3524 1474 ’τοσαῦτα
3556 1395 3652 1476 κάὶ

1973 1479 2199 1581 πλείονα
2220 1486 2427 1581 τούτων
2469 1492 2589 1581 καθ’
2613 1496 2854 1568 ἐκάστην
2895 1499 3252 1570 ὑϐριζόμενος
3280 1506 3378 1577 τὴν
3407 1509 3643 1581 ἡμέραν,

1971 1568 2041 1669 οὐ,
2068 1572 2200 1642 παρ’
2238 1574 2378 1669 ἐνὸς,
2403 1579 2495 1669 καὶ
2516 1579 2628 1669 δύο,
2662 1585 2757 1669 καὶ
2777 1586 2946 1656 τριῶν
2971 1568 3074 1640 -άνθ
3081 1568 3300 1659 ρώπων,
3334 1568 3473 1648 ἀλλά
3494 1568 3648 1669 παρά

1970 1658 2191 1712 πάντων
2227 1663 2411 1732 σχεδὸν
2429 1667 2604 1736 ἡμῶν,
2626 1666 2872 1737 ἀνέχεται
2897 1675 2992 1727 καὶ
3027 1658 3373 1750 μακροθυμεῖ
3424 1685 3519 1738 καὶ
3546 1658 3648 1739 οῦκ

1967 1746 2061 1839 ἐπὶ
2080 1747 2500 1839 τούτο-ιςλμόνον,
2535 1753 2672 1808 ἀλλὰ
2694 1758 2788 1811 καὶ
2818 1760 2903 1827 ἐφ’
2930 1746 3153 1833 ἑτέροις
3186 1746 3366 1837 πολλῷ
3399 1770 3648 1839 χαλεπω-

1965 1830 2164 1921 τέροις.
2204 1835 2389 1888 Ταῦτα
2421 1838 2518 1908 μὲν
2543 1839 2652 1912 γάρ
2684 1844 2803 1896 ἐστι
2842 1845 2909 1899 τὰ
2939 1830 3349 1921 ὡμολογημένα.
3382 1830 3478 1907 καὶ
3509 1859 3646 1911 πᾶσι

1965 1919 2122 2007 δῆλα,
2155 1924 2250 1975 καὶ
2281 1924 2386 1978 ὑπὸ
2422 1928 2640 1981 πάντων
2687 1931 2874 2001 σχεδὸν
2921 1919 3246 2007 τολμώμενα
3269 1957 3282 1970 ·
3308 1939 3423 1994 ἔστι
3459 1943 3516 1995 δὲ
3550 1946 3646 1999 καὶ

1964 2005 2151 2078 ἕτερα,
2182 2011 2327 2081 ἅπερ
2361 2013 2423 2066 τὸ
2451 2014 2558 2069 τῶν
2598 2018 3022 2089 ἁμαρτανόντων
3059 2005 3299 2092 συνειδὸς
3343 2025 3513 2084 οἶδεν·
3545 2033 3643 2087 ἐὰν

1965 2094 2184 2152 ἅπαντα
2219 2099 2394 2153 ταῦτα
2420 2103 2765 2176 ἐννοήσωμεν
2787 2117 2811 2145 ο
2841 2109 2936 2161 καὶ
2970 2112 3108 2182 πρὸς
3137 2116 3364 2181 ἑαυτοὺς
3387 2118 3638 2188 ἀναλογι-

1965 2183 2209 2255 σώμεθα,
2241 2186 2345 2239 κᾶν
2373 2189 2632 2243 ἁπάντων
2659 2185 2809 2262 ὦμεν
2839 2194 3106 2268 ὠμότεροι
3136 2203 3227 2254 καὶ
3259 2183 3640 2277 ἀπῑνέστεροι,

1961 2270 2022 2324 τὸ
2036 2269 2247 2361 ,πλῆθος
2257 2273 2365 2327 τῶν
2376 2275 2657 2348 ἁμαρτιῶν
2669 2281 2823 2354 ἡμῶν
2835 2283 3009 2355 σκοπή
3018 2302 3226 2351 σαντες,
3237 2287 3344 2343 ἀπὸ
3357 2289 3450 2343 τοῦ
3472 2269 3642 2361 φόϐου

1961 2359 2056 2412 καὶ
2099 2360 2200 2430 τῆς
2231 2362 2475 2429 ἀγωνίας
2509 2365 2629 2417 οὐδὲ
2667 2368 2973 2439 μνησθῆναι
3017 2374 3118 2444 τῆς
3166 2377 3295 2445 παρ’
3324 2359 3529 2449 ἐτέρῴν
3560 2383 3643 2447 είς

1961 2447 2110 2542 ἡμᾶς
2150 2451 2529 2542 γεγενημένης
2579 2453 2791 2542 ῦόρεως
2817 2458 3183 2529 δυνησόμεθα.
3236 2447 3643 2542 Ἀναμνήσθητι

1959 2532 2054 2586 τοῦ
2086 2535 2333 2605 ποταμοῦ
2353 2537 2448 2589 τοῦ
2482 2540 2676 2610 πυρὸς,
2715 2543 2807 2595 τοῦ
2834 2544 3120 2616 σκώληκος
3142 2548 3236 2601 τοῦ
3279 2532 3509 2617 ἰοϐόλου,
3536 2532 3641 2627 τίῆς

1961 2620 2204 2716 φοϐερᾶς
2250 2623 2508 2716 κρίσεως,
2546 2627 2669 2716 καθ’
2697 2629 2764 2699 ἢν
2799 2630 3019 2687 ἅπαντα
3045 2636 3230 2705 γυμνά
3262 2639 3355 2692 καὶ
3384 2620 3644 2716 τετραχη-

1958 2709 2216 2778 λισμέναο
2251 2711 2525 2782 ἐννόησον,
2554 2715 2639 2768 ὅτι
2685 2717 2753 2769 τὰ
2793 2721 3149 2791 κρυπτόμενα
3172 2722 3269 2778 νῦν
3302 2709 3639 2783 ἐκκαλύπτελ

2069 2798 2217 2887 τότε.
2249 2799 2347 2852 Ἂν
2372 2799 2553 2854 τοίνυν
2582 2804 2729 2874 ἀφῇς
2758 2806 2837 2877 τῷ
2862 2807 3089 2880 πλησίον
3116 2810 3185 2864 τά
3233 2813 3455 2887 άμαρτή
3466 2834 3634 2887 ματα,

1961 2881 2114 2958 [202]
2143 2886 2286 2959 άπερ
2316 2889 2761 2945 ἐκκαλύπτεσθαι
2795 2894 2978 2963 μέλλει
3024 2900 3164 2963 τότε,
3195 2881 3366 2954 ταῦτα
3400 2881 3641 2960 ἐνταῦθα

1958 2974 2291 3061 ἀφανίζεται
2325 2977 2526 3042 πάντα,
2579 2980 2675 3032 καὶ
2721 2980 2997 3055 ἀπελεύσῃ
3032 2986 3201 3056 μηδὲν
3245 2989 3642 3061 ἐπισυρόμενος

1955 3054 2031 3115 ὧν
2064 3062 2517 3134 ἐπλημμέλησας,
2559 3065 2701 3119 ὥστε
2762 3054 2993 3138 μείζονα
3038 3054 3362 3143 λαμϐάνεις,

1957 3148 2064 3203 Καὶ⁵
2102 3150 2212 3222 γὰρ
2242 3151 2415 3239 πολλά
2449 3153 2710 3239 πολλάκις
2743 3158 3149 3229 ἡμαρτήκαμεν
3182 3163 3424 3230 τοιαῦτα,
3460 3164 3497 3219 ἂ
3531 3183 3639 3239 μη-

1955 3239 2065 3301 δεὶς
2094 3240 2280 3311 ἕτερος
2311 3237 2486 3294 οἶδενο
2525 3237 2645 3295 εἶτα
2676 3244 2986 3310 ἐννοοῦντες
3010 3250 3090 3301 ὅτι
3122 3253 3264 3305 κατὰ
3298 3253 3398 3323 τὴν
3424 3237 3640 3326 ἡμέραν

1946 3327 2173 3398 ἐκείνην
2203 3329 2310 3399 πρὸ
2353 3329 2461 3382 τῶν
2496 3329 2793 3400 ὀφθαλμῶν
2827 3334 3082 3388 ἁπάντων
3108 3342 3351 3393 κείσεται
3373 3342 3536 3412 ἡμῶν
3564 3344 3637 3398 τὰ

1954 3417 2330 3489 ἁμαρτήματα
2371 3419 2429 3471 ἐν
2456 3419 2537 3489 τῷ
2575 3420 2739 3491 κοινῷ
2778 3422 2879 3491 τῆς
2915 3425 3245 3498 οίκουμένης
3273 3429 3508 3503 θεάτρῳ,
3534 3433 3637 3503 τῆς

1953 3506 2229 3569 κολάσεως
2252 3506 2633 3580 χαλεπώτερον
2673 3509 2968 3580 ἀλγοῦμεν,
3002 3514 3319 3586 πνιγόμενοι
3344 3520 3438 3572 καὶ
3466 3522 3633 3591 ἀγχό-

1957 3612 2107 3666 μενοι
2140 3594 2219 3665 τῷ
2256 3596 2538 3651 συνειδότι.
2587 3598 2748 3652 Ἀλλὰ
2798 3599 2897 3671 τὴν
2950 3603 3222 3676 τοσαύτην
3250 3607 3536 3680 αἰσχύνην,
3564 3608 3637 3664 τὰ

1950 3684 2189 3737 τοσαῦτα
2219 3685 2614 3757 ἁμαρτήματα,
2637 3686 2736 3758 τὴν
2762 3689 3036 3760 τοσαύτην
3064 3692 3291 3745 κόλασιν
3321 3694 3469 3749 ἐστιν
3497 3698 3636 3751 ἀποο

1950 3772 2209 3848 νίψασθαι
2263 3773 2353 3826 διὰ
2402 3774 2501 3844 τῆς
2546 3777 2627 3837 είς
2664 3775 2754 3828 τὸν
2785 3776 3014 3844 πλησίον
3057 3783 3487 3852 συγχωρήσεωςο
3536 3787 3633 3840 καὶ

1948 3861 2058 3932 γάρ
2085 3862 2239 3914 οὐδὲν
2271 3860 2477 3931 ταύτης
2512 3862 2625 3914 ἴσον
2673 3864 2791 3915 ἐστὶ
2837 3863 2939 3931 τῆς
2966 3866 3183 3937 ἀρετῆς.
3220 3868 3410 3922 Βούλει
3440 3871 3633 3940 μαθεῖν

1953 3950 2161 4020 ταύτης
2211 3949 2312 4018 τῆς
2361 3950 2564 4019 ἀρετῆς
2594 3950 2694 4019 τὴν
2744 3950 3003 4020 δύναμιν;
3055 3953 3189 4006 Ἐὰν
3216 3954 3336 4023 στῇ
3366 3958 3632 4027 Μωῦσῆς

1948 4038 2048 4092 καὶ
2075 4038 2377 4107 Σαμουὴλ,
2415 4040 2567 4108 φησι,
2601 4039 2713 4105 πρὸ
2738 4038 3063 4105 προσώπου
3084 4059 3223 4109 μου,
3255 4046 3365 4097 οὐκ
3392 4046 3565 4101 ἐστιν
3588 4048 3628 4117 ἡ

1947 4125 2117 4194 ψυχή
2166 4144 2286 4194 μου
2317 4126 2467 4191 πρὸς
2499 4127 2745 4190 αὐτούς.
2797 4126 2936 4178 Ἀλλ’
2967 4129 3116 4198 ὅμως
3145 4127 3234 4192 οὓς
3263 4130 3363 4183 οὐκ
3398 4132 3633 4201 ἠδύνατο

1951 4214 2194 4282 Μιυῦσῆς
2226 4214 2321 4266 καὶ
2360 4213 2614 4285 Σαμουὴλ
2642 4213 2954 4283 ἐξαρπάσαι
2994 4216 3091 4286 τῆς
3132 4217 3304 4287 ὀργῆς
3334 4218 3428 4272 τοῦ
3466 4220 3627 4286 Θεοῦ,

1947 4299 2084 4371 αῦτη
2120 4300 2353 4370 ἡδύνατο
2389 4301 2697 4368 ἐξαρπάσαι
2724 4303 2754 4371 ἡ
2786 4302 2970 4372 ἐντολή
2999 4320 3012 4331 ·
3057 4303 3146 4356 διὰ
3182 4304 3339 4358 τοῦτο
3374 4307 3626 4375 ἐκείνοις,

1947 4381 2028 4450 οἷς
2059 4387 2231 4441 ταῦτα
2264 4381 2407 4451 εἷπε,
2445 4388 2683 4457 συνεχῶς
2714 4389 3108 4459 παρεκελεύετο
3140 4391 3342 4459 λέγων·
3396 4396 3631 4448 Κακίαν

1943 4474 2200 4540 ἕκαστος
2225 4474 2304 4541 τῷ
2332 4476 2574 4543 ἀδελφῷ
2599 4477 2786 4530 αὐτοῦ
2803 4477 2890 4545 μὴ
2911 4481 3358 4546 μνησικακείτω
3390 4482 3461 4534 ἐν
3494 4483 3628 4551 ταῖς

1944 4563 2215 4630 καρδίαις
2241 4561 2408 4630 ὑμῶν
2427 4578 2440 4591 ’
2477 4563 2591 4623 καὶ,
2623 4563 2742 4629 Τὴν
2758 4566 2976 4617 κακίαν
2997 4565 3101 4618 τοῦ
3135 4567 3407 4633 πλησίον
3435 4570 3627 4624 αὑτοῦ

1943 4649 2298 4718 ἕκαστοςμή
2327 4647 2671 4718 λογιζέσθω.
2696 4652 2808 4703 Οὐκ
2834 4649 3009 4713 εἶπεν,
3030 4653 3221 4719 Ἄφες,
3248 4653 3431 4722 μόνον,
3463 4654 3624 4724 ἀλλὰ,

1943 4736 2093 4807 Μηδὲ
2121 4736 2212 4806 ἔχε
2233 4738 2290 4790 ἐν
2320 4736 2550 4808 διανοίᾳ,
2587 4737 2719 4808 μηδέ
2735 4737 2973 4806 λογίζουο
3008 4737 3142 4807 ἄφες
3164 4739 3263 4811 τὴν
3289 4739 3458 4812 ὀργὴν
3480 4743 3627 4798 άπα-

1944 4841 2064 4889 σαν,
2100 4825 2361 4893 ἀφάνισον
2390 4825 2451 4876 τὸ
2480 4825 2656 4888 ἕλκος.
2698 4828 2886 4888 Δοκεῖς
2936 4826 3039 4895 μὲν
3082 4826 3189 4897 γὰρ
3231 4828 3439 4883 ἐκεῖνον
3481 4831 3627 4901 ἀμύ-

1941 4912 2150 4975 νεσθαι,
2184 4912 2450 4983 πρότερον
2491 4912 2548 4964 δὲ
2602 4914 2828 4966 σεαυτὸν
2873 4913 3211 4983 βασανίζεις,
3245 4916 3499 4986 καθάπερ
3527 4918 3625 4988 δή-

1944 5017 2067 5070 μιον
2093 4999 2303 5053 ἔνδοθεν
2329 5005 2667 5071 περιστήσας
2694 5018 2786 5053 σου
2818 5002 3155 5072 πανταχόθεν
3182 5002 3273 5056 τὸν
3298 5003 3487 5075 θυμὸν,
3525 5006 3624 5059 καὶ

1940 5087 2282 5155 καταξαίνων
2322 5087 2520 5140 σαυτοῦ
2548 5088 2614 5140 τά
2649 5088 2953 5159 σπλάγχνα.

2010 5176 2075 5229 Τί
2109 5174 2218 5247 γάρ
2266 5174 2460 5243 γένοιτ’
2512 5174 2577 5227 ἂν
2633 5175 2962 5247 ἀθλιώτερον
3012 5175 3300 5249 ἀνθρώπου
3357 5176 3618 5248 διηνεκῶς

1939 5262 2331 5335 ὁργιζομένου;
2363 5262 2474 5315 Καὶ
2497 5262 2749 5334 καθάπερ
2774 5265 2821 5316 οἱ
2863 5265 3166 5335 μεμηνότες
3200 5265 3451 5317 οὐδέποτε
3477 5268 3586 5319 ἀπο

1940 5350 2164 5404 λαύουσι
2192 5351 2457 5421 γαλήνης,
2484 5349 2655 5413 οὕτως
2672 5352 2699 5403 6
2734 5353 3089 5422 μνησικακῶν
3113 5353 3206 5404 καὶ
3224 5352 3417 5421 ἐχθρὸν
3453 5354 3613 5422 ἔχων,

1939 5440 2194 5493 οὐδέποτε
2222 5437 2586 5492 ἀπολαύσεταί
2619 5456 2765 5501 τινος
2798 5441 3038 5509 εἰρήνης,
3058 5439 3318 5510 διηνεκῶς
3351 5439 3592 5508 φλεγμαί

1940 5544 2046 5581 νων
2064 5527 2110 5591 τ,
2145 5528 2238 5581 καὶ
2284 5526 2374 5579 τὸν
2432 5524 2679 5596 χειμῶνα
2726 5526 2839 5577 τῶν
2883 5525 3156 5595 λογισμῶν
3220 5528 3338 5580 καθά
3376 5529 3595 5593 ἑκάστη

2004 5712 2032 5752 ἆ
2056 5712 2204 5774 SaviL
2230 5713 2279 5759 in
2304 5723 2460 5772 marg.
2486 5715 2539 5774 ει
2563 5722 2687 5774 unus
2709 5711 2863 5758 eodm:
2892 5710 2964 5758 ἐπ’
2992 5710 3240 5774 ἀνθρώπῳ.

2011 5778 2034 5804 ⁸
2060 5773 2210 5822 Savil.
2233 5779 2284 5820 et
2305 5774 2385 5820 alii
2408 5773 2546 5820 codd.
2574 5773 2881 5833 ἐννοηθῶμεν.

2014 5833 2033 5874 f
2056 5835 2153 5887 Alii
2179 5834 2470 5897 φλεγόμενος.
