3896 6230
258 209 354 263 ξοι

254 320 434 389 αὔξων
462 323 560 391 τὴν
595 319 830 391 ἡμέρανι
864 319 931 371 τὰ
968 321 1188 390 ῥήματα
1230 318 1781 388 ἀναμιμνησκόμενος
1834 318 1926 368 καλ

253 411 322 463 τὰ
353 409 674 480 πράγματα,
711 409 805 461 καὶ
837 408 973 478 πρὸς
1003 407 1170 475 αὐτὴν
1192 407 1289 475 τὴν
1318 405 1690 475 προσηγορίαν
1719 403 1811 456 τοῦ
1837 403 1927 455 λε-

255 497 567 568 λυπηκότος
609 495 864 565 ἀπεχθῶς
910 495 1069 564 έχων.
1107 494 1223 546 Κᾶν
1257 493 1316 545 τὸ
1360 493 1530 562 ὄνομα
1565 493 1724 562 μόνον
1768 490 1928 562 εἴπῃς

257 586 348 639 τοῦ
390 585 609 655 ἐχθροῦ,
637 583 985 654 ἐκθηριοῦται
1018 582 1110 634 καὶ
1137 581 1349 652 πολλὴν,
1366 581 1510 634 ἔνδον
1540 580 1801 650 ὑπομένει
1829 580 1927 648 τὴν

253 672 450 745 ὀδύνην
470 692 483 704 ·
514 673 614 726 κάν
644 672 803 741 ψιλὴν
845 672 928 741 ἴδῃ
951 670 1047 740 τὴν
1079 669 1200 738 ὄψιν
1228 671 1410 739 μόνον,
1433 669 1639 721 δέδοικε
1675 667 1768 720 καὶ
1803 667 1926 736 τρέ-

259 780 370 832 μει,
396 761 641 831 καθάπερ
671 760 736 812 τά
759 759 996 826 ἔσχαται³
1024 758 1247 828 πάσχων
1278 759 1426 810 κακά
1449 775 1462 789 ο
1501 758 1601 810 κάν
1634 771 1782 816 τινας
1820 755 1927 804 τῶν

256 850 449 921 ἐκείνῳ
484 846 885 918 προσηκόντων,
921 845 1024 898 κᾶν
1048 846 1278 914 ἱμάτιον,
1313 846 1416 898 κᾶν
1449 845 1644 905 οἰκίαν,
1676 842 1778 895 κᾶν
1805 859 1928 893 στε-

256 939 434 990 νωπὸν
475 938 756 1004 θεάσηται,
789 935 893 986 ύπὸ
941 933 1158 986 πάντων
1193 931 1542 1003 βασανίζεται
1582 931 1689 984 τῶν
1719 931 1931 1002 ὁρωμέ-

255 1042 381 1077 νων.
407 1024 675 1092 Καθάπερ
717 1021 824 1092 γάρ
853 1022 962 1074 τῶν
993 1021 1328 1092 φιλουμένων
1371 1023 1466 1074 καὶ
1498 1020 1568 1073 τὰ
1600 1022 1807 1090 ἱμάτια,
1833 1018 1928 1072 καὶ

253 1112 320 1164 τά
355 1111 640 1182 πρόσωπα,
674 1112 766 1163 καὶ
804 1110 872 1162 τά
929 1110 1273 1179 ὑποδήματα,
1299 1110 1392 1161 καὶ
1430 1109 1487 1162 αί
1515 1108 1706 1171 οἰκίαι,
1746 1109 1838 1159 καὶ
1877 1108 1927 1158 οἱ

255 1200 522 1252 στενωποὶ
555 1198 844 1270 πτεροῦσιν
893 1198 1040 1268 ἡμᾶς
1093 1196 1296 1260 εὐθέως
1326 1196 1581 1265 ὀφθέντες
1606 1213 1618 1225 ·
1649 1194 1792 1248 οὕτω
1821 1194 1930 1246 τῶν

259 1287 472 1359 ἐχθρῶν
523 1287 617 1339 καὶ
666 1285 1013 1356 μισουμένων
1049 1286 1152 1338 κᾶν
1182 1285 1420 1354 οἰκέτην,
1459 1285 1562 1336 κᾶν
1605 1283 1778 1351 φίλον,
1826 1281 1928 1334 κᾶν

252 1377 449 1439 οἰκίαν,
495 1377 598 1428 κάν
630 1376 904 1428 στενωπὸν
935 1375 1156 1443 ἴδωμεν,
1220 1374 1324 1426 κᾶν
1371 1372 1548 1426 ὁτιοῦν
1587 1372 1792 1442 ἓτερον,
1825 1370 1930 1423 ὑπὸ

259 1467 474 1519 πάντων
508 1462 840 1532 δακνόμεθα,
873 1464 967 1515 καὶ
1002 1462 1205 1514 πυκναὶ
1253 1461 1347 1514 καὶ
1397 1462 1642 1530 συνεχεῖς
1668 1460 1800 1530 ἡμῖν
1835 1460 1928 1526 ἀφ’

255 1549 489 1600 ἑκάστου
519 1546 624 1599 τῶν
654 1546 947 1618 ὁρωμένων
975 1545 1180 1616 πληγαὶ
1203 1546 1466 1613 γίνονται.

323 1638 496 1705 γ’.Ἱ“ίς
519 1631 608 1687 οὖν
628 1635 787 1705 χρεία
803 1637 900 1704 τῆς
917 1633 1170 1702 τοιαύτης
1193 1630 1814 1702 πολιορκίας,τοσαύτης
1836 1630 1932 1701 βα-

258 1726 421 1778 σάνου
464 1726 556 1776 καὶ
596 1724 905 1786 κολάσεω;;
938 1723 1001 1775 Εἰ
1032 1723 1139 1792 γάρ
1175 1721 1270 1773 καὶ
1313 1722 1387 1791 μὴ
1424 1720 1613 1789 γέεννα
1663 1719 1932 1790 προηπεί-

254 1813 385 1884 λητο
419 1816 529 1876 τοῖς
562 1811 940 1883 μνησικάκοις,
971 1809 1059 1862 διά
1082 1809 1180 1879 την
1211 1809 1275 1861 ἐκ
1316 1807 1410 1860 τοῦ
1442 1809 1767 1880 πράγματος
1797 1809 1931 1878 ἡμῖν

255 1901 548 1972 γινομένην
574 1901 807 1970 βάσανον
841 1899 1058 1966 ἀφεῖναι
1108 1898 1175 1949 τά
1206 1898 1580 1968 ἁμαρτήματα
1615 1899 1726 1959 τοῖς
1779 1895 1934 1947 λελυ-

257 1991 492 2062 πηκόσιν
514 1989 680 2060 ἐχρῆν
698 2007 712 2019 ·
740 1989 868 2040 ὃταν
901 1987 958 2040 δὲ
981 1987 1076 2038 καὶ
1111 1985 1369 2038 ἀθάνατοι
1402 1985 1640 2052 μένωσιν
1665 1985 1720 2037 al
1759 2001 1933 2054 τιμω-

257 2080 394 2151 ρίαι,
429 2078 483 2129 τί
512 2076 706 2144 γένοιτ’
737 2075 800 2128 ἂν
825 2075 1180 2144 ἀνοητότερον
1211 2073 1304 2125 τοῦ
1331 2073 1425 2125 καὶ
1451 2071 1684 2126 ἐνταῦθα
1710 2074 1800 2126 καὶ
1818 2074 1934 2126 ἐκεῖ

255 2167 575 2230 κολάζοντος
619 2165 716 2235 μὲν
741 2163 952 2223 ἑαυτὸν,
985 2161 1298 2232 νομίζοντος
1335 2161 1390 2212 δέ
1415 2160 1504 2214 τὸν
1536 2160 1728 2232 ἐχθρὸν
1769 2179 1934 2232 τιμω-

263 2256 502 2326 ρεῖσθαι;
537 2256 635 2306 Ἂν
662 2271 721 2306 τε
758 2251 866 2323 γάρ
906 2249 1300 2320 εὐδοκιμοῦντα
1328 2249 1546 2319 ἴδωμεν,
1577 2249 1932 2320 ἀπολλύμεθα

257 2344 361 2396 ὑπὸ
388 2345 486 2414 τῆς
529 2343 768 2413 ἀθυμίας
788 2341 816 2379 λ)
835 2359 848 2370 ·
897 2339 1000 2393 κᾶν
1045 2338 1482 2410 δυσπραγοῦντα,
1511 2338 1823 2407 δεδοίκαμεν
1857 2339 1929 2409 μή

254 2450 337 2495 τις
363 2433 587 2503 γένηται
616 2430 764 2494 δεξιά
801 2427 954 2501 [205]
985 2427 1146 2481 πάλιν
1185 2426 1486 2498 μεταϐολή·
1525 2425 1850 2496 ἀμφοτέρων
1876 2426 1931 2478 δὲ

254 2521 459 2574 τούτων
490 2521 619 2589 ἡμῖν
647 2521 821 2570 κεῖται
857 2517 1077 2578 κόλασις
1113 2515 1511 2585 ἀπαραίτητος.
1554 2513 1676 2565 Ἐπὶ
1710 2512 1820 2582 γάρ
1854 2513 1932 2578 τῷ

254 2608 735 2674 ὐποσκελίσματι
751 2603 856 2658 τοῦ
871 2603 1088 2672 ἐχθροῦ
1104 2617 1240 2664 σου,
1263 2602 1415 2671 φησὶ,
1429 2601 1514 2669 μὴ
1532 2601 1801 2668 ἐπαίρου.
1823 2602 1932 2654 Καὶ

258 2696 332 2767 μή
363 2713 452 2764 μοι
481 2694 607 2763 λέγε
643 2692 749 2746 τῶν
788 2692 1139 2762 ἀδικημάτων
1173 2690 1233 2742 τὸ
1260 2689 1515 2760 μέγεθος’
1548 2690 1608 2741 ού
1639 2690 1748 2761 γάρ
1777 2689 1934 2742 τοῦτό

256 2786 372 2835 ἐστι
403 2782 462 2834 τὸ
487 2779 673 2836 ποιοῦν
697 2780 876 2851 μένειν
894 2780 1046 2848 παρά
1064 2780 1146 2830 σοὶ
1172 2779 1270 2848 τὴν
1291 2776 1480 2848 ὀργὴν,
1498 2777 1635 2829 ἀλλά
1654 2777 1712 2830 τὸ
1737 2777 1812 2847 μὴ
1840 2794 1934 2848 με-

260 2870 494 2941 μνῆσθαί
541 2886 599 2921 σε
647 2868 756 2920 τῶν
803 2867 1021 2920 οἰκείων
1075 2864 1602 2936 πλημμελημάτων,
1653 2865 1788 2935 μηδὲ
1834 2863 1932 2935 τὴν

255 2958 479 3027 γέενναν
507 2957 652 3027 ἔχειν
699 2955 804 3028 πρὸ
832 2954 1127 3025 ὀφθαλμῶν
1173 2956 1266 3006 καὶ
1315 2955 1406 3006 τὸν
1432 2954 1526 3006 τοῦ
1559 2953 1695 3006 Θεοῦ
1743 2953 1926 3021 φόϐον.

257 3047 369 3100 Καὶ
397 3047 485 3098 ἵνα
521 3046 720 3116 μάθῃς,
755 3046 838 3098 ὅτι
872 3042 1028 3096 τοῦτό
1057 3044 1205 3095 ἐστιν
1239 3042 1468 3112 ἀληθὲς,
1517 3042 1626 3095 ἀπὸ
1655 3042 1764 3096 τῶν
1797 3060 1934 3114 συμ-

257 3136 469 3190 ϐάντων
495 3138 562 3206 τῇ
596 3135 746 3187 πόλει
777 3133 935 3187 τοῦτο
962 3133 1242 3198 ἀποδεῖξαι
1276 3133 1634 3205 πειράσομαι.
1666 3135 1797 3188 Ὅτε
1823 3137 1934 3208 γὰρ

255 3228 304 3278 οἱ
342 3224 452 3277 τῶν
484 3224 817 3294 παρανόμων
855 3223 1220 3294 τολμημάτων
1251 3224 1475 3277 ἐκείνων
1513 3225 1665 3288 ὅντες
1693 3225 1933 3278 ὑπεύθυ-

255 3330 337 3365 νοι
363 3313 499 3384 πρὸς
521 3311 581 3363 τὸ
603 3310 952 3382 δικαστήριον
979 3311 1244 3382 ἤχθησαν,
1269 3312 1358 3364 ὅτε
1384 3313 1495 3384 πῦρ
1512 3313 1660 3366 ἔνδον
1693 3313 1929 3376 ἐκαίετο,

258 3402 351 3454 καὶ
389 3401 572 3470 δήμιοι
598 3401 1060 3471 παρειστήκεισαν
1082 3400 1290 3463 καὶτὰς
1315 3400 1558 3470 πλευράς
1593 3401 1931 3466 κατέξαινον,

257 3489 311 3541 εἴ
339 3505 424 3552 τις
445 3490 624 3550 αὐτοῖς
659 3487 944 3556 παραστὰς
980 3490 1044 3539 ἐκ
1084 3487 1330 3555 πλαγίων
1371 3484 1547 3551 εἶπεν,
1581 3490 1662 3541 ὃτι
1691 3488 1758 3540 Εἴ
1780 3506 1933 3553 τινας

257 3576 486 3647 ἐχθροὺς
517 3575 693 3644 ἔχετε,
721 3573 921 3627 λύσατε
949 3576 1048 3645 τὴν
1079 3575 1269 3644 ὀργὴν,
1293 3575 1388 3626 καὶ
1429 3576 1772 3645 δυνησόμεθα
1799 3576 1931 3628 ταύ‹

256 3682 355 3735 της
387 3665 531 3733 ὑμᾶς
557 3663 861 3727 ἀπαλλάξαι
887 3664 988 3732 τῆς
1021 3662 1322 3725 κολάσεωςο
1349 3659 1457 3733 ἆρα
1484 3665 1584 3715 οὐκ
1604 3663 1669 3716 ἂν
1691 3665 1785 3716 καὶ
1808 3667 1932 3728 τοὺς

261 3752 428 3813 πόδας
452 3753 632 3805 αὐτῶν
662 3751 1032 3820 κατεφίλησαν
1056 3768 1070 3816 ;
1100 3751 1210 3803 Καὶ
1236 3751 1286 3802 τί
1317 3750 1459 3818 λέγω
1485 3753 1612 3814 τοὺς
1641 3751 1807 3815 πόδας
1833 3768 1848 3817 ;
1885 3754 1932 3804 εί

263 3839 360 3894 καὶ
392 3839 658 3903 δεσπότας
689 3857 769 3901 τις
791 3839 984 3901 αὐτοὺς
1008 3837 1222 3892 ἑλέσθαι
1253 3838 1672 3903 ἐκέλευσεν,ούκ
1697 3840 1762 3892 ἂν
1798 3856 1934 3911 παρ-

265 3929 531 3999 ῃτήσαντο
563 3928 702 3980 τότε.
738 3928 800 3980 El
825 3927 880 3980 δὲ
914 3927 1228 3998 ἀνθρωπίνη
1255 3927 1472 3989 κόλασις
1496 3928 1589 3980 καὶ
1609 3927 1756 3992 τέλος
1787 3928 1936 3998 έχουο

267 4032 336 4069 σα
367 4016 545 4086 πάσης
577 4017 640 4069 ἂν
680 4015 984 4086 ἐκράτησεν
1026 4016 1229 4088 ὀργῆς,
1266 4014 1446 4085 πολλῷ
1481 4015 1684 4085 μᾶλλον
1731 4017 1764 4086 ἡ
1803 4016 1933 4086 μέλ-

267 4108 433 4158 λουσα
466 4103 721 4175 τιμωρία,
749 4105 798 4156 εί
833 4103 1070 4174 συνεχῶς
1091 4104 1246 4174 ἡμῶν
1263 4104 1361 4175 τὴν
1390 4103 1627 4156 διάνοιαν
1659 4108 1930 4174 κατεῖχεν,

259 4193 381 4264 ούχλ⁵
416 4192 782 4264 μνησικακίαν
819 4193 978 4260 μόνον
1005 4235 1020 4257 ,
1064 4192 1200 4244 ἀλλά
1245 4194 1341 4247 καὶ
1373 4195 1549 4246 πάντα
1595 4193 1662 4246 ἂν
1700 4194 1809 4246 ἀπὸ
1835 4194 1931 4264 τῆς

261 4286 439 4357 ψυχῆς
468 4285 698 4356 ἐξήλασε
727 4284 960 4354 πονηρὸν
993 4283 1272 4354 λογισμόν.
1319 4285 1383 4336 Τί
1409 4284 1518 4356 γάρ
1544 4282 1930 4356 εὐκολώτερον,

263 4375 385 4428 εἰπέ
432 4391 557 4445 μοι,
608 4371 701 4425 τοῦ
739 4372 837 4443 τὴν
881 4372 1048 4443 ὀργὴν
1095 4375 1312 4442 ἀφεῖναι
1345 4372 1421 4443 τῷ
1453 4374 1810 4445 λελυπηκότι;
1842 4377 1930 4446 Μὴ

261 4464 370 4534 γὰρ
396 4463 613 4535 μακρὰν
639 4460 944 4532 ἀποδημίαν
969 4460 1086 4517 ἔστι
1127 4461 1439 4516 στείλασθαι
1464 4479 1478 4527 ;
1509 4463 1582 4532 μὴ
1605 4463 1711 4536 γάρ
1731 4476 1752 4502 ε
1798 4466 1934 4535 χρή-ι

265 4569 411 4623 ματα
443 4551 786 4620 δαπανῆσαι,
825 4550 899 4619 μὴ
933 4550 1040 4618 γάρ
1067 4550 1287 4619 ἐτέρους
1322 4551 1736 4624 παρακαλέσαι;
1765 4552 1935 4624 Αρκεῖ

262 4621 485 4710 θελῆσαι
542 4641 722 4709 μόνον,
757 4639 851 4691 καὶ
899 4638 959 4689 τὸ
993 4637 1322 4708 κατόρθωμα
1359 4621 1511 4704 τέλος
1563 4641 1742 4694 ἔλαϐε.
1780 4621 1933 4706 Ίίίνος

263 4725 356 4782 οῦν
384 4731 484 4781 ούκ
516 4729 581 4782 ἂν
605 4730 795 4799 εἴημεν
830 4727 969 4792 ἄξιοι
999 4727 1292 4792 κολάσεως,
1325 4732 1372 4783 εί
1396 4729 1663 4800 βιωτικῶν
1699 4733 1798 4802 μὲν
1825 4733 1933 4786 ’ἐνε-

263 4835 357 4871 κεν
384 4818 723 4886 πραγμάτων
745 4818 839 4868 καὶ
859 4816 1248 4886 δουλοπρεπεῖς
1271 4819 1615 4890 ὑπομένομεν
1635 4821 1930 4885 διακονίας,

263 4907 357 4957 καὶ
386 4903 639 4969 ἀναξίους
668 4903 823 4974 ἡμῶν
852 4901 1274 4976 ἐπιδεικνύμεθα
1303 4906 1618 4976 θεραπείας,
1656 4909 1751 4960 καὶ
1795 4911 1932 4979 χρή-

266 5009 410 5062 ματα
431 4990 815 5060 ἀναλίσκομεν,
843 4990 936 5043 καὶ
973 4993 1240 5062 πυλωροῖς
1270 4993 1648 5063 διαλεγόμεθα,
1693 4995 1776 5047 ἵνα
1811 5014 1934 5065 μια-

265 5081 390 5151 ροὺς
417 5078 735 5150 ἀνθρώπους
762 5079 1201 5151 κολακεύσωμεν,
1233 5082 1327 5134 καὶ
1352 5084 1529 5135 πάντα
1551 5083 1811 5153 ποιοῦμεν
1839 5087 1933 5138 καὶ

263 5171 490 5245 λέγομεν
516 5171 657 5224 ὥστε
688 5172 1100 5244 κατορθωθῆναι
1139 5174 1268 5244 ἡμῖν
1295 5173 1356 5225 τὸ
1385 5173 1763 5244 προκείμενον,
1792 5177 1932 5246 ὑπὲρ

325 5375 341 5443 ξ
366 5377 438 5443 I_t_a
460 5379 642 5443 δεινῆς
671 5381 803 5442 vulg.
842 5381 1044 5443 ἔχθιστα.
1072 5381 1208 5432 Eon.

323 5437 354 5477 ι)
377 5437 664 5505 Mog-91.91%
687 5437 782 5501 τῆξ
803 5437 1013 5505 ἆθίίμίας,
1043 5451 1095 5489 οι
1118 5446 1188 5490 sic
1229 5444 1376 5491 Savil.
1416 5442 1463 5491 in
1509 5456 1684 5504 marg.,
1708 5441 1759 5492 in
1791 5449 1930 5493 textu

264 5505 427 5570 auEeIn
450 5501 646 5570 &:7_tl5.’cﬁc
665 5506 734 5552 ἀθ.
761 5501 900 5554 υῐὶιιέ
921 5519 978 5570 ος)
999 5509 1073 5550 lex
1101 5505 1194 5570 ἀπὸ
1216 5511 1299 5560 τῆς
1325 5506 1561 5570 ῥᾳθυμίας.

327 5561 351 5588 ο
374 5561 521 5628 δεινῇ.
550 5561 598 5628 i_n
624 5578 772 5627 marg.
801 5575 914 5628 post
948 5568 1250 5622 ).s).wm-r.6n,
1277 5570 1305 5623 ἡ
1327 5561 1402 5614 ’τὸ
1442 5561 1520 5615 διὰ
1540 5566 1713 5624 παντὸς
1735 5567 1932 5623 κολάζε-

252 5622 385 5675 seat;
419 5621 497 5667 Μή
522 5625 624 5682 γάρ.

1036 205 1093 258 S.
1137 203 1423 258 JOANNIS
1462 199 1952 256 CIIRYSOSTOMI
1992 198 2312 254 ARCIIIEP.
2357 200 2905 257 CONSTANTINOP.

3625 202 3743 256 ξιιμ)

2029 317 2084 368 δὲ
2127 317 2232 368 τῶν
2278 317 2369 369 τοῦ
2417 317 2552 370 Θεοῦ
2601 319 2777 388 νόμων
2816 319 2908 371 τὸν
2950 320 3291 390 λελυπηκὸτα
3347 319 3593 386 ἀδελφὸν
3630 321 3740 390 οὐχ

2028 404 2370 474 ὑπομένομεν
2398 406 2799 476 παρακαλέσαι,
2823 405 2956 459 ἀλλά
2983 409 3075 460 καὶ
3098 407 3364 476 αἰσχύνην
3392 405 3542 459 εἶναι
3569 407 3738 475 νομί-

2027 491 2191 560 ζομεν
2244 493 2306 545 τὸ
2340 492 2593 563 πρότεροι
2650 495 3055 564 προσδραμεῖν;
3107 495 3373 568 Αἰσχύνῃ,
3439 496 3570 547 εἰπέ
3608 513 3733 564 μοι,

2031 580 2237 648 μέλλων
2271 582 2534 652 πρότερος
2557 583 2859 652 κερδαίνειν
2881 600 2895 646 ;
2917 583 3240 637 Τούναντίον
3269 586 3370 654 μὲν
3403 581 3500 636 οὖν
3527 582 3736 652 al.715-

2027 668 2211 721 νεσθαι
2241 671 2344 740 χρὴ
2385 670 2445 720 τὸ
2481 671 2661 738 μένειν
2693 671 2784 722 ἐπὶ
2818 671 2912 724 τοῦ
2949 672 3172 735 πάθους,
3219 673 3314 725 καὶ
3344 673 3441 725 τὸν
3476 672 3722 738 λελυπη·

2027 756 2160 808 κότα
2187 757 2504 827 ἐκδέχεσθαι
2530 758 2664 827 πρὸς
2696 759 2794 822 τάς
2821 750 3165 829 καταλλαγάς
3192 760 3395 813 ἐλθεῖν·
3425 760 3595 813 τοῦτο
3614 761 3734 830 γάρ

2028 843 2121 894 καὶ
2152 845 2380 912 αἰσχύνη
2405 846 2498 896 καὶ
2527 845 2726 908 ὄνειδος
2751 848 2844 899 καὶ
2862 847 3033 918 ζημία
3058 849 3310 918 μεγίστη.
3356 846 3415 902 '0
3443 848 3560 918 γάρ
3587 849 3731 919 πρό⁹

2027 947 2183 1000 τερος
2214 931 2415 994 ἐλθὼν,
2452 934 2659 996 ἐκεῖνος
2691 934 2999 1005 καρποῦται
3047 937 3109 988 τὸ
3142 940 3271 991 πᾶν.
3328 939 3427 990 Ἂν
3463 939 3570 1007 μὲν
3610 938 3731 1007 γάρ

2029 1019 2159 1088 παρ’
2187 1018 2372 1089 ἐτέρου
2401 1020 2773 1091 παρακληθεὶς
2802 1022 2946 1093 ἀφῇς
2975 1023 3073 1094 τὴν
3107 1025 3297 1094 ὀργὴν,
3329 1025 3531 1094 ἐκείνῳ
3568 1026 3726 1094 λογί-

2029 1102 2180 1166 ζεται
2226 1107 2287 1158 τὸ
2331 1107 2661 1177 κατόρθωμα
2695 1107 2795 1178 (οὑ
2841 1110 2946 1180 γὰρ
2971 1110 3033 1180 δὴ
3063 1111 3140 1181 τῷ
3191 1112 3312 1182 Θεῷ
3361 1113 3724 1183 πειθόμενος.

2027 1193 2142 1246 ἀλλ’
2166 1195 2358 1264 ἐκείνῳ
2407 1195 2766 1264 χαριζόμενος
2802 1196 2891 1249 τὸν
2929 1198 3093 1267 νόμον
3120 1199 3477 1271 ἐπλήρωσας)
3503 1219 3515 1230 ·
3557 1202 3628 1254 ἂν
3663 1203 3723 1255 δὲ

2031 1281 2258 1351 μηδενὸς
2293 1283 2736 1352 παρακαλοῦντος
2759 1325 2774 1349 ,
2828 1285 2964 1355 μήτε
2994 1286 3158 1339 αὐτοῦ
3203 1288 3296 1340 τοῦ
3338 1289 3722 1359 λελυπηκότος

2029 1368 2165 1438 πρὸς
2205 1369 2264 1421 σὲ
2319 1371 2761 1440 παραγενομένου
2817 1372 2911 1424 καὶ
2943 1373 3244 1443 δεηθέντος,
3305 1376 3471 1438 αὐτὸς
3531 1379 3719 1430 πᾶσαν

2029 1457 2289 1528 αἰσχύνην
2307 1459 2398 1510 καὶ
2424 1459 2602 1510 πάντα
2630 1458 2786 1512 ὄκνον
2813 1459 2976 1529 ῥίψας
2999 1461 3106 1512 ἀπὸ
3127 1461 3226 1530 τῆς
3252 1463 3522 1528 διανοίας,
3545 1483 3720 1534 προσ-

2028 1544 2242 1616 δράμῃς
2268 1545 2345 1614 τῷ
2367 1545 2646 1616 ἠδικηκότι
2677 1546 2772 1600 καὶ
2804 1548 3110 1619 καταλύσῃς
3135 1551 3233 1620 τὴν
3260 1551 3458 1622 ὀργὴν,
3481 1553 3718 1621 ὁλόκλη-

2033 1634 2122 1704 ρόν
2158 1650 2250 1686 σου
2305 1633 2515 1700 γίνεται
2570 1633 2630 1687 τὸ
2658 1636 3011 1707 κατόρθωμα,
3051 1639 3145 1691 καὶ
3195 1638 3286 1691 τὸν
3339 1642 3528 1693 πάντα
3566 1641 3716 1715 λήψῃ

2033 1721 2242 1790 μισθόν.
2277 1723 2375 1774 Ἂν
2399 1720 2559 1784 εἴπω,
2591 1722 2923 1793 Νήστευσον,
2976 1725 3259 1779 ἀσθένειάν
3295 1744 3388 1797 μοι
3426 1729 3715 1801 προϐάλλῃ

2032 1809 2284 1876 σώματος
2306 1808 2566 1872 πολλάκις
2589 1826 2604 1841 ο
2634 1811 2700 1862 ἂν
2728 1810 2889 1875 εἴπω,
2918 1813 3018 1876 Δὸς
3045 1813 3270 1884 πένησι,
3312 1814 3719 1887 παιδοτροφίαν

2031 1899 2124 1950 καὶ
2153 1896 2340 1950 πενίαν
2361 1914 2373 1926 ·
2407 1897 2474 1951 ἂν
2502 1897 2663 1962 εἴπω,
2699 1899 2932 1970 Σχόλαξε
2971 1904 3050 1964 είς
3083 1903 3330 1967 συνάξεις
3350 1945 3365 1967 ,
3419 1907 3722 1976 φροντίδας

2032 1986 2290 2056 βιωτικάς
2310 1999 2323 2012 ⁸
2357 1986 2422 2040 ἂν
2456 1987 2617 2054 εἴπω,
2650 1988 2890 2059 Πρόσεχε
2920 1989 2946 2028 ἀ
2971 1994 3084 2054 τοῖς
3119 1991 3455 2062 λεγομένοις,
3486 1997 3585 2048 καὶ
3607 1997 3722 2049 νόει

2030 2076 2127 2146 τῆς
2154 2076 2502 2139 διδασκαλίας
2528 2077 2626 2148 τὴν
2653 2077 2900 2148 δύναμιν,
2932 2079 3196 2133 ἰδιωτείαν
3215 2099 3228 2110 ·
3257 2080 3323 2133 ἂν
3351 2081 3520 2145 εἴπω,
3557 2083 3719 2156 [QD-il

2031 2163 2389 2234 Κοτόρθωσον
2423 2163 2626 2236 ἕτερον,
2664 2165 2861 2233 λέγεις,
2891 2167 2972 2219 δτι
2999 2169 3112 2237 Οὐχ
3158 2169 3532 2223 ὑπακούσεται
3577 2191 3718 2243 σύμ-

2030 2251 2416 2322 ϐουλευόμενος
2435 2269 2448 2282 ·
2501 2253 2761 2317 πολλάκις
2793 2253 2902 2325 γάρ
2929 2255 3098 2308 εἰπὼν
3128 2259 3562 2328 κατεφρονήθην.
3596 2262 3721 2313 Ψυο

2029 2341 2161 2411 χραὶ
2194 2341 2292 2411 μὲν
2332 2337 2424 2394 οῦν
2454 2342 2510 2395 αἱ
2537 2343 2857 2413 προφάσεις,
2889 2343 3004 2396 ἀλλ’
3035 2347 3182 2415 ὅμως
3215 2346 3319 2398 κᾶν
3365 2348 3651 2416 πρόφασιν
3690 2361 3716 2389 ο

2031 2428 2160 2500 ἔχῃς
2194 2430 2367 2481 εἰπεῖν
2391 2446 2403 2458 ·
2430 2427 2495 2482 ἂν
2514 2429 2676 2492 εἴπω,
2705 2430 2814 2501 Τὴν
2839 2430 3008 2501 ὀργὴν
3036 2433 3191 2500 ἄφες,
3215 2434 3269 2486 τί
3299 2436 3508 2488 τούτων
3535 2439 3719 2491 εἰπεῖν

2029 2517 2234 2590 δυνήσῃ
2260 2536 2274 2585 ;
2299 2517 2435 2570 Οὔτε
2471 2517 2578 2588 γάρ
2602 2518 2888 2573 ἀσθένειαν
2919 2520 3189 2590 σώματος,
3217 2521 3343 2575 οὔτε
3373 2525 3589 2589 πενίαν,
3615 2529 3719 2580 οὐκ

2035 2605 2322 2667 ίδιωτείαν,
2361 2605 2462 2658 οὐκ
2489 2604 2768 2675 ἀσχολίαν,
2819 2607 2918 2658 οὐκ
2957 2607 3084 2660 ἄλλο
3111 2608 3264 2661 οὐδὲν
3314 2610 3462 2680 ἔχεις
3511 2615 3713 2675 είπεῖν,

2031 2693 2145 2746 ἀλλ’
2171 2694 2558 2762 ἀσύγγνωστος
2575 2693 2712 2765 αῦτη
2736 2695 2968 2764 μάλιστα
2988 2697 3204 2751 πάντων
3222 2700 3370 2753 ἐστὶν
3388 2703 3421 2770 ή
3441 2703 3711 2772 ἁμαρτία.

2104 2781 2228 2844 Πῶς
2253 2781 2456 2852 δυνήσῃ
2497 2781 2595 2844 τάς
2633 2786 2819 2852 χεῖρας
2851 2785 2930 2846 εἰς
2969 2784 3059 2837 τὸν
3104 2787 3332 2857 οὐρανὸν
3387 2789 3710 2857 ἀνατεῖναις

2032 2869 2158 2932 Πῶς
2181 2870 2280 2940 τὴν
2323 2869 2566 2938 γλῶτταν
2609 2871 2869 2940 κινῆσαι;
2910 2871 3034 2934 Πῶς
3078 2874 3298 2943 αἰτῆσαι
3341 2877 3711 2947 συγγνώμη-ις

2031 2958 2150 3012 Κᾶν
2178 2959 2287 3029 γάρ
2319 2956 2337 2996 τ
2376 2958 2633 3029 βούληται
2667 2962 2694 3012 ό
2722 2959 2854 3022 Θεὸς
2886 2961 3101 3030 ἀφεῖναι
3143 2963 3242 3024 τάς
3267 2963 3551 3034 ἁμαρτίας
3594 2983 3710 3027 σου,

2030 3047 2132 3099 ούκ
2157 3046 2323 3116 ἀφίης
2349 3046 2531 3111 αὐτὸς,
2561 3047 2630 3100 τά
2656 3045 2750 3099 τοῦ
2788 3048 3074 3102 συνδούλου
3099 3050 3364 3119 κατέχων.
3385 3053 3534 3104 Ἀλλ’
3559 3054 3713 3123 ώμός

2030 3135 2170 3198 ἐστι,
2200 3133 2294 3186 καὶ
2322 3133 2529 3203 ἄγριος,
2562 3133 2655 3186 καὶ
2695 3132 2986 3206 θηριώδης,
3021 3137 3115 3188 καὶ
3145 3136 3424 3200 κολάσεως
3451 3139 3716 3210 ἐπιθυμεῖ

2032 3223 2124 3275 καὶ
2150 3222 2491 3285 ἀντιδόσεως.
2519 3224 2626 3275 Καὶ
2659 3222 2746 3276 διὰ
2767 3222 2926 3276 τοῦτο
2953 3223 3187 3293 μάλιστα
3212 3226 3369 3294 ἄφες.
3420 3228 3710 3298 Ἢδίκησαι

2030 3311 2220 3372 πολλὰ,
2253 3313 2347 3364 καὶ
2379 3311 2776 3382 ἀπεστέρησαι,
2839 3313 2935 3364 καὶ
2982 3314 3166 3376 κακῶς
3221 3315 3483 3383 ἤκουσας.
3528 3317 3624 3369 καὶ
3653 3318 3711 3368 ἐν

2029 3403 2142 3464 τοῖς
2173 3400 2448 3469 μεγίστοις
2481 3399 2716 3471 ἐϐλάϐης
2744 3400 3054 3470 πράγμασι,
3072 3401 3165 3454 καὶ
3192 3400 3373 3470 βούλει
3401 3401 3710 3473 κολαζόμε-

2030 3507 2120 3542 νον
2147 3489 2271 3541 ἰδεῖν
2299 3488 2390 3542 τὸν
2419 3489 2634 3559 ἐχθρόν.
2667 3489 2775 3542 Καὶ
2805 3491 2886 3552 εἰς
2925 3489 3083 3542 τοῦτό
3115 3507 3196 3542 σοι
3223 3491 3386 3544 πάλιν
3435 3496 3709 3565 χρήσιμον

2029 3578 2091 3630 τὸ
2118 3579 2353 3647 ἀφιέναι.
2383 3578 2481 3630 Ἂν
2514 3575 2737 3648 μὲνγὰρ
2764 3577 2926 3639 αὐτὸς
2949 3577 3241 3650 ἐκδικήσῃς
3261 3579 3357 3630 καὶ
3389 3581 3709 3654 ἐπεξέλθῃς,

2031 3668 2141 3720 εἴτε
2189 3665 2277 3720 διά
2309 3665 2590 3736 ῥημάτων,
2631 3663 2742 3716 εἴτε
2797 3664 2886 3717 διὰ
2930 3666 3295 3736 πραγμάτων,
3339 3666 3453 3719 εἴτε
3489 3667 3578 3720 διὰ
3609 3671 3711 3738 τῆς

2031 3755 2195 3826 εὐχῆς
2225 3755 2324 3823 τῆς
2358 3753 2476 3807 κατ’
2497 3753 2683 3819 αὑτοῦ,
2712 3755 2740 3806 ὁ
2769 3753 2901 3817 Θεὸς
2918 3755 3019 3806 οὐκ
3047 3752 3467 3818 ἐπεξελεύσεται
3495 3756 3704 3821 λοιπὸν,

2031 3844 2127 3896 ἆτε
2161 3842 2254 3895 σοῦ
2277 3845 2301 3881 ε
2332 3841 2426 3913 τὴν
2457 3843 2726 3912 τιμωρίαν
2753 3841 3037 3906 λαϐόντοςο
3077 3843 3170 3895 καὶ
3193 3843 3252 3896 ού
3296 3845 3457 3913 μόνον
3485 3846 3585 3898 οὐκ
3611 3848 3708 3902 ἐπ-

2032 3930 2388 3995 εξελεύσεται,
2411 3931 2548 3983 ἀλλὰ
2563 3931 2655 3983 καὶ
2684 3931 2743 3983 σὲ
2765 3931 3059 4000 ἀπαιτήσει
3079 3931 3234 4002 δίκην
3251 3931 3326 3994 ώς
3354 3933 3706 4005 ὑϐρισμένος.

2105 4021 2238 4078 δ’.Εἰ
2254 4020 2456 4092 γάρέπ’
2471 4019 2773 4092 ἀνθρώπων
2797 4018 2956 4072 τοῦτο
2974 4021 3202 4087 γίνεται,
3216 4021 3318 4074 κᾶν
3341 4025 3712 4092 τυπτήσωμεν

2031 4111 2311 4182 ἀλλότριον
2337 4107 2576 4176 οἰκέτην,
2595 4109 2623 4160 ό
2644 4107 2909 4178 δεσπότης
2926 4108 3244 4175 ἀγανακτεῖ,
3269 4110 3366 4162 καὶ
3385 4108 3453 4162 ὖ6
3457 4128 3545 4182 ριν
3563 4106 3708 4168 εἶναί

2033 4215 2165 4269 φησι
2210 4197 2270 4250 τὸ
2313 4198 2577 4267 πρᾶγμα·
2637 4194 2740 4248 κάν
2769 4194 2876 4267 γὰρ
2925 4195 3243 4266 ἠδικημένοι
3284 4197 3541 4268 τύχωμεν
3595 4201 3713 4252 εἴτε

2031 4285 2138 4338 ὑπὸ
2167 4283 2389 4348 δούλων,
2421 4283 2532 4336 εἴτε
2555 4282 2661 4335 ὑπὸ
2687 4280 3011 4348 ἐλευθέρων,
3043 4281 3143 4344 τὰς
3185 4281 3337 4353 παρά
3362 4282 3472 4334 τῶν
3513 4283 3714 4353 ἀρχόν-

2029 4391 2139 4426 των
2167 4373 2260 4425 καὶ
2282 4371 2380 4434 τὰς
2397 4371 2546 4442 παρά
2577 4369 2684 4423 τῶν
2715 4368 2988 4422 δεσποτῶν
3017 4369 3313 4437 ἀναμένειν
3333 4370 3438 4441 χρὴ
3467 4367 3708 4439 ψήφουςο

2031 4462 2081 4514 εί
2106 4460 2284 4514 τοίνυν
2317 4459 2403 4511 ἐπ’
2432 4457 2734 4530 ἀνθρώπων
2759 4457 2860 4511 οὐκ
2893 4455 3132 4526 ἀσφαλὲς
3169 4457 3394 4521 ἑαυτοὺς
3447 4457 3709 4522 ἐκδικεῖν,

2033 4548 2211 4619 πολλῷ
2252 4547 2473 4619 μᾶλλον,
2528 4547 2657 4599 ὅταν
2684 4546 2712 4598 δ
2761 4544 2893 4605 Θεὸς
2921 4543 3140 4615 δικάζῃ.
3198 4544 3340 4596 Ἀλλ’
3389 4543 3615 4614 ἠδίκησέ
3647 4564 3712 4599 σε

2032 4639 2124 4692 καὶ
2148 4638 2443 4708 λελύπηκε,
2477 4635 2570 4688 καί
2607 4633 2776 4704 μυρία
2811 4631 3060 4700 διέθηκεν
3093 4633 3122 4683 ὁ
3157 4631 3386 4702 πλησίον
3411 4634 3580 4688 κακά.

2102 4726 2254 4796 Μηδέ
2280 4724 2452 4786 οὕτως
2482 4723 2645 4784 αὐτὸς
2683 4721 2832 4791 αύτῷ
2865 4719 3162 4791 ἐπεξέλθῃς
3185 4761 3198 4784 ,
3245 4721 3330 4773 ἵνα
3365 4720 3439 4792 μὴ
3479 4722 3712 4795 ὁδρίσῃς

2034 4813 2230 4869 σαυτοῦ
2253 4814 2345 4866 τὸν
2375 4812 2681 4881 Δεσπότην·
2716 4808 3119 4880 παραχώρησον
3148 4808 3228 4878 τῷ
3260 4808 3400 4879 Θεῷ,
3428 4811 3522 4863 καὶ
3543 4812 3710 4873 αὑτὸς

2032 4903 2276 4975 διαθήσει
2296 4902 2356 4954 τὸ
2381 4901 2618 4970 πρᾶγμα
2652 4898 2831 4968 πολλῷ
2863 4897 3070 4967 βέλτιον
3112 4897 3139 4937 h
3174 4892 3234 4949 οὗ
3271 4899 3335 4950 σὺ
3381 4897 3582 4966 βούλει.
3617 4901 3709 4951 Σοὶ

2035 4994 2192 5064 μόνον
2223 4988 2476 5059 εύχεσθαι
2511 4989 2652 5058 ὑπὲρ
2681 4987 2773 5039 τοῦ
2801 4986 3166 5054 λελυπηκότος
3211 4986 3464 5039 ἐκέλευσε
3493 5006 3505 5017 ·
3549 4988 3611 5040 τὸ
3645 4987 3708 5042 δὲ

2032 5082 2148 5144 πῶς
2183 5079 2376 5149 ἐκείνῳ
2406 5077 2486 5128 δεῖ
2525 5075 2852 5147 χρήσασθαι,
2887 5073 3033 5144 αὐτῷ
3066 5075 3387 5128 καταλιπεῖν
3433 5076 3704 5146 προπέτα-

2093 5257 2120 5296 d
2157 5257 2246 5319 Alii
2274 5256 2512 5319 σχόλασον
2537 5256 2599 5319 εἷς
2623 5252 2845 5319 συνάξεις,
2863 5251 3116 5319 φροντίδας
3145 5253 3387 5319 βιωτικάς,
3415 5255 3645 5319 πρόσεχε.

2087 5323 2112 5380 °,
2136 5317 2287 5367 δηνίιε
2306 5313 2402 5365 ’ίάν
2425 5318 2700 5380 προφάσεις.
2727 5313 2833 5361 Mox
2860 5313 2926 5360 id.
2947 5313 3218 5380 άφεςηοῦτε
3241 5313 3484 5380 ἀσθένειοέν
3514 5313 3644 5380 66'9-

2099 5379 2117 5419 ῐ
2146 5381 2408 5444 Γάρ-ᾱρθει
2431 5375 2482 5427 ili
2505 5375 2654 5427 Savil.
2679 5381 2731 5422 et
2752 5388 2848 5422 uno
2872 5375 3057 5423 codice.
3085 5375 3195 5424 Mox
3236 5376 3387 5424 Savil.
3417 5376 3473 5423 οὐ
3515 5375 3712 5443 mm.

2060 5461 2123 5498 εις
2144 5459 2299 5496 αυτος.
3049 5493 3051 5495 ,

2032 5461 2123 5545 Pali
2142 5461 2486 5553 οιξειιτὶιίο
2506 5502 2878 5552 rescribendum
2918 5499 3025 5550 fuit.
3049 5493 3344 5562 'Scripserat
3384 5499 3556 5550 Monlf.
3580 5505 3712 5565 παρὰ

2031 5566 2137 5617 σοῦ.
2167 5566 2297 5614 Enn.

2095 5629 2122 5668 ιι
2145 5627 2240 5676 Alii
2259 5625 2379 5674 πολὺ
2399 5626 2596 5689 βέλτιον.
