3920 6224
237 329 346 385 201

243 455 507 501 sationum
554 443 605 497 in
653 441 769 498 dies
812 449 1092 511 aggravat.
1148 443 1308 497 verba
1353 443 1593 515 factaque
1641 461 1823 503 secum

240 543 477 604 tcputat.
508 533 677 601 ipsius
703 546 914 602 quoque
950 531 1150 585 nomini
1188 531 1429 601 infeStus,
1452 535 1541 605 qui
1582 537 1826 606 injuriam

241 628 416 683 dedit.
454 626 509 681 Si
536 625 716 681 audiat
739 625 884 680 illum
908 633 1108 679 tantum
1131 627 1684 693 nominari,ell’eratur
1702 643 1830 684 con-

241 719 419 784 tinuo,
447 733 638 788 magno
674 732 798 772 cum
827 716 987 771 animi
1011 716 1272 782 cruciatu,
1307 725 1359 772 et
1378 718 1444 772 ad
1470 718 1642 773 solum
1688 720 1825 774 illius

237 820 590 879 conspectum
623 809 847 879 trepidat
865 808 1133 874 ethorret,
1157 818 1429 878 tamquam
1454 811 1497 865 si
1520 811 1702 865 ultima
1739 826 1803 880 pa

239 903 429 958 tiatur.
451 902 602 970 Quod
629 903 674 957 si
696 901 819 972 quid
850 901 1008 968 illius,
1029 901 1111 956 vel
1133 911 1358 965 vestem,
1384 902 1467 957 vel
1485 902 1722 968 domum,
1746 905 1826 958 vel

245 994 583 1064 angiportum
604 994 810 1066 videat,
843 994 1079 1048 omnium
1125 993 1346 1047 istorum
1381 992 1580 1049 intuitu
1612 1004 1826 1065 torque-

243 1091 335 1137 tur
365 1099 463 1139 :ac
491 1083 936 1154 quemadmodum
967 1085 1283 1139 dilectarum
1303 1099 1626 1140 secaret-um
1647 1085 1826 1141 homi-

239 1190 377 1229 num
404 1185 600 1240 vestes,
630 1175 823 1241 vultus,
852 1175 1228 1240 caleeamenta,
1259 1175 1467 1242 domus,
1499 1177 1623 1231 item
1653 1186 1706 1231 et
1733 1192 1829 1231 an-

237 1265 502 1335 giportus,
547 1281 673 1321 mox
703 1275 762 1321 ut
787 1268 899 1320 visa
944 1265 1163 1331 fuerint,
1189 1266 1423 1321 excitare
1469 1281 1566 1321 nos
1611 1267 1824 1323 solent:

234 1357 316 1411 ita
336 1372 549 1428 quoque
569 1357 904 1413 inimicorum
925 1366 976 1412 et
998 1357 1302 1412 odiosorum
1325 1359 1597 1415 hominum
1614 1376 1822 1428 servus,

238 1449 470 1514 amicus,
496 1449 709 1516 domus,
737 1450 1046 1520 angiportus
1074 1450 1124 1504 in
1151 1459 1498 1520 conspectum
1537 1453 1708 1519 datus,
1736 1463 1828 1510 aut

237 1541 616 1612 quodcumque
644 1541 806 1606 aliud,
831 1543 1038 1597 animos
1067 1542 1286 1607 arrodit,
1315 1551 1473 1613 atque
1499 1543 1630 1599 alias
1668 1560 1828 1616 super

234 1633 394 1700 alias,
414 1643 473 1688 ut
497 1633 743 1704 quodque
765 1634 936 1688 visum
960 1633 1141 1702 fuerit,
1168 1634 1349 1704 plagas
1369 1635 1523 1691 nobis
1546 1636 1752 1692 incutit.

319 1746 372 1799 6.
396 1743 658 1812 Quorsum
677 1758 819 1814 opus
847 1744 1005 1815 igitur
1030 1751 1115 1799 est
1140 1744 1440 1800 istiusmodi
1483 1745 1648 1801 animi
1685 1747 1828 1803 obsi-

229 1833 421 1903 dione,
451 1836 610 1890 tantis
651 1835 929 1891 tormentis
953 1849 1017 1890 ac
1043 1835 1135 1889 tali
1165 1836 1460 1906 supplicio?
1479 1834 1633 1906 Quod
1657 1838 1702 1893 si
1728 1853 1827 1895 nec

231 1926 482 1995 .gehenna
504 1926 802 1983 immineret
823 1927 945 1982 odio
966 1927 1348 1994 laborantibus,
1366 1929 1552 1984 saltem
1573 1929 1642 1985 ob
1662 1931 1826 2001 ipsius

233 2015 352 2069 odii
379 2017 669 2072 cruciatum
701 2027 914 2088 peccata
941 2019 1304 2088 proximorum
1346 2020 1695 2077 condonanda
1742 2038 1828 2078 es-

235 2115 394 2171 sent;
425 2122 544 2162 cum
565 2117 740 2164 autem
770 2118 967 2164 aeterna
995 2110 1249 2179 supplicia
1285 2125 1382 2165 nos
1411 2121 1680 2181 maneant,
1699 2114 1826 2184 quid

238 2197 453 2251 stultius
468 2213 626 2268 quam
645 2208 697 2254 et
717 2199 804 2254 hic
824 2208 878 2254 et
910 2200 1018 2255 illic
1037 2200 1379 2272 semetipsum
1403 2203 1677 2269 mulctare,
1700 2204 1824 2258 dum

235 2287 312 2343 de
335 2289 500 2343 altero
525 2304 584 2344 se
608 2289 776 2345 credit
804 2290 1060 2347 ultionem
1089 2291 1340 2361 sumere?
1367 2290 1425 2346 Si
1449 2294 1592 2348 enim
1622 2293 1826 2350 ﬂoren-

241 2391 350 2438 tem
395 2383 541 2438 illum
579 2383 872 2449 videamus,
892 2399 1121 2440 maerore
1148 2385 1410 2455 perimus;
1439 2385 1521 2440 sin
1551 2384 1823 2456 afﬂictum,

236 2491 487 2530 veremur
509 2491 575 2530 ne
600 2473 806 2530 fortuna
830 2491 890 2532 se
910 2475 964 2530 in
991 2476 1178 2531 melius
1202 2484 1528 2532 commutet:
1552 2477 1827 2548 utriusque

232 2566 412 2635 culpa
455 2567 608 2620 nobis
654 2581 811 2638 poema
855 2567 1263 2636 indeprecabilis
1307 2567 1592 2621 constituta
1623 2579 1724 2622 est.
1754 2567 1823 2622 In

238 2656 651 2726 supplantatione
691 2657 882 2710 inimici
923 2672 984 2712 ne
1003 2667 1048 2710 te
1071 2653 1252 2724 eﬁ'eras
1274 2656 1455 2728 (Prov.
1479 2656 1569 2712 24.
1597 2657 1712 2728 17),
1745 2659 1822 2712 in-

237 2748 358 2819 quit
383 2747 672 2818 Scriptura.
692 2747 771 2804 Ne
793 2748 918 2802 mihi
937 2747 1454 2819 allegesinjuriarum
1479 2759 1821 2820 acceptarum

235 2841 409 2895 moles
441 2857 454 2893 :
483 2857 590 2894 non
620 2840 760 2895 enim
782 2839 910 2894 illud
936 2840 989 2894 in
1014 2849 1065 2895 te
1085 2838 1210 2894 facit
1232 2840 1578 2908 pertinaciam
1601 2841 1818 2907 irarum,

235 2930 337 2986 sed
363 2931 501 3000 quod
527 2946 711 3002 parum
743 2946 948 2986 memor
970 2946 1027 2986 es
1049 2940 1257 2986 tuorum
1283 2930 1622 2998 delictorum,
1651 2947 1822 3002 neque

231 3021 532 3092 gehennam
577 3029 701 3076 ante
741 3021 924 3077 oculos
971 3021 1134 3077 habes
1179 3029 1271 3076 aut
1318 3022 1412 3077 Dci
1460 3021 1723 3077 timorem.
1753 3023 1824 3078 Ut

233 3127 418 3174 autem
465 3119 739 3175 condiscas
786 3119 839 3174 id
880 3135 1062 3174 verum
1105 3134 1258 3185 esse,
1307 3135 1370 3174 ex
1416 3120 1627 3176 casibus
1669 3119 1821 3175 istius

232 3213 387 3268 urbis
412 3212 728 3268 documenta
755 3227 1014 3281 promam.
1046 3211 1182 3266 Cum
1211 3212 1355 3267 enim
1382 3213 1458 3266 rei
1485 3213 1710 3269 istorum
1739 3210 1821 3266 fa-

233 3304 476 3356 cinorum
516 3303 581 3357 ad
621 3302 877 3374 judicium
919 3302 1300 3366 trahebantur,
1329 3318 1392 3358 ac
1419 3302 1633 3358 flamma
1678 3303 1821 3360 intus

235 3394 640 3462 incendebatur,
687 3395 1153 3450 circumstantibus
1199 3395 1540 3450 carniﬁcibus
1566 3411 1626 3450 ac
1651 3395 1818 3451 latera

231 3486 679 3555 discerpentibus,
712 3491 755 3541 sl
784 3487 903 3556 quis
929 3485 998 3541 ibi
1027 3487 1315 3552 assistens,
1336 3487 1410 3540 ita
1436 3501 1529 3541 eos
1552 3502 1616 3541 ex
1646 3497 1818 3542 trans-

235 3593 397 3632 verso
443 3579 740 3648 alloquntus
764 3577 971 3644 fuisset,
999 3577 1053 3633 Si
1083 3576 1289 3633 habetis
1333 3577 1596 3642 inimicos,
1629 3579 1820 3633 mittite

235 3669 581 3735 simultatem,
611 3678 666 3724 et
687 3685 752 3725 ex
779 3669 883 3724 isto
911 3668 1172 3738 supplicio
1212 3683 1308 3723 vos
1353 3669 1580 3725 liberare
1617 3670 1818 3740 poteri-

234 3774 358 3814 mus
384 3776 399 3813 :
427 3776 492 3814 an
523 3775 627 3814 non
653 3775 773 3814 cum
802 3761 996 3814 osculis
1025 3760 1091 3815 ad
1118 3759 1257 3814 illius
1283 3759 1444 3829 pedes
1467 3774 1524 3815 se
1554 3760 1818 3817 devolvis-

234 3851 390 3905 sent?
412 3850 520 3905 lmo
544 3851 668 3922 quid
695 3851 763 3906 de
791 3851 1010 3921 pedibus
1037 3851 1257 3920 loquor?
1285 3851 1326 3905 si
1359 3852 1474 3920 quis
1511 3852 1817 3907 servitutem

236 3941 344 3996 illis
385 3943 786 4012 proposuisset,
835 3958 940 3997 non
984 3957 1101 3996 eam
1147 3942 1505 3997 conditionem
1551 3944 1817 4012 aspernati

235 4033 480 4088 fuissent.
511 4032 661 4100 Quod
690 4035 734 4087 si
765 4033 992 4088 humana
1021 4048 1203 4105 poena,
1232 4049 1350 4103 qua:
1393 4018 1676 4089 terminum
1720 4034 1817 4090 ba-

236 4124 348 4187 bet,
373 4123 636 4193 quaslibet
660 4124 763 4177 iras
792 4133 1030 4194 superat,
1058 4123 1224 4177 multo
1251 4124 1418 4194 magis
1439 4123 1670 4179 futurum
1691 4141 1820 4197 sup-

237 4213 473 4282 plicium,
515 4214 559 4267 si
599 4213 854 4268 memoria
900 4213 1014 4282 ejus
1053 4223 1308 4283 perpetuo
1354 4224 1565 4270 nostras
1612 4226 1818 4272 mentes

236 4310 463 4369 teneret,
496 4319 599 4358 non
623 4305 793 4359 solum
822 4304 1164 4372 simultatem,
1195 4305 1288 4358 sed
1317 4315 1369 4359 et
1398 4321 1583 4362 omnes
1628 4323 1817 4376 pravas

234 4394 584 4463 cogitationes
611 4395 678 4449 ab
706 4395 883 4450 animo
909 4395 1232 4450 excluderet.
1257 4395 1392 4463 Quid
1422 4397 1562 4451 enim
1588 4396 1812 4464 facilius,

236 4485 344 4546 dic,
371 4499 572 4555 quasso,
601 4501 758 4556 quam
789 4486 1010 4550 homini,
1041 4485 1129 4554 qni
1163 4496 1212 4540 te
1239 4485 1454 4551 lzeserit,
1474 4487 1606 4541 iram
1629 4489 1816 4542 remit-

237 4574 398 4628 tere‘.
430 4572 544 4628 Non
595 4575 735 4630 enim
781 4574 951 4644 longis
974 4573 1040 4627 ad
1067 4574 1117 4628 id
1150 4574 1657 4643 peregrinationibus
1680 4591 1815 4647 opus

236 4672 342 4728 est,
377 4678 481 4718 non
508 4663 851 4734 pecuniarum
890 4665 1178 4734 insumptu,
1207 4680 1314 4718 non
1359 4665 1581 4719 aliorum
1625 4683 1814 4723 exora-

237 4753 506 4820 tionibus;
533 4753 728 4809 sufticit
753 4763 810 4808 ut
839 4763 1041 4808 tantum
1089 4754 1252 4820 velis,
1277 4769 1340 4810 ac
1361 4754 1470 4824 jam
1516 4756 1684 4812 virtus
1727 4758 1814 4814 illa

237 4858 390 4897 suum
413 4858 545 4914 opus
576 4844 822 4914 explevit.
853 4845 964 4912 Qua
992 4845 1150 4914 igitur
1174 4859 1327 4915 poena
1355 4845 1496 4917 digni
1523 4863 1628 4902 non
1653 4847 1816 4905 fueri-

236 4951 379 5001 mus,
408 4937 452 4991 si
483 4937 812 4992 smcularium
853 4952 1028 4992 rerum
1068 4951 1223 4991 causa
1249 4947 1304 4992 et
1331 4939 1542 4994 servilia
1583 4941 1816 4996 sustine-

236 5041 358 5080 mus
383 5026 692 5090 ministeria,
719 5033 777 5081 et
801 5035 992 5096 prmtcr
1015 5026 1320 5097 dignitatem
1348 5027 1686 5096 inservimus,
1719 5047 1810 5101 pe-

233 5116 422 5170 cunias
439 5116 806 5185 expendimus,
839 5131 959 5171 cum
983 5117 1299 5185 ianitoribus
1317 5118 1737 5185 confabulatnur,
1755 5131 1814 5177 ut

233 5206 474 5260 scelestis
497 5205 797 5261 hominibus
813 5207 1110 5273 adulemur,
1153 5208 1330 5262 omnia
1347 5207 1576 5278 denique
1603 5220 1656 5265 et
1685 5212 1812 5267 dicio

233 5309 357 5351 mus
379 5305 433 5350 et
458 5297 696 5361 facimus,
711 5307 769 5352 ut
784 5297 1052 5368 proposita
1073 5297 1393 5367 efficiamus;
1413 5316 1508 5370 pro
1531 5302 1706 5359 divina
1726 5320 1813 5361 au-

234 5395 342 5440 tem
361 5385 476 5456 lege
498 5385 714 5442 fratrem
737 5386 828 5457 qui
853 5387 1127 5454 l:esit,nou
1152 5389 1325 5443 solum
1351 5406 1458 5445 non
1487 5394 1812 5453 sustinemus

233 5491 481 5544 exorare,
512 5475 607 5534 sed
651 5486 707 5534 et
750 5479 891 5535 inter
929 5479 1122 5550 probra
1149 5479 1395 5538 ducimus
1434 5497 1556 5540 eum
1607 5486 1812 5557 priore"

301 5631 493 5706 ausu-i1:
519 5632 569 5684 ίη
584 5645 749 5704 marg:
770 5645 998 5706 sensum
1024 5641 1329 5706 sequentem
1344 5636 1527 5706 indicat
1553 5651 1564 5686 :
1592 5637 1717 5706 Quid
1741 5646 1812 5706 est

233 5692 446 5753 facilius.
465 5693 644 5744 homini
665 5692 749 5755 qui
763 5701 808 5746 te
821 5694 1018 5757 laeserit,
1033 5692 1162 5746 ira'm
1173 5696 1431 5760 remittere,
1445 5704 1528 5750 aut
1543 5692 1815 5755 enimmodo

233 5751 402 5805 ιιιςὲδεί
421 5759 444 5806 2'
460 5764 560 5807 Non
581 5755 724 5806 enim

547 5837 817 5900 l’nnoc.
861 5840 977 5902 Gn.
1024 5841 1249 5908 XLIX.

1139 325 1232 381 AD
1272 324 1589 382 POPL‘LUM
1629 324 2124 386 ΑΝΤῘΟΩΗΕΝΠΜ
2187 329 2412 386 HOMIL.
2459 329 2573 384 XX.

1932 441 2116 499 adire?
2140 444 2222 497 An
2247 457 2375 500 vero
2406 443 2498 499 tibi
2525 442 2721 515 probro
2747 459 2864 500 esse
2890 453 3045 516 putas
3067 491 3081 515 ,
3115 449 3159 504 si
3183 457 3234 504 tu
3265 451 3408 521 prior
3436 455 3514 507 lu-

1933 544 2081 586 crum
2107 537 2388 602 reportes?
2412 535 2520 589 lmo
2566 550 2696 591 vero
2739 539 3072 595 verecundia:
3113 556 3232 596 esse
3257 542 3434 612 debet,
3466 547 3512 602 si

1933 621 1986 676 in
2011 635 2075 677 eo
2100 621 2288 677 affectu
2306 624 2581 693 persistas,
2605 637 2986 699 exspectesque
3006 630 3186 687 donec:
3205 633 3410 703 injurize
3429 652 3517 691 au-

1933 721 2048 767 ctor
2091 728 2188 783 pro
2237 715 2667 772 reconciliatione
2715 725 2766 772 te
2807 719 3003 774 adeat:
3037 720 3089 775 id
3135 723 3430 791 probrum,
3463 726 3513 780 id

1935 802 2140 870 vitium,
2173 803 2228 857 id
2251 804 2436 874 ingens
2479 805 2750 861 damnum.
2775 807 2874 876 Qui
2904 809 3045 865 enim
3091 812 3237 881 prior
3279 813 3447 879 venit,
3471 815 3517 870 is

1935 900 2100 946 totum
2151 893 2354 949 lucrum
2400 897 2673 966 anticipat.
2702 898 2757 953 Si
2799 899 2942 955 enim
2981 901 3050 956 ab
3091 901 3196 957 alio
3241 914 3513 970 exoratus,

1932 985 2065 1046 iram
2097 985 2374 1056 relinquis,
2395 987 2471 1041 illi
2497 989 2694 1044 bonum
2722 1005 2859 1060 opus
2888 993 3177 1062 imputatur
3203 1012 3220 1049 :
3245 1011 3351 1051 non
3372 997 3514 1052 enim

1934 1075 2045 1129 Deo
2086 1075 2482 1146 obtemperans,
2511 1079 2604 1134 sed
2649 1080 2726 1134 illi
2771 1080 3095 1151 gratificans,
3124 1085 3298 1157 legem
3341 1086 3516 1142 adim-

1934 1165 2176 1236 plevisti;
2199 1167 2342 1237 quod
2369 1169 2414 1225 si
2443 1170 2655 1225 nemine
2678 1171 3062 1241 intercedente,
3103 1191 3281 1248 neque
3305 1177 3396 1233 illo
3423 1181 3512 1250 qui

1933 1257 2069 1313 ltcsit
2085 1266 2138 1314 te
2155 1259 2383 1315 adeunte
2403 1269 2458 1315 et
2479 1276 2663 1331 preces
2684 1264 2988 1331 adhibente,
3015 1265 3129 1336 ipse
3148 1268 3350 1339 rejects
3369 1272 3512 1325 omni

1932 1347 2136 1416 pudore
2162 1347 2293 1403 nihil
2321 1358 2619 1419 cunctatus,
2645 1352 2712 1406 ad
2743 1352 2947 1423 injuriae
2973 1364 3243 1412 auctorem
3269 1373 3514 1416 accurre-

1930 1437 2026 1503 ris,
2046 1437 2203 1509 eique
2221 1439 2329 1494 iras
2357 1448 2474 1497 tuas
2507 1443 2809 1509 resolveris,
2848 1453 2998 1500 tuum
3039 1461 3106 1503 ex
3143 1457 3254 1504 tcto
3289 1449 3346 1504 tit
3385 1450 3515 1505 illud
3555 1496 3558 1499 .

1927 1527 2187 1595 officium,
2205 1530 2615 1603 universamque
2632 1534 2934 1591 mercedem
2961 1536 3075 1606 ipse
3098 1537 3343 1609 recipies.
3365 1539 3421 1596 Si
3440 1540 3516 1596 di-

1932 1621 2566 1693 xero,Jejuna,corporis
2585 1627 2992 1683 imbecillitatem
3012 1629 3138 1684 mihi
3167 1632 3400 1688 subinde
3429 1635 3518 1690 ob-

1929 1711 2130 1766 tendis:
2141 1715 2184 1767 si
2197 1713 2402 1779 dixero,
2416 1715 2518 1771 Des
2535 1718 2976 1788 pauperi,allegas
2991 1730 3173 1776 contra
3194 1731 3334 1777 tuam
3353 1726 3518 1779 tenui-

1931 1809 2186 1867 tatem,et
2207 1818 2340 1860 onus
2357 1805 2753 1862 educandorum
2771 1809 3054 1865 liberorum
3086 1829 3099 1865 :
3128 1813 3170 1866 si
3188 1813 3391 1880 dixero,
3413 1817 3517 1871 Des

1931 1908 2147 1964 operam
2177 1911 2343 1951 sacra:
2364 1899 2873 1968 synaxi,s:eculares
2907 1918 3063 1960 curas
3086 1921 3099 1960 :
3119 1904 3164 1960 si
3194 1906 3398 1972 dixero,
3419 1910 3514 1962 At-

1930 1987 2091 2042 tende
2119 1990 2464 2046 coneionibus
2489 2005 2552 2046 ac
2576 1992 2830 2050 doctrinae
2856 1996 2961 2051 vim
3007 1998 3264 2071 intellige,
3297 2000 3514 2074 imperio

1934 2081 2058 2134 tiam
2093 2099 2104 2134 :
2138 2083 2182 2156 si
2209 2083 2414 2149 dixero,
2443 2083 2550 2140 Fac
2594 2096 2653 2140 ut
2697 2088 2858 2143 alium
2902 2091 3177 2160 emendes,
3223 2097 3516 2165 respondes

1933 2173 2079 2228 iilum
2099 2175 2200 2229 tuis
2218 2176 2430 2231 monitis
2459 2193 2567 2233 non
2596 2180 3120 2251 obtemperaturum;
3149 2201 3291 2256 szepc
3312 2203 3433 2243 cum
3459 2199 3510 2243 te

1930 2263 2070 2318 inter
2093 2264 2374 2320 dicendum
2416 2276 2756 2336 aspernatum
2804 2269 2986 2327 fuisse.
3026 2272 3256 2344 Frigida:
3298 2277 3510 2347 quidem

1930 2353 2046 2409 istae
2072 2362 2197 2411 sunt
2236 2356 2677 2425 causiticationes,
2709 2360 2801 2414 scd
2842 2363 3264 2420 causiﬁcationes
3313 2375 3511 2424 tamen.

1929 2445 2080 2511 Quod
2105 2448 2148 2501 si
2169 2447 2378 2514 dixero,
2409 2449 2544 2505 iram
2593 2450 2822 2518 dimitte,
2848 2455 2975 2524 quid
3023 2457 3241 2512 istorum
3285 2460 3514 2531 allegare

1931 2537 2130 2607 poteris
2148 2538 2172 2592 ’ἶ
2191 2537 2306 2593 Νοη
2333 2541 2575 2610 corporis
2603 2542 3041 2612 imbecillitatem,
3087 2562 3191 2603 non
3233 2560 3515 2620 pauperta-

1931 2636 2058 2694 tem,
2111 2644 2215 2683 non
2262 2629 2602 2700 imperitiam,
2652 2648 2756 2686 non
2804 2635 3198 2704 occupationes,
3247 2640 3320 2694 nil
3366 2652 3515 2698 certe

1929 2716 2149 2772 istorum
2176 2719 2389 2775 obtendi
2413 2730 2587 2790 potest
2621 2723 2662 2777 ¹ε
2693 2735 3014 2796 quapropter
3034 2728 3251 2785 minimc
3275 2731 3512 2788 omnium

1929 2807 2031 2862 hoc
2051 2818 2324 2878 peccatum
2357 2812 2563 2865 veniam
2589 2823 2843 2868 meretur.

2005 2879 2144 2933 Deus
2189 2897 2291 2934 non
2316 2883 2522 2935 remittit
2549 2883 2710 2948 nobis,
2741 2886 2785 2938 si
2814 2900 2914 2940 non
2944 2888 3254 2943 remittamus
3281 2892 3414 2946 aliis.
3440 2923 3512 2936 —-

1929 2969 2209 3037 Quomodo
2240 2975 2439 3040 poteris
2465 2988 2650 3027 manus
2669 2974 2720 3028 in
2743 2976 2927 3030 cadum
2945 2980 3264 3047 extendere,
3297 2991 3390 3037 aut
3409 2983 3512 3038 lin-

1925 3073 2081 3128 gnam
2104 3075 2344 3128 movere,
2371 3071 2463 3116 aut
2480 3063 2687 3118 veniam
2713 3066 3016 3134 postulare?
3039 3069 3092 3124 Si
3114 3072 3256 3125 enim
3287 3073 3514 3130 voluerit

1927 3150 2022 3204 tibi
2051 3151 2189 3206 Dens
2219 3161 2434 3221 peccata
2461 3154 2790 3223 condonare,
2841 3167 2896 3213 tu
2924 3160 2977 3215 id
3021 3175 3124 3215 non
3164 3165 3428 3232 permittis
3451 3169 3470 3198 ³
3491 3207 3508 3232 ,

1925 3254 2044 3294 cum
2072 3240 2327 3295 adversus
2348 3257 2662 3299 conservum
2687 3245 2948 3303 offensum
2980 3252 3212 3304 animum
3255 3255 3505 3310 retineas.

1927 3332 2032 3387 Sed
2052 3333 2282 3388 crudelis
2306 3343 2409 3400 est,
2436 3336 2630 3405 inquis,
2647 3348 2700 3391 ct
2723 3337 2940 3404 efferus,
2965 3355 3136 3411 pcena:
3161 3344 3510 3414 vindictaeque

1925 3424 2132 3479 avidus.
2175 3425 2311 3490 Quin
2337 3426 2406 3482 ob
2431 3425 2658 3497 idipsum
2683 3440 2898 3501 peccata
2930 3433 3160 3487 remitte.
3193 3434 3384 3490 Multas
3424 3439 3506 3491 in-

1922 3515 2093 3583 jurias
2124 3517 2310 3582 tulisti,
2343 3517 2524 3572 multis
2547 3520 2804 3588 spoliatus
2831 3537 2920 3590 cs,
2954 3539 3097 3594 smpc
3128 3526 3363 3582 convicia
3409 3544 3505 3582 an-

1928 3604 2074 3670 disti,
2100 3605 2151 3659 in
2171 3608 2415 3662 maximis
2440 3610 2599 3664 rebus
2618 3609 2870 3666 damnum
2898 3628 3084 3681 passus
3100 3632 3178 3681 es,
3205 3632 3268 3672 ac
3283 3619 3508 3688 proinde

1923 3695 2196 3752 desideras
2222 3713 2430 3767 poenam
2450 3700 2836 3772 inimici.Atqui
2857 3703 2908 3758 in
2935 3704 3036 3760 hoc
3056 3706 3226 3776 ipsum
3249 3710 3390 3764 utilis
3410 3711 3503 3766 tibi

1925 3786 2246 3842 condonatio
2269 3789 2615 3847 offensarum.
2649 3791 2702 3846 Si
2733 3795 2874 3849 enim
2903 3797 3017 3864 ipse
3043 3798 3288 3854 vindicta:
3307 3801 3508 3856 incunv

1922 3875 2018 3931 bas
2037 3877 2398 3949 ultionemque
2414 3896 2616 3946 sumas,
2639 3885 2752 3937 sive
2767 3901 2860 3954 per
2880 3888 3062 3954 verba,
3091 3890 3202 3944 sive
3223 3906 3318 3960 per
3343 3894 3497 3958 facta,

1921 3967 2033 4022 sive
2068 3983 2164 4036 per
2189 3969 2642 4039 imprecationem,
2665 3974 2803 4029 Deus
2827 3976 2939 4045 ipse
2962 3993 2992 4030 a
3019 3980 3275 4034 sumenda
3305 3983 3504 4039 ultione

1925 4059 2314 4127 supersedebit,
2350 4070 2530 4130 utpote
2557 4072 2608 4117 te
2637 4075 2912 4136 satagentc
2931 4069 3068 4124 circa
3099 4071 3170 4124 tni
3196 4071 3359 4140 ipsius
3381 4076 3502 4128 vin-

1921 4145 2115 4201 dictam
2149 4165 2163 4201 :
2195 4149 2303 4204 imo
2332 4165 2436 4204 non
2461 4151 2632 4206 solum
2659 4169 2761 4207 non
2789 4168 3131 4226 persequetur
3156 4175 3340 4229 prunas
3365 4163 3502 4234 inju-
3544 4211 3550 4215 .

1921 4236 2121 4290 riarum
2165 4237 2255 4293 tibi
2282 4239 2568 4310 illatarum,
2597 4243 2691 4297 sed
2712 4259 2740 4297 a
2765 4245 3200 4316 teipsomulctatn
3223 4252 3414 4322 exiget,
3444 4265 3501 4312 ut

1922 4325 2176 4395 injuriose
2221 4345 2252 4384 a
2282 4339 2334 4385 te
2351 4329 2578 4387 habitus.
3125 4375 3138 4390 ..

1991 4416 2046 4472 4.
2087 4417 2238 4484 Quod
2263 4420 2308 4474 si
2338 4421 2391 4475 in
2421 4421 2725 4479 hominibus
2748 4427 2800 4481 id
2829 4426 2906 4494 ﬁt,
2939 4439 2996 4484 ut
3023 4433 3302 4490 verberato
3337 4453 3368 4492 a
3398 4454 3498 4494 no-

1920 4506 2003 4562 bis
2030 4507 2207 4564 alieno
2233 4526 2408 4578 servo,
2436 4515 2677 4570 dominus
2706 4517 2846 4573 illius
2867 4520 3183 4590 indignetur,
3206 4534 3260 4580 et
3286 4525 3388 4582 hoc
3412 4529 3496 4583 in-

1916 4597 2111 4667 juriam
2131 4615 2252 4656 esse
2279 4601 2452 4669 dicat;
2497 4605 2597 4674 ipsi
2623 4625 2836 4679 quoque
2867 4612 2911 4665 si
2949 4613 3157 4683 injuriis
3198 4618 3496 4680 aftlciamur

1920 4690 2008 4744 vel
2033 4706 2062 4744 a
2093 4693 2283 4758 servis,
2309 4696 2392 4750 vel
2417 4711 2448 4750 a
2479 4696 2678 4764 liberis,
2709 4705 2968 4758 sententia
2989 4705 3224 4775 judicum
3249 4720 3304 4766 et
3328 4712 3491 4769 domi-

1921 4794 2112 4834 norum
2158 4787 2511 4854 exspectanda
2543 4799 2628 4844 est
2653 4807 2665 4842 :
2694 4791 2740 4845 si
2779 4792 2938 4863 igitur
2963 4797 3014 4850 in
3061 4800 3220 4855 rebus
3248 4799 3498 4862 humanis

1921 4885 2079 4926 nemo
2096 4872 2197 4927 sibi
2223 4883 2338 4929 tuto
2357 4875 2610 4933 ultionem
2631 4883 2810 4948 sumit,
2835 4898 3029 4954 quanto
3051 4892 3218 4961 magis
3236 4893 3288 4948 id
3312 4895 3498 4952 obser-

1919 4962 2146 5017 vandutn
2166 4965 2219 5020 in
2241 4965 2400 5022 rebus
2421 4968 2542 5034 illis,
2563 4970 2650 5025 ubi
2671 4971 2810 5028 Deus
2831 4974 2944 5045 ipse
2964 4978 3155 5036 vindex
3168 4985 3494 5044 constitutus

1918 5052 2025 5144 est?
2042 5052 2117 5108 Te
2129 5069 2256 5144 vero
2269 5056 2460 5144 injuria
2481 5060 2724 5117 affecitct
2743 5063 2898 5132 la:sit,
2915 5083 2978 5124 ac
2994 5071 3269 5130 innumera
3298 5077 3391 5133 tibi
3410 5077 3494 5132 fe-

1909 5136 1985 5230 cit
2001 5136 2288 5204 proximus
2307 5141 2446 5192 mala
2468 5154 2481 5189 :
2511 5153 2644 5196 cave
2660 5158 2877 5212 poenam
2899 5158 3046 5207 tuam
3068 5172 3495 5230 persequareme

1907 5225 2191 5282 dominum
2213 5242 2364 5284 tuum
2385 5236 2781 5298 contumeliose
2802 5247 3002 5298 tractes
3024 5264 3037 5307 :
3058 5249 3189 5305 cede
3211 5225 3350 5318 Deo;
3372 5259 3490 5327 ipse

1906 5321 2186 5418 negotium
2253 5327 2426 5384 multo
2472 5329 2670 5388 melius
2722 5335 3163 5406 administrabit,
3209 5321 3482 5414 quam-tu

1906 5419 2077 5475 cupis.

1981 5499 2056 5552 De
2067 5513 2172 5552 non
2189 5500 2445 5567 faciendis
2462 5517 2648 5562 contra
2665 5526 2904 5569 tmmtcos
2921 5529 3486 5596 tmprecationibus.—_

1912 5711 1932 5758 ε
1977 5645 2005 5715 ι.
2030 5653 2134 5694 sav.
2160 5647 2353 5719 quodsi
2374 5651 2563 5722 direre.
2595 5673 2618 5700 ι
2642 5665 2768 5706 Iram
2794 5659 2997 5724 dimitte,
3013 5680 3036 5711 ι
3063 5678 3157 5718 non
3175 5671 3389 5740 πασσαγε
3410 5691 3497 5745 ρο,

1931 5718 2029 5757 81⁸88
2052 5720 2266 5758 corporis
2285 5713 2667 5758 tmbcallztatem-
2697 5727 2789 5758 nm-

1931 5713 2029 5776 eris
2052 5713 2266 5776 corporis
2285 5713 2670 5776 imbecillitatem,
2697 5727 2790 5768 etc.

1979 5769 2000 5800 ⁸
2033 5776 2158 5829 $21.,
2184 5775 2236 5820 tu
2249 5783 2340 5821 non
2361 5775 2608 5825 censentis.

3106 5858 3181 5923 13
