3896 6230
449 306 559 361 305

448 415 569 470 Tibi
588 416 1102 488 solummodojussu
1112 433 1162 471 m
1179 427 1281 479 est,
1306 427 1363 470 ut
1383 432 1559 488 proco
1574 419 1668 489 qui
1681 428 1731 475 te
1746 420 2036 491 laesit,pre-

451 523 546 563 ces
558 506 918 578 fundas;quid
934 516 1115 564 autem
1131 509 1198 563 de
1209 524 1274 563 eo
1286 510 1633 565 statuendum
1647 511 1849 579 sit,sibi
1867 527 2037 568 reser-

448 600 567 654 vari
595 599 779 672 jussit.
811 597 1123 670 Numquam
1154 599 1251 654 tibi
1278 600 1414 655 tales
1442 601 1682 658 ultiones
1715 618 2027 673 assequere,

447 693 639 761 quales
659 708 757 763 pro
776 701 827 748 te
844 693 934 748 ille
956 692 1253 760 instruxit;
1278 694 1440 750 modo
1458 695 1533 748 illi
1548 695 1642 765 jus
1662 705 1815 751 tuum
1833 711 2002 753 conce
2017 725 2033 738 -

445 784 568 847 das,
581 799 682 839 nec
698 784 768 838 im
775 786 1120 854 precationes
1140 784 1315 841 facias
1324 787 1589 843 adversus
1605 787 1912 853 inimicum,
1935 787 2029 845 sed

445 875 521 929 illi
537 876 1120 945 relinquasarbitrium
1134 877 1454 947 judicandi:
1477 879 1590 934 sive
1609 880 1755 934 enim
1772 893 1871 935 nos
1887 878 2032 949 inju-

444 969 556 1023 rias
571 969 1090 1036 condonemus,sive
1104 970 1665 1037 recenciliemur,sive
1681 986 1780 1041 pro
1792 971 2029 1027 inimicis

445 1058 872 1128 precemurmisi
890 1060 997 1129 ipsi
1015 1061 1265 1116 conversi
1284 1059 1486 1116 fuerint
1499 1069 1668 1132 atque
1684 1064 1741 1117 in
1757 1063 1952 1118 melius
1969 1076 2029 1118 se

451 1145 956 1211 mutaverint..Deus
976 1147 1094 1218 ipse
1117 1163 1224 1202 non
1248 1148 1506 1213 dimittet;
1535 1162 1638 1202 non
1664 1147 1898 1202 dimittet
1921 1160 2022 1202 auâ€”

450 1248 558 1291 tem
586 1252 771 1292 eorum
793 1238 1006 1293 utilitati
1035 1238 1276 1295 studens.
1307 1239 1384 1295 Te
1402 1239 1597 1310 quippe
1614 1238 1814 1305 laudat,
1839 1249 2021 1295 tuam-

444 1343 548 1397 que
576 1328 976 1398 philosophiam.
997 1330 1355 1399 amplectitur,
1385 1331 1531 1385 illum
1560 1331 1868 1400 veropnnit
1888 1372 1904 1397 ,
1950 1346 2021 1385 ne

447 1429 535 1473 tua
561 1418 894 1489 philosophia
918 1421 1153 1475 deterior
1167 1420 1441 1476 reddatur.
1464 1421 1818 1489 Quamobrem
1850 1422 2021 1478 inanis

445 1523 528 1566 est
555 1511 643 1564 illa
672 1510 813 1580 vulgi
850 1512 1134 1566 sententia.
1181 1511 1498 1567 Multi-enim
1523 1528 1551 1565 a
1582 1512 1741 1567 nobis
1763 1512 2020 1567 admoniti

444 1614 605 1670 super
618 1600 1070 1667 reconciliatione,
1108 1602 1199 1656 ubi
1221 1601 1588 1672 obtemperare
1605 1616 1715 1655 non
1751 1602 2015 1670 placebat,

444 1689 581 1744 hanc
597 1690 992 1745 excusationem
1010 1690 1419 1760 przetenderunt,
1445 1705 1561 1760 quae
1578 1689 1710 1745 nihil
1733 1691 1873 1744 aliud
1900 1690 2014 1757 fuit,

441 1796 601 1845 quam
631 1788 904 1851 pretextus
929 1782 1163 1851 ipsorum
1190 1781 1434 1836 malitize:
1467 1780 1606 1837 nolle
1631 1781 1833 1837 scilicet
1855 1796 1913 1836 se
1932 1796 2017 1837 re-

444 1872 892 1938 conciliationem,
915 1887 983 1927 ne
1008 1871 1331 1927 deteriorem
1375 1872 1642 1927 inimicum
1674 1872 1903 1938 faciant,
1948 1886 2017 1928 ne

442 1961 768 2016 acerbiorem
801 1970 981 2031 postea
1010 1969 1066 2016 et
1088 1960 1342 2031 majorem
1369 1960 1483 2030 ejus
1524 1969 1882 2031 contemptum
1918 1976 2015 2016 ex-

432 2051 737 2121 periantur.
767 2051 844 2104 Ad
871 2051 987 2107 haec
1026 2050 1155 2106 illud
1182 2066 1392 2121 quoque
1416 2051 1689 2121 adjiciunt,
1715 2052 1872 2122 vulgo
1899 2052 2014 2108 exi-

440 2142 710 2195 stimatum
741 2140 840 2206 iri,
869 2141 1012 2211 ipsos
1039 2150 1257 2212 prepter
1278 2141 1689 2196 imbecillitatem
1719 2143 1921 2211 priores
1945 2143 2015 2198 ad

439 2231 922 2286 reconciliationem
950 2232 1402 2303 placationemque
1424 2233 1619 2287 inimici
1643 2234 1866 2289 venisse.
1892 2234 2017 2290 Haec

437 2325 614 2376 onmia
641 2336 772 2376 vana
802 2331 960 2377 sunt:
992 2322 1181 2377 oculus
1202 2324 1349 2378 enim
1379 2323 1468 2379 ille
1498 2339 1782 2394 numquam
1810 2325 2015 2380 dormi-

441 2423 559 2467 tans
582 2412 729 2466 novit
750 2421 984 2468 mentem
1011 2421 1175 2482 tuam,
1198 2429 1262 2468 ac
1281 2414 1504 2485 proinde
1527 2429 1906 2472 conservorum
1926 2433 2016 2471 ru-

438 2501 710 2557 musculos
737 2517 1058 2558 eurarenon
1076 2502 1338 2559 debemus
1361 2545 1378 2571 ,
1408 2505 1566 2559 modo
1601 2506 1764 2575 judici
1789 2522 2013 2578 persua-

437 2592 585 2658 deas,
616 2592 707 2664 qui
732 2593 799 2649 de
819 2608 980 2648 causa
1006 2593 1439 2663 tuajudicaturus
1467 2604 1567 2651 est.
1601 2598 1656 2652 Si
1684 2608 1862 2654 autem
1884 2599 2013 2654 illud

438 2683 533 2737 tibi
556 2698 699 2739 cura:
723 2693 824 2748 est,
842 2699 920 2738 ne
949 2700 1071 2738 eum
1096 2683 1416 2740 deteriorem
1442 2694 1527 2740 tua
1561 2687 1793 2743 bonitate
1821 2689 2008 2755 facias;

435 2775 575 2829 scias
598 2774 780 2841 velim,
809 2790 930 2830 eum
954 2774 1055 2830 hoc
1076 2785 1231 2845 pacto
1260 2775 1583 2833 deteriorem
1615 2795 1720 2834 non
1751 2779 2010 2849 futurum,

436 2866 530 2921 sed
560 2866 878 2924 deteriorem
914 2868 1091 2940 potius
1106 2867 1353 2924 futurum
1374 2911 1390 2937 ,
1422 2872 1465 2926 si
1496 2888 1615 2927 eum
1648 2890 1754 2928 non
1790 2876 1964 2944 places
1993 2892 2008 2929 :

435 2972 560 3013 nam
577 2958 677 3013 etsi
701 2959 1002 3014 mortalium
1045 2960 1283 3015 omnium
1321 2962 1729 3020 scelestissimus
1769 2966 1867 3032 sit,
1904 2968 2011 3022 etsi

436 3064 542 3103 non
572 3048 717 3104 dicat
737 3064 910 3120 neque
930 3049 1102 3120 palam
1132 3065 1327 3119 praise
1355 3051 1508 3118 ferat,
1540 3064 1771 3110 attamen
1823 3059 2012 3112 tacitus

439 3141 754 3211 approbauit
783 3151 902 3196 tuos
922 3142 1317 3213 pbilosophicos
1344 3159 1522 3200 mores
1539 3187 1555 3212 ,
1585 3147 2013 3219 conscientiaque

433 3244 528 3285 sua
561 3241 702 3286 tuam
728 3231 1062 3287 reverebitur
1081 3234 1741 3305 mansuetudinemaQuod
1772 3239 1815 3292 si
1838 3238 1890 3292 in
1918 3255 2010 3294 ea-

432 3321 555 3377 dem
584 3321 914 3392 malignitate
934 3323 1252 3392 perstiterit,
1275 3340 1371 3379 nec
1392 3324 2007 3395 blandiliis-emolliatur,

436 3413 718 3468 maximam
738 3428 948 3483 paruam
977 3428 1007 3466 a
1038 3413 1148 3469 Deo
1168 3415 1465 3470 sustinebit.
1492 3415 1561 3472 Ut
1578 3425 1753 3471 autem
1771 3419 2006 3485 diseatis,

433 3506 644 3560 tametsi
672 3520 772 3560 nos
796 3521 1009 3561 oremus
1040 3521 1136 3575 pro
1150 3507 1376 3561 inimicis
1412 3517 1465 3563 et
1493 3508 1795 3577 injuriosis,
1842 3512 2009 3567 Deum

434 3611 538 3650 non
569 3595 835 3651 dimittere
855 3597 962 3651 illis
989 3606 1223 3666 peccata,
1252 3598 1295 3652 si
1325 3612 1389 3652 ex
1418 3608 1596 3654 nostra
1620 3602 1897 3657 tolerantia
1919 3603 2013 3657 de-

432 3687 656 3743 teriores
666 3686 822 3752 fiant,
844 3694 1077 3742 veterem
1100 3686 1371 3742 historiam
1398 3690 1547 3744 vobis
1567 3693 1875 3748 recensebo.
1905 3694 2009 3749 0b-

432 3780 678 3835 trectavit
694 3779 862 3852 Moysi
885 3779 1048 3833 Maria
1077 3798 1091 3834 :
1119 3780 1246 3850 quid
1267 3779 1353 3836 hic
1376 3781 1553 3836 Deus?
1575 3782 1861 3852 Leprosam
1887 3802 2007 3842 eam

433 3882 489 3927 et
509 3872 834 3927 immundam
853 3872 1000 3936 fecit,
1021 3873 1237 3941 probam
1274 3874 1472 3944 alioqui
1494 3885 1548 3930 et
1569 3885 1792 3943 castam;
1817 3879 2009 3935 deinde

432 3962 615 4036 Hoyse
643 3963 986 4033 deprecante,
1014 3963 1107 4034 qui
1135 3979 1251 4019 eam
1275 3964 1519 4035 injuriam
1551 3981 1739 4036 passus
1767 3980 1918 4036 erat,
1951 3981 2008 4026 ut

433 4056 634 4111 crimen
659 4054 980 4121 remitteret,
1012 4055 1180 4110 noluit
1208 4056 1365 4122 Deus,
1395 4056 1489 4111 sed
1533 4059 1660 4129 quid
1701 4060 1908 4131 inquit?
1946 4063 2009 4119 Si

432 4149 988 4219 iuspuensinsputasset
1008 4155 1149 4218 pater
1175 4147 1227 4200 in
1251 4148 1411 4217 ipsius
1434 4149 1636 4216 faciem,
1665 4168 1765 4206 non
1796 4153 2008 4223 confusa

434 4237 645 4307 fuisset?
669 4236 894 4303 Maneat,
912 4238 1101 4305 inquit,
1125 4246 1270 4292 extra
1290 4248 1454 4291 castra
1481 4249 1667 4309 septem
1689 4243 1791 4297 dies
1818 4243 2004 4315 (Num.

436 4326 526 4382 12.
562 4326 669 4397 l4).
695 4325 848 4394 Quod
867 4336 1045 4382 autem
1073 4327 1202 4383 dicit
1229 4328 1330 4383 tale
1354 4338 1471 4385 est:
1499 4329 1553 4384 Si
1572 4339 1772 4400 patrem
1797 4333 2008 4389 habuis-

431 4427 533 4485 set,
563 4419 714 4488 isque
735 4432 875 4473 eam
899 4434 930 4473 a
957 4428 1362 4490 conspectu-suo
1386 4421 1719 4488 removisset,
1752 4427 2006 4496 numquid

434 4526 544 4567 non
575 4510 824 4565 toleraret
859 4524 978 4565 eam
1005 4511 1459 4580 increpationem?
1482 4511 1563 4567 Te
1592 4513 1803 4583 quidem
1850 4515 2007 4571 laudo

432 4602 503 4656 de
523 4600 752 4656 fraterna
780 4600 997 4670 pietate,
1042 4601 1445 4657 mansuetudine
1478 4610 1535 4657 et
1575 4602 1828 4671 bonitate,
1877 4605 2006 4661 mihi

430 4699 611 4746 autem
637 4701 837 4756 notum,
860 4690 1074 4761 quando
1103 4690 1248 4744 illam
1275 4700 1517 4761 oporteat
1536 4693 1603 4748 ab
1631 4692 1730 4749 hac
1758 4709 1909 4765 poena
1940 4696 2004 4750 li-

434 4781 625 4836 berari.
639 4779 993 4848 Quamobrem
1008 4789 1064 4835 et
1083 4790 1138 4834 tu
1162 4795 1371 4852 quoque
1390 4797 1602 4839 omnem
1623 4784 2003 4843 humanitatem

432 4869 655 4925 ostende
681 4882 806 4941 erga
836 4871 1073 4937 fratrem,
1105 4886 1277 4940 neque
1301 4873 1517 4941 majoris
1545 4874 2006 4949 vindicuecupidh

432 4970 542 5016 tate
570 4959 763 5017 delicta
786 4961 1046 5023 dimittas.
1075 4961 1168 5017 sed
1198 4963 1417 5017 caritate
1441 4972 1496 5019 et
1540 4964 1768 5037 benigno
1803 4969 2003 5023 animo.

434 5053 489 5107 td
523 5052 615 5108 tibi
642 5061 846 5107 certum
897 5051 1067 5117 habe,
1098 5053 1237 5122 quod
1268 5062 1466 5123 quanto
1485 5056 1660 5126 magis
1686 5069 2004 5127 aspernatus

434 5142 594 5199 fuerit
621 5151 725 5196 tua:
751 5142 1063 5212 placationis
1086 5141 1422 5210 industriam,
1455 5152 1603 5199 tanto
1625 5147 1877 5215 majorem
1902 5150 2003 5206 sibi

431 5249 645 5304 poenam
667 5242 963 5287 coacervat.
985 5232 1121 5300 Quid
1152 5233 1266 5286 ais?
1293 5232 1526 5289 deterior
1552 5234 1611 5290 ï¬t
1646 5237 1906 5292 colendo?
1948 5240 2003 5293 Id

429 5329 633 5385 crimen
679 5326 879 5396 ipsius,
931 5333 1077 5380 tuum
1116 5333 1293 5381 autem
1339 5326 1659 5393 encomium,
1707 5328 2001 5398 quodcum

428 5432 552 5472 cum
570 5418 729 5472 talem
757 5416 968 5471 videres
992 5414 1245 5480 futurum,
1279 5432 1384 5470 non
1419 5426 1591 5471 tamen
1617 5419 1684 5473 ab
1699 5434 1762 5474 eo
1777 5421 2002 5475 colendo

430 5508 717 5575 obstiteris,
740 5518 799 5564 ut
825 5508 1014 5564 divinae
1031 5508 1287 5563 voluntati
1322 5508 1655 5565 satisfaceres
1677 5528 1690 5564 :
1717 5510 1880 5580 ipsius
1899 5514 2002 5567 cri-

428 5612 576 5663 men,
602 5600 743 5669 quod
756 5609 840 5656 tua
871 5599 1105 5656 bonitate
1121 5601 1285 5655 nihilo
1305 5617 1462 5672 quam
1483 5611 1635 5658 antea
1663 5604 1851 5660 melior
1879 5607 2001 5662 red-

476 5717 496 5749 â¸
520 5719 578 5771 In
605 5725 773 5793 Savil.,
797 5731 944 5784 nullo
963 5740 1122 5786 mrtem
1144 5732 1397 5799 optabilius
1431 5739 1519 5796 est,
1565 5737 1755 5789 omissis
1775 5738 1853 5790 his
1876 5743 1998 5792 voci-

391 5833 431 5846 Î¿,

1160 311 1215 368 S.
1254 313 1528 371 JOANNIS
1562 313 2035 372 CIIRYSOSTOMI
2071 315 2391 373 ARClllEP.
2431 317 2960 375 CONSTANTINOP.

3615 325 3727 381 20$

2138 426 2302 483 ditur.
2335 428 2529 484 Paulus
2551 445 2676 485 vero
2701 432 2807 497 ait,
2838 431 3003 486 multo
3040 433 3323 502 optabilius
3350 438 3367 468 â€˜
3395 436 3535 492 alios
3566 439 3732 493 ineu-

2134 519 2241 572 sari
2265 529 2481 588 propter
2506 535 2624 585 nos,
2647 537 2804 591 quam
2837 537 2936 577 nos
2961 533 3174 593 propter
3196 524 3351 581 alios.
3374 526 3455 582 Ne
3482 528 3615 583 mihi
3632 530 3733 583 di-

2134 609 2276 663 xeris
2303 607 2487 679 frigida
2511 610 2610 665 ista
2635 612 2826 678 verba,
2854 613 3155 668 Verendum
3202 631 3269 670 ne
3292 616 3364 671 ob
3393 628 3602 673 metum
3632 635 3733 675 me

2132 707 2282 768 putet
2309 699 2376 753 ad
2401 715 2461 754 se
2488 705 2801 768 accurrisse,
2832 718 2895 758 ac
2918 705 3136 774 proinde
3160 707 3389 777 majores
3418 709 3595 764 fastus
3622 728 3730 767 su-

2133 798 2278 843 mat:
2311 792 2529 859 pnerilis
2555 793 2652 847 ista
2673 795 2833 848 animi
2865 807 2988 851 sunt
3011 798 3317 863 etstulti,et
3344 802 3411 855 ad
3435 802 3726 858 hominum

2130 880 2575 937 existimationem
2603 886 3042 955 obstupescentis.
3074 890 3230 946 Putet
3269 908 3398 950 sane
3446 897 3594 966 quod
3647 899 3731 953 ob

2133 981 2328 1026 metum
2357 976 2627 1030 aecessisti
2648 997 2660 1030 :
2685 995 2807 1034 nam
2825 980 2973 1035 ctita
3006 998 3210 1040 merces
3229 994 3314 1040 tua
3338 989 3513 1058 major
3536 989 3727 1045 futura

2129 1070 2231 1124 est,
2259 1078 2378 1118 cum
2406 1073 2460 1119 et
2486 1066 2625 1121 istud
2646 1083 3068 1140 praecognoscas,
3088 1083 3343 1132 ettamcn
3364 1078 3435 1133 ob
3462 1080 3724 1137 timorem

2132 1150 2223 1206 Dei
2252 1155 2429 1207 omnia
2463 1156 2747 1212 sustineas.
2775 1159 2876 1226 Qui
2915 1162 3057 1216 enim
3087 1164 3280 1219 famam
3298 1168 3584 1224 hominum
3612 1187 3724 1225 au-

2127 1258 2347 1314 cupans,
2371 1248 2858 1307 reconciliationem
2880 1253 3112 1310 instituit
3141 1296 3157 1323 ,
3197 1257 3531 1316 abscinditur
3554 1278 3590 1317 a
3624 1279 3721 1318 re-

2128 1339 2440 1394 munerandi
2464 1341 2613 1397 lucro
2646 1360 2661 1399 :
2691 1344 2779 1413 qui
2808 1355 2987 1401 autem
3016 1346 3118 1402 hoc
3140 1349 3309 1419 ipsum
3330 1352 3490 1420 plane
3518 1357 3720 1424 cogni-

2126 1437 2235 1484 tum
2258 1429 2437 1499 habet,
2466 1433 2607 1504 quod
2636 1435 2787 1490 multi
2815 1446 2872 1492 et
2897 1437 3192 1494 irridebunt
3224 1451 3279 1496 et
3307 1444 3717 1514 vituperabuut,

2124 1535 2297 1591 neque
2322 1528 2498 1576 tamen
2519 1523 2603 1579 vel
2624 1526 2691 1579 ita
2709 1525 2917 1582 absistit
2933 1543 2963 1581 a
2988 1531 3437 1601 reconciliatione,
3461 1535 3720 1606 duplica-

2126 1617 2232 1664 tam
2262 1618 2318 1667 et
2348 1613 2665 1682 triplicatam
2692 1615 2909 1672 habebit
2934 1633 3205 1675 coronam.
3253 1623 3320 1677 Et
3368 1623 3456 1680 hic
3494 1629 3720 1694 potissi-

2123 1718 2267 1757 mum
2290 1704 2334 1759 is
2354 1712 2456 1773 est,
2479 1705 2566 1775 qui
2588 1716 2805 1777 propter
2832 1708 2996 1764 Deum
3018 1711 3070 1764 id
3090 1711 3233 1766 fecit.
3261 1712 3339 1769 Ne
3378 1715 3509 1769 mihi
3534 1716 3715 1781 dicas,

2118 1792 2220 1848 has
2248 1802 2303 1850 et
2330 1794 2449 1851 illas
2475 1795 2694 1867 injurias
2723 1798 2901 1854 intulit
2930 1818 2944 1857 :
2976 1816 3097 1856 nam
3138 1803 3184 1857 si
3230 1804 3483 1876 quidquid
3533 1808 3715 1863 malo-

2122 1899 2240 1938 rum
2269 1892 2353 1939 est
2380 1884 2435 1940 in
2458 1885 2782 1955 hominibus,
2816 1888 2869 1943 id
2896 1890 3154 1946 adversus
3176 1902 3228 1948 te
3255 1894 3712 1967 deprompsisset,

2107 1974 2280 2028 etiam
2309 1975 2381 2030 ita
2400 1975 2562 2047 jussit
2587 1977 2727 2034 Deus
2747 1977 2979 2036 offensas
3007 1984 3299 2039 remittere.

2194 2066 2247 2121 5.
2263 2065 2564 2124 Inimicitias
2583 2085 2816 2125 exercens
2839 2090 2902 2128 ne
2922 2073 2990 2127 ad
3007 2091 3206 2129 sacram
3222 2094 3447 2133 metuam
3472 2083 3713 2137 accedat.

2119 2159 2333 2214 -â€”Ecce
2357 2161 2609 2231 praedico,
2638 2172 2694 2217 et
2721 2175 3014 2234 contestor,
3027 2174 3083 2222 et
3104 2168 3247 2224 clara
3268 2186 3399 2226 voce
3434 2173 3713 2240 exclamo,

2122 2266 2279 2306 nemo
2306 2253 2396 2322 qui
2413 2253 2685 2310 inimicum
2707 2254 2899 2312 habeat
2922 2299 2937 2324 ,
2961 2259 3026 2314 ad
3052 2274 3258 2316 sacram
3279 2278 3519 2319 mensam
3544 2267 3717 2323 adeat

2118 2351 2173 2396 et
2199 2357 2390 2413 corpus
2418 2343 2617 2402 Christi
2637 2348 2898 2418 accipiatâ€˜
2938 2367 2952 2415 ;
2980 2366 3140 2407 nemo
3153 2354 3241 2423 qui
3263 2355 3397 2420 adit,
3427 2356 3712 2414 inimicum

2122 2433 2331 2488 habeat.
2365 2434 2642 2491 inimicum
2672 2437 2874 2493 habes?
2900 2455 2967 2495 ne
2994 2442 3242 2499 accedas.
3288 2442 3380 2499 Vis
3405 2448 3716 2504 accedere?

2119 2524 2488 2592 reconciliare,
2509 2536 2564 2582 et
2592 2534 2705 2582 tum
2732 2542 2942 2584 sacrum
2958 2531 3175 2602 attinge.
3202 2533 3310 2588 lmo
3328 2551 3431 2589 non
3454 2552 3573 2607 ego.
3607 2541 3713 2594 sed

2120 2613 2295 2682 potius
2326 2615 2579 2672 Dominus
2625 2627 2843 2689 propter
2867 2633 2967 2674 nos
3009 2623 3294 2678 crucifixus
3324 2625 3421 2679 ista
3452 2626 3616 2693 dicit;
3653 2639 3718 2684 ut

2118 2704 2487 2761 reconciliaret
2532 2716 2583 2762 te
2629 2707 2791 2774 Patri,
2821 2725 2888 2764 ne
2919 2711 3137 2766 mactari
3180 2713 3391 2783 quidem
3436 2721 3715 2775 recusavit

2117 2804 2209 2848 aut
2232 2798 2543 2866 sanguinem
2574 2798 2879 2867 effundere;
2925 2812 2977 2858 tu
3019 2813 3196 2860 autem
3241 2817 3297 2861 ut
3331 2812 3715 2869 reconcilieris

2117 2898 2396 2953 conservo,
2432 2904 2531 2943 nec
2560 2891 2780 2946 verbum
2805 2893 2884 2948 vis
2914 2895 3189 2964 emittere,
3217 2906 3310 2952 aut
3334 2901 3497 2969 ,prior
3539 2918 3713 2960 accc-

2115 2976 2463 3046 dcre?Audi,
2491 2982 2617 3051 quid
2639 2981 2706 3038 de
2730 2985 2921 3039 talibus
2946 2987 3179 3056 loquitur
3198 2990 3453 3048 Dominus
3486 3012 3501 3049 :
3528 2994 3593 3050 Si
3618 2996 3713 3066 of-

2117 3068 2218 3136 fers
2240 3084 2433 3123 munus
2446 3079 2584 3125 tuum
2601 3073 2668 3125 ad
2683 3075 2862 3141 altare,
2882 3087 2928 3129 ct
2946 3078 3052 3131 illic
3073 3081 3362 3136 recordatus
3388 3086 3544 3153 fueris
3560 3088 3714 3156 quod

2115 3157 2273 3222 frater
2317 3167 2432 3213 tuus
2479 3161 2846 3233 aliquid/labet
2874 3167 3138 3224 adversum
3164 3179 3211 3224 te
3230 3170 3452 3243 (Matth.
3482 3176 3536 3231 á½ƒ.
3563 3177 3708 3249 ÎžÎž)Í¾

2118 3262 2220 3299 non
2265 3248 2438 3317 dixit,
2484 3262 2765 3322 exspecta,
2795 3256 2964 3312 donec
2990 3259 3078 3313 ille
3103 3261 3283 3316 veniat
3309 3263 3376 3318 ad
3407 3274 3488 3332 te,
3520 3276 3616 3322 aut
3646 3248 3709 3325 ut

2115 3337 2293 3406 aliquo
2320 3340 2424 3392 alio
2451 3341 2807 3399 intercessore
2839 3348 3030 3413 utaris,
3065 3359 3156 3405 aut
3183 3351 3583 3422 deprecatorem
3621 3360 3709 3414 al-

2116 3428 2280 3495 leges,
2312 3431 2428 3496 Sed,
2462 3442 2514 3486 tu
2547 3433 2678 3504 ipse,
2714 3436 2903 3506 inquit,
2932 3439 2998 3493 ad
3031 3439 3173 3495 illum
3200 3458 3438 3499 accurre.
3464 3446 3577 3511 Abi,
3614 3449 3706 3503 iu-

2114 3518 2247 3585 qoit,
2273 3519 2411 3587 prius
2430 3524 2928 3595 rcconciliarefratri
2960 3537 3046 3582 tuo
3074 3528 3284 3597 (Matth.
3309 3533 3361 3587 á½….
3390 3533 3501 3603 24).
3534 3535 3579 3589 ÎŸ
3616 3537 3707 3591 fa-

2114 3619 2255 3661 ctum
2274 3609 2613 3668 incredibile?
2643 3614 2756 3684 ipse
2776 3630 2880 3670 non
2902 3619 3203 3689 accipitpro
3224 3621 3535 3693 ignominia,
3550 3628 3706 3696 quod

2114 3699 2310 3755 donum
2349 3703 2448 3757 sibi
2491 3704 2814 3761 destinatum
2852 3709 3198 3779 relinquatur,
3231 3724 3287 3769 et
3327 3724 3381 3768 tu
3410 3728 3704 3773 contume-

2114 3790 2238 3844 liam
2270 3803 2441 3862 putas,
2473 3794 2517 3848 si
2562 3797 2705 3865 prior
2727 3799 2888 3853 abeas
2928 3800 2994 3854 ad
3021 3804 3543 3862 reconciliationem?
3566 3809 3699 3879 Dic,

2113 3898 2314 3952 quasso,
2344 3903 2460 3957 qua:
2477 3890 2629 3943 venia
2648 3890 2868 3946 debetur
2880 3894 2999 3948 Istis
3020 3895 3214 3950 rebus?
3230 3897 3284 3953 Si
3307 3899 3504 3954 videris
3524 3917 3703 3956 mem-

2113 3975 2267 4030 brum
2291 3977 2605 4045 abscissum,
2639 3996 2815 4036 annon
2858 3986 3036 4040 omnia
3063 3987 3189 4042 facis
3209 4030 3223 4052 ,
3252 3999 3309 4043 ut
3356 3992 3703 4062 conglutint-s

2110 4068 2355 4138 corpori?
2403 4068 2546 4126 Idem
2575 4073 2655 4128 lac
2683 4075 2732 4129 in
2763 4074 3012 4134 fratribus
3063 4082 3203 4135 tuis:
3236 4083 3449 4152 quando
3492 4086 3702 4142 videris

2110 4173 2204 4212 eos
2236 4160 2503 4216 abscissos
2550 4178 2580 4217 a
2644 4174 2730 4219 tua
2764 4169 3023 4237 amicitia,
3053 4187 3277 4243 propera
3326 4175 3581 4231 celeriter
3622 4178 3700 4233 ad

2113 4250 2407 4318 amplexus,
2435 4267 2502 4305 ne
2529 4264 2806 4323 exspectes
2851 4258 3021 4315 donec
3052 4262 3148 4331 ipsi
3177 4264 3387 4332 priores
3410 4267 3476 4320 ad
3518 4277 3570 4322 te
3598 4284 3701 4324 Î½ÎµÎ±

2112 4338 2278 4405 niant,
2307 4341 2400 4395 sed
2432 4343 2544 4412 ipse
2573 4346 2717 4413 prior
2740 4348 2976 4403 bravium
3005 4351 3250 4421 accipere
3278 4353 3491 4411 festina.

2186 4449 2327 4506 Unus
2368 4453 2599 4509 inimicus
2635 4466 2738 4511 esto
2763 4459 2902 4514 nobis
2926 4461 3175 4519 diabolus.
3202 4494 3275 4505 â€”
3298 4465 3472 4522 Unum
3504 4468 3691 4523 inimi-

2110 4558 2229 4598 cum
2252 4544 2385 4612 jussi
2410 4560 2592 4601 sumus
2613 4547 2809 4606 habere
2831 4551 3118 4619 diabolum,
3141 4571 3261 4610 eum
3281 4557 3370 4611 illo
3397 4576 3694 4631 numquam

2112 4635 2164 4689 in
2194 4637 2413 4705 gratiam
2455 4637 2670 4706 redeas;
2701 4640 2956 4699 adversus
2983 4642 3200 4700 fratrem
3232 4663 3358 4702 vero
3398 4666 3691 4721 numquam

2111 4725 2184 4779 sis
2210 4726 2421 4782 inimico
2446 4729 2655 4796 animo,
2681 4731 2772 4785 scd
2798 4735 2843 4786 si
2864 4744 2981 4787 nata
3013 4732 3170 4791 fuerit
3191 4738 3364 4806 aliqua
3390 4738 3693 4797 otl'cnsiun-

2110 4817 2248 4876 cula,
2275 4818 2480 4888 longior
2507 4836 2613 4874 uno
2635 4821 2721 4878 die
2742 4838 2814 4877 ne
2835 4837 2970 4892 esto,
2994 4842 3165 4896 neque
3191 4831 3416 4898 spatium
3434 4833 3691 4889 diurnum

2111 4908 2371 4963 excedito.
2403 4909 2496 4964 Sol
2519 4951 2534 4975 ,
2568 4912 2765 4983 inquit,
2793 4933 2893 4970 non
2937 4920 3132 4973 occidat
3172 4938 3326 4991 super
3363 4924 3692 4981 iracundiam

2110 5007 2320 5051 vestram
2349 4998 2560 5071 (Ep/tes.
2589 5003 2644 5058 4.
2673 5002 2784 5074 9.6).
2817 5004 2872 5060 Si
2896 5015 3020 5063 ante
3048 5024 3323 5079 vesperam
3351 5017 3689 5072 stamaebum

2110 5089 2285 5155 ponis,
2314 5088 2475 5144 habes
2501 5105 2529 5144 a
2562 5090 2672 5147 Deo
2695 5094 2924 5164 aliquam
2953 5098 3158 5152 veniam
3184 5102 3358 5169 :quod
3389 5103 3433 5157 si
3460 5106 3691 5163 ulterius

2111 5188 2195 5232 tua
2237 5180 2358 5234 bilis
2381 5181 2617 5249 durarit,
2645 5200 2751 5239 non
2779 5200 2846 5241 ex
2888 5187 2965 5241 ira
3005 5196 3059 5243 et
3096 5190 3457 5262 indignatione
3492 5200 3688 5266 raptim

2108 5313 2227 5380 b_us,_
2259 5315 2434 5380 Paulus
2462 5330 2574 5368 vero
2594 5317 2679 5369 ait.
2703 5323 2911 5372 Nannius
2947 5334 2975 5372 a
3010 5322 3154 5374 Paulo
3191 5327 3338 5375 etiam
3371 5331 3693 5380 memorando

2108 5376 2320 5424 abstinet
2342 5377 2391 5426 in
2413 5381 2544 5448 _e_t_b'_t.
2570 5381 2754 5448 alorci,
2779 5389 2832 5432 et
2868 5380 3040 5434 Paulus
3054 5387 3161 5448 ipse
3181 5376 3474 5439 sententiam
3492 5376 3690 5442 hic'ex;

2108 5449 2320 5501 pressam
2343 5439 2511 5490 nullibi
2534 5439 2744 5501 protulit.

2151 5501 2171 5578 Î¾
2204 5500 2256 5578 l_n
2277 5502 2428 5578 Savil.
2454 5512 2508 5555 et
2532 5500 2579 5578 in
2616 5522 2713 5578 uno
2742 5509 2933 5578 Codice.
2975 5512 3100 5578 haec,
3135 5516 3200 5565 ad
3227 5530 3422 5570 sacram
3464 5537 3687 5578 "tensam

2090 5567 2232 5639 egeat
2249 5570 2293 5639 et
2326 5579 2501 5639 corpus
2524 5568 2703 5639 Qhristi
2717 5568 2940 5639 accipiat,
2964 5567 3162 5639 desunt.
3188 5579 3287 5629 Sed
3314 5567 3686 5639 suâ€™iiâ€˜ei"ii'5?â‚¬ii

2088 5625 2162 5673 sic
2202 5625 2419 5685 habent,
2448 5629 2744 5704 etOSavilius
2782 5625 2832 5682 in
2875 5625 3481 5709 margineaztferi.w_fl:ee

2089 5699 2325 5771 germinat
2365 5693 2610 5771 esseipsa
2631 5693 2794 5771 series
2820 5693 3017 5760 arguit';
3062 5699 3140 5750 his
3178 5705 3310 5753 enim
3335 5693 3560 5771 demptis
3586 5693 3685 5763 im:

2092 5750 2314 5812 perfecta
2361 5750 2582 5805 clausula
2623 5763 2717 5807 est.
