3894 6226
493 339 594 394 9.07

494 462 624 509 tum.
655 455 807 514 Unde
855 460 903 515 id
948 461 1142 531 liquet?
1170 462 1244 516 lix
1287 465 1395 533 ipsa
1439 466 1760 535 precatione.
1813 471 1870 521 Si
1914 468 2066 533 enim;

494 547 682 616 inquit,
710 551 996 605 remiscriti:
1039 553 1321 608 hominibus
1365 572 1459 609 sua
1505 557 1668 609 debita
1692 595 1706 622 ,
1739 559 1886 610 etiam
1918 555 2077 610 Pater

494 647 652 693 vester
672 641 881 696 etelcstis
901 643 1113 696 remittet
1131 645 1265 698 vobis
1287 645 1450 700 debita
1467 657 1627 700 vestra
1653 645 1860 719 (Matth.
1885 645 1935 702 6.
1964 643 2074 717 14).

493 734 537 798 ρ
561 745 756 787 tantum
780 745 954 790 autem
979 738 1318 792 intervallum
1351 740 1488 794 inter
1511 750 1724 794 centum
1749 739 1996 794 denarios
2026 747 2074 792 et

494 827 672 880 decies
698 827 841 881 mille
873 829 1068 882 talenta
1096 871 1111 894 ,
1144 839 1344 885 tantum
1372 847 1581 901 quoque
1609 832 1747 886 inter
1780 831 1866 885 illa
1898 838 1950 884 et
1979 831 2077 884 ista

492 916 688 970 debita.
719 918 830 983 Qua
859 919 1016 988 igitur
1047 936 1198 990 pmna
1226 922 1417 992 dignus
1439 938 1552 977 non.
1573 922 1757 985 fueris,
1783 922 1870 992 qui
1900 921 2076 976 decies

495 1008 638 1062 mille
666 1009 860 1064 talenta
902 1026 998 1080 pro
1041 1023 1255 1068 centum
1294 1024 1632 1084 accepturus,
1659 1031 1725 1068 ne
1761 1014 1837 1068 sic
1862 1013 2075 1083 quidem

493 1105 590 1150 ista
622 1101 876 1155 minutula
908 1104 1134 1158 remittis
1157 1147 1172 1171 ,
1203 1107 1295 1159 sed
1325 1115 1466 1159 tuam
1514 1107 1870 1175 precationem
1903 1105 1954 1159 in
2001 1114 2078 1160 te-

473 1184 778 1261 metipsum
794 1196 1096 1251 convertis?
1116 1196 1248 1252 Cum
1273 1199 1413 1252 enim
1441 1198 1660 1264 dixeris,
1685 1196 1893 1251 Dimitte
1913 1196 2073 1261 nobis,

490 1285 614 1336 sicut
641 1295 686 1337 et
712 1302 804 1339 nos
832 1286 1127 1342 dimittimus
1157 1288 1370 1358 (Matth.
1400 1290 1453 1344 6.
1485 1288 1594 1361 19.),
1625 1289 1668 1343 si
1695 1299 1747 1343 tu
1773 1305 1876 1343 non
1898 1288 2078 1342 dimit-

494 1385 603 1443 tas,
628 1378 757 1431 nihil
788 1379 930 1432 aliud
963 1395 990 1433 a
1023 1381 1130 1434 Dco
1158 1381 1394 1450 postulas
1415 1425 1430 1448 ,
1456 1398 1613 1452 quam
1643 1390 1700 1436 ut
1728 1391 1780 1436 te
1818 1381 1962 1436 omni
1985 1396 2078 1436 ex.-

491 1472 785 1538 cusatione,
811 1475 954 1528 omni
982 1475 1131 1529 venia
1157 1475 1423 1529 excludat.
1448 1473 1732 1541 Czeterum,
1753 1475 1946 1544 inquis,
1971 1489 2075 1528 non

489 1562 660 1616 ausim
687 1562 885 1630 dicere,
912 1565 1124 1621 Dimitte
1145 1566 1297 1632 mihi,
1320 1568 1456 1620 sicut
1476 1566 1686 1619 dimitto
1706 1583 1717 1618 :
1738 1565 1830 1620 sed
1851 1574 2070 1628 tantum,

493 1653 708 1709 Dimitte
749 1656 897 1710 mihi.
926 1657 1060 1724 Quid
1111 1666 1220 1712 tum
1257 1658 1394 1712 hoc?
1426 1659 1584 1712 etiam
1625 1657 1670 1712 si
1698 1667 1752 1712 tu
1791 1659 1904 1728 ipse
1945 1656 2075 1712 illud

491 1761 598 1800 non
627 1748 778 1802 dicas
800 1790 813 1812 ,
848 1751 992 1805 Deus
1019 1760 1194 1806 tamen
1242 1751 1311 1805 ita
1343 1751 1503 1817 facit,
1535 1760 1590 1806 et
1625 1751 2074 1820 quemadmodum

489 1837 712 1894 dimittis
732 1882 746 1906 ,
773 1841 842 1894 ita
883 1841 1120 1896 dimittit.
1163 1843 1294 1898 Nam
1336 1844 1462 1898 illud
1491 1860 1556 1898 ex
1583 1845 1928 1915 sequentibus
1957 1860 2076 1916 qua:

492 1942 675 2000 postea
720 1934 955 2001 inducit,
985 1936 1190 1990 clarum
1239 1937 1360 1990 facit
1390 1955 1403 1990 :
1437 1937 1498 1992 Si
1543 1939 1710 2005 enim,
1743 1939 1950 2008 inquit.
1974 1955 2075 1993 non

489 2027 779 2080 remiseritis
821 2027 1106 2083 hominibus
1130 2070 1144 2094 ,
1174 2046 1332 2098 neque
1361 2029 1519 2084 Pater
1555 2040 1714 2084 vester
1751 2031 1963 2085 cwlestt's
1998 2049 2076 2085 re-

491 2118 648 2172 mittet
674 2119 809 2172 vobis
840 2121 858 2188 (
888 2118 912 2172 Ι
923 2121 1025 2174 bid.
1057 2135 1106 2174 υ.
1142 2121 1272 2189 15).
1300 2121 1376 2176 Nc
1407 2122 1564 2207 igitur
1591 2123 1852 2177 cautelam
1885 2131 2036 2192 putes
2056 2164 2070 2188 ,

488 2210 532 2263 si
563 2225 670 2264 non
699 2219 864 2264 totam
892 2212 1191 2267 orationem
1217 2211 1461 2281 proferas
1482 2254 1496 2278 ,
1527 2229 1700 2282 neque
1742 2212 2072 2267 dimidiatam
2111 2243 2113 2245 ι

489 2304 849 2370 precationem
879 2304 1040 2359 facias
1061 2346 1074 2369 ,
1103 2304 1197 2359 sed
1235 2314 1390 2374 prout
1413 2305 1640 2360 instituit
1665 2345 1680 2372 ,
1712 2305 1783 2360 ita
1815 2321 2034 2375 precare
2055 2346 2071 2372 ,

489 2403 548 2449 ut
589 2397 881 2451 necessitas
926 2396 1176 2452 dictionis
1202 2398 1740 2468 quondm-exterrens
1783 2398 2075 2468 compellat

488 2495 542 2540 te
571 2486 637 2541 ad
666 2488 910 2556 proximo
939 2489 1146 2543 veniam
1175 2489 1602 2544 condonandam.
1635 2489 1716 2544 Ne
1745 2489 1874 2543 mihi
1901 2489 2069 2556 dicas,

487 2578 809 2647 Compellavi
828 2621 844 2645 ,
873 2595 1016 2649 saepe
1045 2580 1249 2650 rogavi,
1277 2581 1565 2650 supplicari
1588 2623 1602 2645 ,
1635 2579 1729 2635 sed
1757 2581 2071 2636 reconcilia-

491 2669 686 2724 tionem
711 2669 999 2738 impetrare
1037 2684 1142 2724 non
1171 2671 1344 2739 potui;
1374 2686 1440 2724 nc
1463 2672 1610 2740 prius
1634 2671 1880 2738 absistas,
1913 2685 2070 2743 quam

491 2760 870 2815 reconcilieris.
913 2761 1027 2815 Non
1059 2762 1201 2816 enim
1228 2761 1396 2827 dixit,
1429 2761 1644 2817 Dimitte
1685 2761 1788 2818 hoc
1830 2763 2028 2818 donum
2053 2806 2069 2831 ,

488 2863 545 2908 et
572 2853 662 2908 abi
689 2855 1041 2923 supplicatum
1072 2853 1217 2908 fratri
1249 2863 1338 2909 tuo
1361 2895 1375 2920 ,
1400 2853 1493 2909 sed
1516 2895 1529 2917 ,
1569 2853 1728 2923 Vade,
1751 2857 2074 2911 reconciliare

490 2943 700 3011 (Matth.
733 2945 786 3001 5.
815 2945 905 3016 24)
940 2963 952 3000 :
981 2945 1332 3016 quamobrem
1364 2947 1461 3001 etsi
1485 2949 1704 3000 multam
1734 2947 2072 3016 supplicatio-

489 3053 612 3092 nem
637 3037 970 3102 adhibueris,
990 3053 1056 3093 ne
1082 3039 1229 3108 prius
1251 3037 1488 3104 desinas,
1515 3053 1671 3108 quam
1705 3040 2058 3108 persuaseris.

489 3133 630 3186 Deus
655 3145 750 3201 per
774 3131 1014 3201 singulos
1035 3131 1150 3187 dies
1177 3147 1207 3185 a
1235 3131 1389 3186 nobis
1417 3131 1645 3202 ﬂagitat,
1673 3141 1728 3188 et
1774 3148 1881 3188 non
1921 3132 2072 3188 audi-

492 3239 630 3290 mus,
659 3239 760 3280 nec
782 3233 956 3280 tamen
983 3241 1012 3279 a
1034 3224 1357 3296 ﬂagitatione
1381 3226 1619 3292 desistit,
1642 3236 1694 3280 et
1717 3235 1771 3280 tu
1797 3241 1827 3280 a
1848 3240 2070 3282 conser-

487 3331 555 3368 vo
597 3315 903 3384 dedignaris
939 3315 1223 3386 ﬂagitare?
1250 3317 1348 3383 Qui
1372 3357 1390 3384 ,
1413 3331 1594 3386 (ιυωεο
1617 3358 1632 3384 ,
1655 3317 1862 3386 poteris
1890 3317 2070 3371 salvus

487 3407 647 3460 esse?
677 3407 835 3477 Atqui
864 3422 1005 3477 sa-pe
1042 3409 1278 3477 rogasti,
1308 3417 1361 3462 et
1395 3423 1538 3477 saepe
1567 3408 1810 3476 repulsus
1844 3423 1902 3464 es
1927 3426 1942 3475 ;
1974 3407 2068 3463 sed

486 3507 635 3552 tanto
668 3498 926 3568 majorem
966 3497 1264 3554 mercedem
1291 3499 1540 3568 accipies.
1579 3499 1712 3553 Nam
1740 3509 1939 3570 quanto
1983 3500 2071 3555 ille

487 3589 838 3657 pervicacior,
861 3597 915 3642 et
941 3597 994 3642 tu
1017 3589 1067 3642 in
1092 3587 1426 3643 sollicitando
1447 3591 1892 3658 perseverantior,
1919 3598 2068 3646 tanto

488 3681 540 3734 in
586 3679 764 3748 majus
807 3691 892 3734 tua
943 3680 1222 3735 retributio
1272 3681 1566 3746 accrescit;
1612 3697 1824 3736 rursum
1869 3692 2068 3753 quanto

485 3786 608 3824 cum
637 3769 844 3840 majore
869 3769 1180 3825 difficultate
1205 3771 1306 3824 hoc
1329 3785 1463 3840 opus
1483 3771 1692 3826 virtutis
1717 3773 1920 3842 exples,
1945 3788 2068 3843 gra-

489 3862 711 3932 viusque
739 3861 1101 3918 reconciliatio
1129 3862 1472 3929 instauratur,
1506 3871 1651 3918 tanto
1676 3873 1729 3918 et
1750 3865 1889 3919 illius
1928 3864 2068 3934 judi-

486 3954 626 4008 cium
665 3953 836 4024 majus
866 3954 988 4018 erit,
1012 3965 1065 4008 et
1091 3953 1484 4024 Splendidiores
1513 3966 1614 4009 tuae
1658 3956 1950 4011 tolerantia:
1977 3972 2068 4012 co:-

487 4063 654 4102 ronae.
684 4045 798 4101 Non
832 4045 1091 4100 laudanda
1121 4045 1218 4100 ista
1263 4045 1435 4101 solum
1457 4089 1472 4113 ,
1497 4048 1592 4102 sed
1629 4047 1781 4103 factis
1811 4048 2068 4104 exhiben-

484 4141 550 4192 da
576 4179 591 4202 ,
619 4152 716 4192 nec
747 4138 892 4206 prius
919 4136 1270 4193 abscedamus
1290 4179 1306 4205 ,
1335 4154 1493 4206 quam
1527 4139 1594 4194 ad
1619 4151 1851 4195 veterem
1883 4141 2068 4194 amici-

487 4236 612 4285 tiam
653 4231 856 4286 reversi
899 4231 1172 4285 fuerimus.
1200 4231 1317 4286 Non
1343 4231 1484 4286 enim
1512 4231 1751 4298 sufficit,
1773 4234 1912 4302 quod
1958 4249 2063 4288 non

486 4323 658 4388 lazdis,
677 4323 820 4394 quod
841 4323 981 4377 nulla
1013 4323 1204 4394 injuria
1227 4323 1394 4378 afﬂcis
1412 4325 1706 4392 inimicum,
1727 4327 1934 4396 etquod
1957 4342 2062 4383 non

486 4413 774 4484 malignum
821 4413 1057 4469 animum
1086 4413 1342 4469 adversus
1374 4429 1495 4469 eum
1527 4416 1668 4484 geris
1693 4456 1706 4478 ,
1737 4415 1831 4471 sed
1858 4418 2064 4473 eniten-

484 4508 609 4562 dum
635 4516 718 4562 est
747 4516 803 4562 ut
829 4507 942 4576 ipse
971 4521 1184 4578 quoque
1207 4522 1330 4577 erga
1358 4521 1457 4562 nos
1484 4507 1802 4563 benevolum
1827 4509 2061 4566 animum

485 4599 690 4654 induat.

555 4693 611 4751 7.
649 4689 840 4746 Multos
867 4690 1008 4746 enim
1035 4689 1192 4746 audio
1216 4689 1451 4748 dicentes
1477 4708 1492 4746 :
1525 4691 1636 4763 Ego
1665 4691 1796 4747 nihil
1828 4691 2064 4751 infensus

484 4800 623 4850 sum,
655 4783 783 4839 nihil
813 4783 988 4850 doleo,
1023 4799 1196 4854 neque
1219 4785 1505 4856 quidquam
1528 4801 1811 4842 commune
1832 4803 1951 4842 cum
1973 4789 2065 4845 illo

484 4875 676 4932 habeo.
700 4873 899 4930 Verum
929 4891 1035 4930 non
1076 4875 1128 4930 id
1170 4890 1199 4929 a
1245 4876 1354 4931 Deo
1385 4887 1703 4946 praeceptum
1730 4888 1812 4934 est
1837 4887 1895 4932 ut
1934 4879 2065 4934 nihil

483 4982 603 5022 cum
643 4979 711 5022 eo
750 4965 946 5021 habeas
973 4981 1276 5034 commune,
1299 4968 1392 5022 sed
1421 4978 1480 5022 ut
1504 4969 1668 5024 multa
1697 4968 1894 5025 habeas
1919 4984 2068 5025 com-

483 5059 681 5113 munia.
714 5057 826 5114 ilae
865 5060 1005 5114 enim
1033 5059 1100 5116 de
1128 5076 1286 5115 causa
1330 5060 1493 5116 frater
1516 5071 1600 5117 est
1628 5071 1747 5118 tuus
1790 5080 1802 5115 :
1855 5063 1958 5118 hac
1998 5063 2066 5119 de

483 5166 638 5207 causa
679 5165 782 5205 non
807 5151 982 5206 dixit:
1026 5152 1258 5207 Remitte
1302 5153 1449 5220 fratri
1491 5164 1618 5218 tuo,
1668 5170 1786 5224 qua:
1813 5154 2065 5210 adversus

479 5261 603 5299 cum
645 5245 841 5309 habes;
889 5245 1010 5317 sed,
1031 5245 1155 5311 Abi,
1203 5255 1251 5300 et
1295 5263 1410 5301 cum
1450 5263 1508 5302 eo
1551 5249 1692 5318 prius
1730 5247 2066 5304 reconcilieris

482 5335 692 5398 (.llatth.
721 5337 776 5393 5.
796 5337 870 5392 24
892 5337 948 5409 );
975 5347 1028 5392 et
1051 5338 1096 5393 si
1123 5339 1210 5392 ille
1239 5339 1437 5408 aliquid
1468 5338 1626 5394 habet
1648 5339 1930 5395 adversum
1972 5348 2023 5395 te
2047 5382 2060 5404 ,

479 5445 550 5484 ne
594 5430 742 5497 prius
775 5427 1041 5498 inceptum
1097 5429 1330 5494 omittas,
1375 5445 1532 5499 quam
1579 5429 1878 5484 membrum
1935 5432 2063 5488 illud

477 5519 762 5575 concordia
801 5519 1044 5589 junctum
1072 5519 1355 5575 coalescat.
1387 5520 1464 5575 Tu
1493 5530 1670 5576 autem
1701 5530 1757 5575 ut
1783 5521 1916 5591 frugi
1947 5538 2063 5576 ser-

478 5626 604 5665 vum
633 5625 934 5682 compares,
965 5621 1020 5668 Θι
1039 5626 1224 5668 aurum
1253 5626 1558 5676 euumeras,
1590 5622 1639 5667 et
1665 5628 1786 5669 cum
1810 5626 2064 5670 mercato-

482 5702 633 5757 ribus
654 5703 834 5758 multis
863 5703 1024 5758 verba
1053 5703 1201 5768 facis,
1224 5713 1277 5757 et
1300 5703 1511 5774 longam
1539 5705 1805 5761 interdum
1830 5718 2063 5778 peregri-

483 5793 749 5851 nationem
770 5793 1024 5866 suscipis;
1045 5803 1103 5850 ut
1129 5802 1304 5852 autem
1335 5794 1602 5853 inimicum
1630 5798 1857 5855 amicum
1880 5800 2054 5868 facias,

1198 353 1257 403 Β.
1296 351 1569 406 ,ΙΟᾹΝΝἚΞ
1609 351 2069 408 CllltYSJ-STOM‘:

2177 350 2442 409 iiClllEP.
2483 353 3018 416 COXSTANTINOP.

3670 361 3777 415 203

2185 482 2289 520 non
2315 470 2491 524 omnia
2524 487 2705 527 moves
2731 485 2782 528 et
2805 475 2936 544 agis,
2969 472 3232 544 rcSponde
3262 472 3430 528 mihi?
3458 475 3527 528 At
3555 489 3780 544 quomo-

2181 558 2251 612 do
2281 563 2478 628 poteris
2510 561 2675 617 Deum
2708 565 2758 618 in
2804 567 3052 635 precibus
3080 567 3357 630 invocare,
3401 580 3520 620 cum
3550 565 3669 636 ejus
3699 566 3781 620 le-

2181 663 2298 718 gem
2334 659 2609 722 tantopere
2640 656 2908 726 negligas?
2929 657 3134 711 Servuli
3156 657 3422 725 possessio
3453 672 3558 710 non
3587 671 3777 726 magna

2182 743 2534 798 emolumenta
2574 745 2764 801 aﬂ‘erre
2804 756 3009 817 potest;
3053 748 3298 802 inimicus
3341 759 3525 802 contra
3572 747 3781 802 amicus

2184 831 2370 899 factus,
2405 842 2460 887 et
2486 836 2648 889 Deum
2686 838 2839 892 nobis
2872 840 3156 908 propitium
3184 847 3240 893 et
3267 838 3676 894 benevolentem
3706 841 3780 892 ia-

2182 922 2308 990 ciet,
2335 933 2387 979 et
2417 924 2571 981 facile
2598 937 2776 982 nostra
2806 939 3021 1000 peccata
3052 932 3314 997 resolvet,
3353 941 3405 986 et
3434 933 3573 986 inter
3603 931 3778 983 Immi-

2183 1028 2276 1067 nes
2300 1016 2532 1084 laudem,
2556 1029 2608 1071 et
2636 1021 2755 1072 vita:
2782 1031 2975 1075 nostrae
3001 1036 3244 1092 magnam
3281 1024 3623 1078 securitatem
3651 1037 3783 1076 con-

2182 1107 2414 1162 ciliabit‘
2440 1127 2453 1161 :
2483 1111 2611 1164 nihil
2642 1113 2782 1165 enim
2811 1114 3160 1182 periculosius
3187 1131 3345 1185 quam
3373 1115 3452 1169 vel
3477 1130 3652 1168 unum
3679 1113 3782 1166 ba-

2185 1195 2307 1252 bere
2333 1199 2624 1256 inimicum.
2646 1202 2776 1257 Nam
2799 1213 2852 1259 et
2877 1203 3014 1260 fama
3037 1205 3157 1259 vitze
3183 1214 3378 1259 nostra:
3396 1204 3632 1270 lzeditur,
3657 1219 3783 1258 cum

2182 1287 2273 1342 ille
2304 1290 2497 1345 millies
2523 1307 2623 1346 nos
2657 1293 2797 1362 apud
2826 1310 3011 1350 omnes
3039 1295 3368 1358 criminatur,
3397 1305 3452 1350 et
3478 1310 3638 1349 mens
3681 1309 3782 1348 no-

2181 1389 2287 1432 stra
2307 1380 2548 1436 turbatur
2567 1393 2620 1437 et
2639 1385 2984 1451 conscientia,
3007 1396 3060 1441 et
3084 1396 3448 1455 tempestatem
3466 1386 3780 1441 continuam

2182 1469 2238 1523 in
2263 1471 2452 1526 animis
2477 1474 2819 1529 sustinemus.
2843 1477 2973 1542 Quae
2995 1476 3168 1532 omnia
3191 1494 3312 1531 cum
3335 1478 3546 1547 cognita
3577 1475 3782 1531 habea-

2181 1577 2316 1629 mus,
2345 1565 2628 1620 llberemus
2657 1583 2754 1622 nos
2781 1569 2924 1637 ipsos
2948 1585 2975 1621 a
3002 1585 3155 1638 ptena
3175 1582 3226 1624 et
3252 1570 3534 1639 supplicio,
3563 1580 3618 1625 et
3641 1585 3777 1639 prae-

2180 1669 2304 1710 sens
2334 1657 2524 1710 festum
2557 1658 2629 1728 (a)
2657 1675 2776 1714 cum
2807 1661 3052 1715 omnibus
3076 1661 3185 1730 jam
3224 1661 3378 1716 dictis
3403 1676 3776 1725 revereainur,

2179 1755 2233 1800 et
2261 1747 2402 1816 quod
2432 1749 2574 1803 illius
2600 1752 2766 1820 gratia
2797 1751 2863 1804 ab
2894 1752 3212 1821 lmperatore
3247 1761 3494 1821 optamus
3524 1752 3773 1820 adipisci,

2180 1837 2232 1893 id
2259 1839 2419 1894 etiam
2451 1839 2570 1895 aliis
2599 1843 2972 1897 concedamus.
2999 1843 3129 1896 Nam
3151 1858 3216 1897 ex
3249 1843 3426 1896 multis
3456 1843 3641 1907 audio,
3675 1842 3776 1895 lm-

2181 1940 2478 1999 peratorcm
2529 1933 2777 2001 paschale
2824 1933 3015 1996 festum
3061 1934 3349 1988 reveritum
3373 1977 3387 2001 ,
3417 1935 3692 1988 civitatem
3720 1936 3772 1988 in

2177 2023 2400 2092 gratiam
2430 2035 2788 2094 recepturum,
2821 2040 3113 2095 omnesque
3132 2025 3366 2079 offensas
3393 2027 3772 2080 remissurum.

2177 2111 2297 2181 Qui,
2329 2131 2529 2186 quaso,
2575 2118 2734 2188 igitur
2763 2133 2865 2172 non
2909 2118 3175 2188 iniquum,
3218 2128 3277 2172 ut
3301 2117 3368 2172 ab
3395 2117 3512 2172 aliis
3541 2119 3772 2173 salutem

2178 2219 2506 2276 consequare
2529 2251 2544 2276 ,
2576 2210 2928 2265 reverentiam
2974 2210 3109 2264 velle
3147 2224 3266 2265 esse
3316 2209 3452 2265 festo
3479 2211 3719 2280 paschali
3755 2229 3768 2263 :

2179 2299 2265 2354 ubi
2294 2310 2469 2355 autem
2511 2303 2628 2357 aliis
2666 2303 2917 2371 jubemur
2959 2303 3323 2370 reconciliari,
3369 2304 3582 2359 easdem
3609 2304 3772 2359 ferias

2177 2393 2306 2446 nihil
2336 2409 2542 2458 curare,
2572 2405 2626 2449 et
2655 2397 2799 2450 nullo
2824 2396 2876 2449 in
2911 2395 3114 2451 honore
3154 2395 3386 2451 habere?
3415 2395 3596 2451 Nullus
3621 2397 3768 2451 enim

2178 2494 2453 2553 tantOpcrc
2490 2487 2816 2540 contaminat
2850 2501 3059 2541 sacrum
3091 2487 3248 2541 istum
3278 2486 3579 2556 paschalcm
3637 2501 3771 2541 con-

2177 2585 2422 2636 ventum,
2451 2591 2608 2646 quam
2648 2577 2736 2630 ille
2775 2577 2863 2646 qui
2892 2592 3012 2631 eum
3041 2592 3161 2633 cum
3188 2577 3458 2632 simultate
3495 2577 3768 2642 celebrat,

2177 2667 2284 2721 imo
2312 2682 2379 2721 ne
2399 2667 2668 2722 celebrare
2691 2668 2903 2737 quidem
2931 2677 3125 2737 potest,
3156 2669 3396 2738 quamvis
3424 2669 3608 2722 decem
3635 2683 3771 2722 con-

2178 2757 2354 2812 tinuos
2380 2758 2493 2812 dies
2522 2757 2590 2812 ab
2612 2759 2756 2812 omni
2779 2759 2898 2813 cibo
2923 2759 3203 2814 abstineat.
3242 2758 3374 2812 Nam
3421 2759 3505 2812 ubi
3537 2759 3769 2814 inimici-

2177 2851 2264 2905 tiae
2293 2859 2347 2905 ct
2375 2851 2552 2905 odium
2573 2893 2587 2916 ,
2627 2851 2697 2907 ibi
2729 2867 2900 2922 neque
2933 2851 3192 2922 jejunium
3224 2866 3394 2922 neque
3420 2851 3612 2906 festum
3641 2867 3768 2908 esse

2176 2952 2369 3012 potest.
2397 2943 2511 2998 Non
2535 2943 2698 2998 audes
2725 2945 2883 2997 illotis
2904 2943 3146 2998 manibus
3165 2958 3370 2998 sacram
3396 2944 3663 2997 victimam
3685 2952 3769 2996 at-

2177 3045 2435 3101 trectare,
2474 3035 2634 3090 etiam
2674 3037 2716 3089 si
2746 3037 2890 3091 mille
2916 3035 3320 3090 necessitatibus
3358 3027 3614 3104 premari's
3646 3050 3662 3086 :
3696 3048 3768 3088 ne

2176 3126 2334 3196 igitur
2359 3127 2506 3181 illota
2526 3125 2748 3182 accedas
2776 3127 2950 3181 anima
2984 3142 2999 3179 :
3034 3126 3135 3180 hoc
3156 3125 3298 3179 enim
3321 3125 3484 3179 multo
3503 3139 3663 3194 quam
3694 3125 3765 3178 il-

2175 3215 2264 3270 lud
2292 3224 2374 3271 est
2396 3216 2626 3286 gravius,
2673 3226 2728 3272 et
2767 3216 3012 3270 acerbius
3035 3215 3349 3286 supplicium
3381 3215 3646 3284 importat.
3672 3214 3768 3269 Ni.

2175 3305 2248 3360 hil
2273 3306 2414 3361 enim
2439 3306 2506 3359 ita
2535 3305 2718 3375 implet
2745 3314 2976 3360 mentem
2993 3304 3259 3370 sordibus,
3282 3314 3340 3359 ut
3365 3306 3440 3358 ira
3471 3305 3610 3357 intus
3632 3319 3765 3373 per-

2172 3405 2333 3465 petuo
2355 3397 2671 3464 consistens.
2703 3395 2802 3451 Ubi
2828 3397 2970 3450 enim
2999 3395 3146 3450 furor
3170 3404 3254 3450 est
3284 3403 3338 3450 et
3365 3395 3439 3448 ira
3461 3435 3477 3460 ,
3509 3410 3573 3450 eo
3603 3397 3764 3464 spiri-

2174 3497 2258 3542 tus
2288 3487 2706 3542 mansuetudinis
2734 3503 2838 3542 non
2863 3487 3092 3542 advolat.
3119 3487 3289 3541 Homo
3314 3495 3486 3540 autem
3515 3486 3763 3542 desertus

2172 3593 2202 3632 a
2229 3563 2425 3649 Spiritu
2452 3588 2657 3644 sancto,
2691 3593 2847 3648 quem
2880 3593 3028 3647 spem
3061 3579 3246 3632 salutis
3271 3577 3428 3631 habet
3456 3576 3762 3646 reliquam?

2172 3671 2385 3740 quando
2411 3679 2556 3724 recte
2585 3668 2828 3722 incedet?
2859 3667 2937 3722 Ne
2969 3668 3146 3737 igitur,
3178 3666 3386 3730 dilecte,
3419 3667 3544 3719 dum
3574 3667 3759 3720 ulcisci

2172 3760 2442 3814 inimicum
2484 3760 2563 3812 vis
2583 3800 2597 3824 ,
2629 3760 2857 3826 teipsum
2899 3758 3198 3828 prtecipites
3221 3797 3235 3823 ,
3269 3767 3360 3810 aut
3389 3756 3480 3809 Dei
3510 3757 3759 3826 praesidio

2171 3853 2388 3922 Spolies.
2419 3851 2642 3905 Maxime
2671 3866 2798 3904 vero
2818 3851 2960 3921 quia,
2993 3849 3200 3904 etiamsi
3226 3846 3455 3902 difﬁcilis
3483 3863 3566 3902 res
3591 3858 3758 3913 esset,

2170 3945 2438 4016 supplicii,
2463 3943 2605 4014 quod
2634 3959 2698 3997 ex
2726 3943 3122 4012 inobsequentia
3163 3941 3414 4005 nascitur,
3449 3941 3758 4011 magnitudo

2170 4039 2298 4092 satis
2325 4047 2425 4102 est,
2449 4045 2506 4090 ut
2527 4035 2603 4088 vel
2632 4034 2918 4090 admodum
2957 4034 3204 4102 supinum
3233 4042 3287 4086 et
3318 4033 3557 4102 ignavum
3588 4033 3762 4100 erigat

2170 4129 2469 4195 excitetque
2485 4125 2549 4180 ad
2571 4125 2811 4195 quemvis
2831 4123 3223 4194 suscipiendum
3248 4123 3479 4176 laborem
3501 4138 3515 4186 ;
3537 4131 3593 4174 at
3614 4135 3756 4175 nunc

2171 4219 2282 4289 ipsa
2312 4218 2481 4271 oratio
2506 4231 2748 4287 magnam
2771 4216 2926 4286 hujus
2948 4214 3140 4284 negotii
3164 4213 3397 4268 ostendit
3418 4211 3754 4275 facilitatem,

2169 4310 2212 4363 si
2253 4308 2411 4363 modo
2435 4307 2678 4361 velimus.
2709 4306 2786 4362 Ne
2814 4307 2972 4375 igitur
2997 4304 3321 4374 negligamus
3347 4311 3580 4357 nostram
3608 4302 3756 4371 ipso.-

2169 4416 2285 4456 rum
2314 4400 2560 4465 salutem,
2590 4398 2682 4453 sed
2711 4412 2925 4466 operam
2952 4395 3138 4450 demus
3163 4409 3226 4448 ac
3251 4393 3426 4447 omnia
3456 4391 3715 4445 faciamus
3736 4432 3757 4459 ,

2169 4499 2226 4545 ut
2257 4491 2370 4544 sine
2397 4489 2624 4543 inimicis
2650 4503 2815 4542 saera:
2845 4501 3043 4540 mensa:
3087 4485 3412 4538 assistamus.
3441 4481 3584 4536 Nihil
3611 4483 3756 4537 enim

2170 4592 2554 4653 prarcrptorum
2583 4579 2674 4635 Dei
2700 4578 2913 4632 difficile
2934 4578 3052 4642 erit,
3077 4577 3120 4630 si
3151 4585 3292 4629 recte
3318 4573 3761 4640 consideremus;

2169 4674 2326 4744 idque
2349 4681 2492 4742 patet
2517 4687 2582 4726 ex
2605 4670 2666 4724 iis
2692 4670 2777 4739 qui
2807 4669 3025 4723 leliciter
3045 4667 3224 4736 sejam
3254 4667 3305 4720 in
3328 4665 3430 4718 illis
3449 4676 3754 4734 gesserunt.

2168 4767 2306 4836 Quot
2343 4766 2483 4821 enim
2518 4763 2728 4832 jurandi
2767 4760 3144 4817 consuetudine
3170 4757 3585 4827 abripiebantur,
3619 4766 3674 4811 et
3699 4773 3755 4810 se

2171 4860 2221 4914 id
2253 4859 2362 4912 vitii
2393 4856 2676 4912 emendare
2715 4854 2798 4907 vix
2831 4868 2987 4922 posse
3024 4851 3344 4906 censebant?
3384 4849 3632 4902 Attamen
3664 4866 3757 4917 per

2170 4953 2262 5007 Dei
2284 4950 2529 5021 gratiam,
2564 4948 2648 5002 ubi
2673 4962 2833 5016 parva
2857 4963 2884 4999 a
2914 4945 3060 4998 vobis
3089 4943 3324 4997 adhibita
3354 4951 3435 4996 est
3453 4957 3604 5006 cura,
3639 4958 3754 4993 ma-

2165 5043 2336 5114 jorem
2377 5050 2578 5110 partem
2617 5039 2731 5108 ejus
2784 5035 3060 5106 pravitatis
3093 5034 3330 5088 abluistis
3363 5050 3376 5086 :
3407 5033 3756 5123 quamobrem

2169 5150 2264 5189 vos
2299 5133 2572 5197 adhortor,
2605 5140 2661 5184 ut
2686 5129 2933 5199 reliquias
2961 5140 3172 5198 quoque
3199 5125 3472 5194 deponatis
3492 5165 3506 5188 ,
3531 5124 3756 5191 aliiSque

2170 5227 2450 5298 magistros
2470 5239 2564 5279 vos
2594 5221 2908 5278 exbibeatis.
2937 5220 3004 5274 lis
3034 5235 3182 5283 vero,
3204 5218 3290 5288 qui
3319 5216 3553 5270 nondum
3586 5216 3636 5269 id
3665 5231 3754 5269 as-

2170 5317 2376 5387 sequuti
2419 5325 2574 5378 sunt,
2620 5312 2713 5367 sed
2753 5313 2965 5378 longum
3008 5309 3158 5362 nobis
3190 5317 3394 5376 tempus
3434 5317 3754 5376 prietexunt,

2169 5426 2274 5481 quo
2302 5419 2455 5464 antea
2485 5406 2623 5461 soliti
2648 5412 2799 5460 erant
2822 5402 3118 5471 juramenta
3141 5414 3414 5468 usurpare,
3441 5397 3754 5466 dicuntque,

2171 5500 2496 5571 impossibile
2518 5512 2636 5552 esse
2666 5497 2799 5549 intra
2824 5494 2983 5548 breve
3015 5503 3222 5561 tempus
3253 5489 3303 5545 id
3331 5489 3584 5556 avellere,
3610 5487 3757 5560 quod

2171 5612 2266 5666 per
2292 5595 2484 5650 multos
2509 5606 2674 5646 annos
2705 5589 2912 5643 radices
2947 5587 3074 5656 egit,
3118 5582 3480 5654 responderim
3506 5597 3626 5653 ego,
3662 5580 3758 5640 ubi
3815 5575 3819 5578 ’

2237 5750 2250 5778 ¹
2289 5754 2392 5795 Sav.
2420 5747 2468 5794 in
2492 5759 2664 5805 marg,
2689 5753 2909 5804 magnum
2925 5733 3501 5806 utilitatth__ronetliabit.
3753 5763 3768 5793 .

2237 5809 2308 5870 (a)
2343 5816 2450 5858 ttae
2465 5799 2661 5857 bomilia
2676 5799 2789 5855 ante
2814 5803 2985 5853 Pascha
3005 5801 3115 5850 anni
3138 5801 3228 5849 387
3251 5799 3414 5848 habita
3436 5805 3531 5847 est.
3695 5823 3733 5848 -ι
3783 5821 3792 5870 -ξ
