3894 6226
87 251 202 310 207

86 368 440 436 drdpdmocq
468 367 539 422 τὰ
565 367 935 437 ὀφειλήματα
966 364 1184 430 αὐτῶν,
1214 368 1313 421 καί
1333 371 1365 421 ό
1386 365 1586 434 Πατὴζρ
1610 365 1780 435 ὑμῶν

89 458 127 508 ό
163 453 458 523 οὐράνιος
486 454 713 523 ἀφήσει
735 454 884 524 ὑμῖν
914 453 989 509 τὰ
1020 451 1569 525 ὀφειλήματα-[209]
1591 450 1778 521 ὑμῶν.

91 541 277 595 Ὅσον
309 541 367 594 δὲ
402 542 594 596 ἑκατὸν
626 541 896 614 δηναρίων
910 541 1262 613 -καὶλμυρίων
1288 540 1568 595 ταλάντων
1595 540 1657 593 τὸ
1685 540 1782 609 μέ-

93 643 241 692 σον,.
268 625 522 680 τοσοῦτον
571 627 813 681 ἐκείνων
847 628 941 682 καὶ
980 629 1185 682 τούτων
1227 627 1337 681 τῶν
1382 625 1783 697 ὀφειλημάτων.

92 716 281 779 Ποίας
303 711 395 769 οὖν
423 715 535 769 ούκέ
567 715 634 770 ἂν
677 718 798 787 εἴης
827 715 1100 780 κολάσεως
1144 714 1291 781 ἄξιος
1330 717 1360 769 6
1385 715 1455 768 τὰ
1501 716 1669 787 μύρια
1694 715 1787 769 τά·

93 803 303 857 λαντα-
327 804 457 858 ἀντὶ
499 805 695 858 ἑκατὸν
748 804 1018 876 δηναρίων
1062 804 1362 876 λαμϐάνειν
1405 804 1644 875 μέλλων,
1696 805 1790 857 καὶ

95 892 408 945 οὐδὲοῦτω
438 892 508 946 τά
537 893 714 963 μικρὰ
741 892 914 945 ταῦτα
943 893 1123 962 ἀφεὶς,
1152 892 1291 947 ἀλλά
1327 892 1450 947 καθ’
1474 892 1666 946 ἑαυτοῦ
1690 892 1789 964 τὴν

96 980 282 1051 εὐχὴν
331 979 537 1050 ταύτην
597 978 955 1051 ποιούμενος;
1006 982 1173 1034 Ὅταν
1222 981 1333 1053 γὰρ
1381 979 1542 1051 εἴπῃς
1566 1020 1582 1044 ,
1620 982 1793 1049 Ἄφες

95 1067 280 1137 ἡμῖν,
310 1068 393 1135 ὡς
439 1069 535 1122 καί
571 1068 742 1138 ἡμεῖς
766 1069 1037 1139 ἀφίεμεν,
1072 1065 1191 1122 εἶτα
1226 1070 1290 1121 σὺ
1329 1068 1404 1140 μὴ
1435 1070 1600 1138 ἀφῇς,
1640 1068 1793 1121 οὐδὲν

96 1156 306 1225 ἕτερον
348 1155 440 1209 τὸν
492 1156 624 1208 Θεὸν
672 1156 1029 1228 παρακαλεῖς,
1062 1157 1179 1210 ἀλλ’
1208 1157 1241 1227 ἢ
1273 1157 1451 1227 πάσης
1500 1155 1796 1223 ἀπολογίας

95 1244 438 1315 ἀποστερεῖν
480 1260 539 1297 σε
587 1244 682 1297 καὶ
722 1245 1073 1316 συγγνώμης.
1093 1244 1231 1297 Ἀλλ’
1261 1246 1343 1298 ού.
1368 1243 1574 1315 τολμῶ,
1609 1245 1793 1315 φησὶν,

97 1331 496 1400 εἰπεῖν,”Αφες
527 1349 638 1401 μοι,
666 1332 847 1396 καθὼς
878 1332 1102 1403 ἀφίημι,
1128 1332 1446 1403 άλλ’,¹’Ᾱφες
1479 1349 1588 1402 μοι,
1614 1332 1793 1402 μόνον.

101 1419 228 1472 Καὶ
273 1418 327 1471 τί
370 1418 562 1486 τοῦτο;
596 1419 700 1472 κᾶν
729 1419 837 1491 γὰρ
878 1419 1043 1483 αὐτὸς
1094 1420 1168 1491 μὴ
1219 1421 1399 1493 εἴπῃς,
1431 1421 1460 1473 6
1491 1417 1625 1482 Θεὸς
1655 1417 1799 1472 οὕτω

103 1509 297 1560 ποιεῖ’
343 1506 527 1571 καθὼς
559 1507 751 1578 ἀφίης,
788 1507 962 1571 οὕτως
1001 1508 1216 1579 ἀφίησι.
1267 1506 1570 1561 Καὶλτοῦτο
1608 1508 1674 1561 ἐκ
1702 1507 1798 1576 τῆς

104 1595 418 1666 ἐπαγωγῆς
443 1594 664 1667 εὔδηλον
686 1594 960 1666 ἐποίησεν.
988 1596 1130 1650 Ἐὰν
1154 1596 1264 1669 γὰρ
1288 1596 1375 1665 μὴ
1406 1595 1617 1666 ἀφῆτε,
1645 1596 1799 1663 φησὶ,

103 1683 243 1749 τοῖς
286 1683 650 1752 ἀνθρώποις,
694 1683 837 1737 οὐδὲ
886 1686 919 1738 ὁ
963 1683 1168 1755 Πατὴρ
1221 1684 1389 1755 ὑμῶν
1443 1689 1476 1739 ό
1524 1683 1801 1753 οὐράνιος

103 1774 381 1842 ἀφίησιν
404 1774 567 1842 ὑμῖν.
600 1772 693 1842 Μὴ
741 1772 925 1826 τοίνυν
968 1772 1254 1827 εὐλάῦειαν
1301 1771 1438 1826 εἶναι
1484 1775 1712 1844 νομίσῃς
1742 1771 1802 1822 τὸ

111 1863 198 1932 μὴ
235 1861 416 1929 λέγειν
444 1858 737 1932 ὁλόκληρον
764 1858 864 1930 τὴν
896 1863 1074 1933 ῥῆσιν,
1110 1861 1251 1932 μηδὲ
1274 1861 1331 1927 ἐξ
1361 1860 1618 1932 ἡμισείας
1645 1860 1801 1912 ποιοῦ

105 1951 220 2019 τὴν
253 1949 438 2022 εὐχὴν,
472 1949 587 2002 ἀλλ’
612 1949 704 2012 ὡς
738 1949 926 2013 ἔταξεν
945 1962 994 2015 ο,
1040 1950 1213 2014 οὕτως
1260 1949 1445 2020 εὔχου,
1483 1949 1571 2002 ’ίνα
1620 1948 1725 2002 κᾶν
1768 1951 1800 2019 ἡ

109 2040 343 2110 ἀνάγκη
375 2037 476 2108 τῆς
511 2037 727 2104 λέξεως
748 2037 993 2107 φοόοὖσα
1022 2038 1144 2091 καθ’
1175 2038 1392 2109 ἡμέραν
1428 2038 1716 2109 συνωθὴσῃ
1745 2055 1804 2089 σε

111 2126 265 2198 πρὸς
292 2126 389 2197 τὴν
420 2124 528 2178 τῶν
553 2125 780 2195 πλησίον
807 2125 1174 2198 συγχώρησιν.
1199 2127 1290 2195 Μή
1325 2143 1416 2197 μοι
1448 2127 1571 2194 λέγε
1592 2142 1606 2156 ο
1662 2127 1808 2196 Παρ-

111 2214 363 2268 εκάλεσα
407 2213 596 2277 πολλὰ,
634 2213 906 2276 ἱκέτευσα,
939 2213 1186 2285 ἐδεήθην,
1215 2215 1309 2267 καὶ
1347 2215 1407 2266 ού
1448 2212 1761 2284 κατηλλάγη
1788 2230 1802 2245 ·

112 2301 394 2374 πρότερον
441 2302 515 2372 μὴ
558 2302 823 2372 ἀποστῇς,
855 2300 957 2361 ἕως
986 2300 1052 2355 ἂν
1084 2300 1445 2373 καταλλάξῃς.
1482 2302 1557 2355 Οὐ
1593 2301 1703 2374 γὰρ
1732 2299 1805 2359 εί-

115 2391 432 2457 πεν,”Α“φες
463 2388 524 2440 τὸ
549 2388 718 2458 δῶρόν
755 2402 871 2454 σου,
896 2388 991 2442 καὶ
1016 2387 1216 2456 ὕπαγε,
1244 2388 1517 2443 ἱκέτευσον
1550 2390 1641 2442 τὸν
1663 2389 1808 2442 ἁδελ-

116 2476 229 2547 φόν
266 2493 379 2540 σου,
416 2475 553 2541 ἀλλ’,
589 2477 829 2546 Ὕπαγε,
877 2476 1228 2546 διαλλάγηθι
1249 2493 1262 2508 ·
1317 2475 1462 2530 ὥστε
1511 2476 1612 2531 κᾶν
1639 2476 1810 2531 πολλὰ

122 2564 440 2637 ἱκετεύσῃς,
492 2564 566 2635 μὴ
623 2565 888 2636 πρότερον
937 2566 1204 2637 ἀποστῇς,
1248 2565 1354 2628 ἓως
1400 2565 1466 2618 ἂν
1517 2565 1809 2636 πείσῃς.ὐ

118 2653 264 2717 Θεὸς
311 2652 435 2706 καθ’
463 2653 702 2723 ἑκάστην
751 2655 969 2724 ἡμέραν
1010 2656 1161 2725 ἡμᾶς
1202 2653 1530 2724 παρακαλεῖ,
1562 2655 1657 2706 καὶ
1710 2654 1810 2706 οὐκ

120 2739 424 2809 ἀκούομεν,
455 2741 548 2793 καὶ
572 2741 721 2810 ὅμως
762 2741 825 2794 οὐ
869 2740 1102 2793 παύεται
1133 2740 1470 2812 παρακαλῶν
1491 2759 1504 2771 -
1543 2741 1606 2794 σὺ
1633 2740 1690 2793 δέ
1718 2740 1809 2793 τὸν

126 2827 422 2882 σύνδουλόν
456 2845 552 2880 σου
579 2827 832 2893 ἀπαξιοῖς
859 2829 1270 2901 παρακαλέσαι;
1306 2830 1417 2883 Καὶ
1451 2828 1579 2881 πότε
1608 2827 1811 2902 δυνήσῃ

123 2914 410 2984 σωθῆναι;
447 2915 610 2969 Ἀλλὰ
653 2916 916 2981 πολλάκις
956 2917 1362 2989 παρεκάλεσάς,
1411 2917 1506 2970 καὶ
1552 2915 1809 2978 πολλάκις

123 3002 549 3076 ἀπεκρούσθης·
599 3005 736 3060 ἀλλά
783 3004 1005 3059 πλείονα
1049 3004 1138 3058 διὰ
1184 3004 1343 3058 τοῦτο
1391 3004 1538 3078 λήψῃ
1595 3004 1805 3075 μισθόν.

126 3091 288 3161 Ὀσῳ
316 3092 425 3163 γάρ
458 3090 524 3146 ἂν
553 3092 761 3156 ἐκεῖνος
806 3093 1106 3164 φιλοκεινῇ,
1134 3094 1229 3145 καὶ
1255 3093 1319 3144 σὺ
1356 3092 1527 3165 μένῃς
1557 3107 1811 3165 παρακα-

126 3178 264 3241 λῶν,
293 3179 534 3251 τοσούτῳ
571 3196 655 3233 σοι
699 3181 768 3234 τὰ
806 3181 905 3252 τῆς
941 3180 1176 3252 ἀμοιϐῆς
1221 3179 1475 3248 αθξεται·
1527 3181 1636 3251 ὅσῳ
1677 3181 1814 3251 μετὰ

128 3267 383 3331 πλείονος
426 3267 710 3331 δυσκολίας
755 3268 817 3321 τὸ
862 3266 1193 3340 κατόρθωμα
1223 3267 1455 3337 γίνεται,
1491 3268 1584 3321 καὶ
1619 3265 1811 3320 πολλοῦ

126 3353 229 3409 τοῦ
261 3354 425 3408 πόνου
454 3357 486 3426 ἡ
514 3354 850 3426 καταλλαγὴ,
889 3355 1131 3427 τοσούτῳ
1164 3356 1404 3428 κάκείνῳ
1445 3355 1629 3427 μεῖζον
1660 3354 1813 3408 ἔσται

127 3443 197 3497 τὸ
227 3446 421 3515 κρῖμα,
452 3445 549 3497 καὶ
577 3444 658 3495 σοι
685 3442 1059 3515 λαμπρότεροι
1085 3443 1187 3514 τῆς
1213 3443 1508 3514 καρτερίας
1539 3444 1588 3496 οἱ
1616 3442 1815 3512 στέφα-

132 3547 238 3585 νοι.
272 3531 460 3585 Ταῦτα
497 3530 571 3603 μὴ
604 3531 762 3602 μόνον
793 3531 1128 3604 ἐπαινῶμεν,
1165 3530 1300 3585 ἀλλά
1339 3531 1434 3585 καὶ
1477 3529 1564 3583 διὰ
1591 3530 1700 3583 τῶν
1727 3529 1815 3601 ἕρ-

133 3635 253 3686 γων
305 3618 724 3689 ἐπιδειξώμεθα,
772 3620 869 3673 καὶ
923 3619 999 3692 μὴ
1047 3619 1314 3692 πρότερον
1346 3618 1815 3689 ἀναχωρήσωμεν,

134 3707 244 3770 ἕως
292 3706 357 3760 ἂν
401 3708 478 3770 είς
511 3705 616 3777 τὴν
643 3709 913 3779 προτέραν
943 3707 1328 3778 ἐπανέλθωμεν
1362 3706 1565 3777 φιλίαν.
1596 3706 1670 3760 Οὐ
1708 3706 1817 3777 γὰρ

136 3795 302 3863 ἀρκεῖ
320 3792 382 3846 τὸ
413 3791 488 3864 μὴ
511 3792 574 3845 λυ
585 3796 703 3847 πεῖν
734 3794 869 3866 μηδέ
899 3793 1104 3848 ἀδικεῖν
1129 3794 1219 3847 τὸν
1243 3793 1455 3865 ἐχθρὸν,
1482 3791 1615 3864 μηδέ
1638 3791 1818 3865 ἀηδῶς

139 3881 286 3951 ἔχειν
321 3878 455 3950 πρὸς
486 3880 649 3934 αὑτὸν
677 3881 820 3935 κατὰ
850 3881 1112 3945 διάνοιαν,
1143 3880 1281 3935 ἀλλά
1301 3880 1406 3953 χρὴ
1432 3883 1686 3935 κάκεῖνον
1710 3898 1817 3935 πα-

143 3967 501 4039 ρασκευάζειν
525 3968 696 4040 ἡδέως
725 3969 862 4041 πρὸς
892 3971 1041 4041 ἡμᾶς
1066 3968 1231 4041 ἔχειν.

213 4089 278 4155 ζ’.
338 4093 450 4146 Καὶ
496 4093 613 4164 γάρ.
651 4092 834 4147 ἀκούω
888 4093 1097 4147 πολλῶν
1134 4092 1443 4162 λεγόντων·
1522 4091 1665 4161 Ἐγὼ
1717 4093 1818 4146 οὐκ

139 4181 237 4250 ἐχθ
247 4180 434 4250 ραίνω,
453 4181 573 4234 οὐδὲ
591 4180 893 4253 λυποῦμαι,
918 4182 1036 4235 οὐδὲ
1068 4181 1175 4254 ἔχω
1202 4199 1253 4235 τι
1282 4182 1461 4236 κοινὸν
1477 4180 1614 4252 πρὸς
1631 4180 1813 4234 αὐτόν.

154 4268 294 4321 Ἀλλ’
321 4269 381 4322 οὐ
414 4268 574 4323 τοῦτο
608 4270 893 4324 ἐκέλευσεν
922 4271 950 4322 6
971 4270 1123 4335 Θεὸς,
1160 4270 1248 4324 ἵνα
1288 4270 1453 4342 μηδὲν
1476 4270 1654 4325 κοινὸν
1686 4268 1819 4342 ἔχῃς

143 4357 281 4429 πρὸς
308 4358 487 4421 αὐτὸν,
520 4358 634 4413 ἀλλ’
659 4358 746 4414 ἵνα
775 4358 912 4430 πρὸς
951 4359 1116 4412 αὐτὸν
1149 4360 1303 4414 κοινὰ
1341 4359 1472 4434 ἔχῃς
1506 4359 1695 4413 πολλά.
1720 4360 1821 4412 Διά

139 4445 300 4498 τοῦτο
323 4445 431 4517 γάρ
462 4444 554 4498 σού
584 4447 731 4499 ἐστιν
757 4446 1002 4515 ἀδελφὸς,
1028 4445 1116 4500 διά
1142 4446 1301 4499 τοῦτο
1322 4448 1422 4500 οὐκ
1443 4441 1616 4500 εἶπεν·
1648 4446 1820 4516 Ἀφες

143 4534 236 4604 τῷ,
260 4531 475 4603 ἀδελφῷ
498 4550 612 4596 σου,
635 4532 671 4586 ἃ
699 4533 842 4604 ἔχεις
872 4534 1183 4587 ica-6.06106
1201 4552 1215 4565 ο
1268 4534 1405 4588 ἀλλά
1448 4536 1502 4588 τί
1527 4552 1542 4601 ;
1578 4536 1818 4604 Ὕπαγε,

143 4618 380 4690 πρῶτον
425 4617 780 4689 διαλλάγηθι
827 4618 1005 4685 αὐτῷ,
1050 4620 1155 4673 κᾶν
1204 4622 1409 4684 ἐκεῖνος
1460 4620 1557 4692 ἔχῃ
1586 4638 1648 4685 Δτι
1680 4620 1821 4674 κατὰ

147 4705 264 4768 036,
292 4706 386 4759 καὶ
418 4706 492 4778 μὴ
516 4707 779 4778 πρότερον
814 4709 1081 4780 ἀποστῇς,
1108 4709 1213 4771 ἕως
1242 4708 1307 4762 ἂν
1333 4707 1544 4781 ἐνώσῃς
1570 4709 1635 4763 τὸ
1659 4710 1820 4781 μέλος

146 4798 227 4858 εἰς
253 4795 521 4865 ὁμόνοιαν.
560 4795 631 4848 Σὺ
656 4794 739 4857 δὲ,
788 4795 877 4849 ἵνα
927 4797 1146 4865 οἰκέτην
1179 4797 1355 4867 κτήσῃ
1386 4797 1691 4868 χρήσιμον,
1727 4799 1822 4853 καὶ

146 4882 370 4954 χρυσίον
400 4882 782 4949 καταϐάλλεις,
806 4884 901 4937 καὶ
934 4884 1196 4955 ἐμπόροις
1215 4885 1441 4957 διαλέγῃ
1469 4885 1705 4952 πολλοῖς,
1728 4888 1821 4941 καὶ⁵

148 4970 456 5043 ἀποδημίαν
523 4971 783 5035 πολλάκις
833 4973 1134 5044 ἀποδημεῖς
1188 4975 1439 5045 μακράν*
1488 4976 1578 5030 ἴνα
1627 4976 1684 5029 δὲ
1730 4977 1821 5031 τὸν

149 5057 341 5130 ἐχθρὸν
374 5057 522 5133 [210]
551 5061 785 5132 ποιήσῃς
820 5060 994 5129 φίλον,
1025 5062 1086 5114 ού
1118 5062 1294 5116 πάντα
1324 5067 1491 5127 κινεῖς
1517 5065 1611 5118 καὶ
1647 5066 1822 5137 πράτ-

148 5162 282 5211 τεις,
309 5145 429 5198 είπέ
465 5163 585 5218 μοι;
616 5148 734 5203 ,Καὶ
764 5148 880 5211 πῶς
914 5148 1117 5222 δυνήσῃ
1140 5150 1231 5203 τὸν
1256 5151 1386 5203 Θεὸν
1414 5152 1819 5222 παρακαλέσαι,

150 5232 256 5286 τῶν
284 5234 465 5305 νόμων
492 5234 656 5287 αὑτοῦ
694 5235 836 5289 οὓτω
870 5237 1232 5307 καταμελῶν;
1263 5238 1459 5291 Καίτοι
1487 5239 1698 5293 οἰκέτου
1724 5242 1823 5311 μὲν

146 5324 181 5393 ἡ
200 5322 401 5395 ,κτῆσις
426 5325 580 5378 οὐδὲν
613 5326 759 5397 μέγα
785 5328 930 5397 ἡμᾶς
955 5328 1147 5398 ὀνῆσαι
1172 5327 1606 5399 δυνήσεται,.όδὲ
1629 5330 1822 5403 ἐχθρὸς

153 5410 427 5483 γινόμενος
454 5413 626 5483 φίλος,
657 5416 753 5469 καὶ
779 5416 870 5469 τὸν
904 5417 1035 5470 Θεὸν
1063 5418 1199 5491 ἡμῖν
1223 5418 1353 5471 ἵλεω
1378 5419 1595 5493 ποιήσει
1622 5421 1716 5474 καὶ
1735 5421 1823 5474 εύε

239 5719 265 5750 ι
286 5713 419 5767 Savil
446 5716 493 5766 in
521 5733 674 5783 marg.
698 5725 747 5770 cl
777 5734 901 5771 unus
923 5723 1073 5773 codex
1090 5723 1324 5780 ἐπέταξεν.

1096 251 1188 305 AD
1226 248 1554 307 POPULUM
1592 247 2096 306 ANTIOCIIENUM
2159 247 2393 306 HOMIL.
2431 249 2550 307 XX.

3463 253 3571 311 Q08

1892 367 2052 441 μενῆ9
2082 367 2177 421 κει)⁸
2222 367 2291 422 τά
2339 368 2714 441 ἁμαρτήματα
2761 369 2892 440 ἡμῖν
2938 366 3179 421 διαλύσει
3221 365 3435 441 ῥᾳδίως,
3482 372 3589 426 καὶ»

1889 462 2041 532 παρὰ
2072 462 2380 535 ἀνθρώποις
2411 464 2635 517 ἔπαινον
2662 463 2756 517 καὶ
2787 463 2989 535 πολλὴν
3016 461 3147 534 ἡμῖν
3176 462 3319 517 κατὰ
3345 465 3433 518 τὸν
3457 465 3569 537 βίον

1891 555 2214 628 προξενήσει
2249 557 2350 627 τὴν
2385 557 2685 627 ἀσφάλειαν
2710 557 2759 597 δ’
2790 556 2944 611 οὐδὲν
2974 557 3082 629 γὰρ
3111 557 3574 631 ἐπισφαλέστερον

1889 643 1985 697 τοῦ
2021 646 2116 699 καὶ
2145 647 2239 701 ἕνα
2283 649 2442 718 μόνον
2473 647 2665 719 ἐχθρὸν
2698 648 3058 719 κεκτημένου.
3091 649 3203 703 Καὶ
3246 650 3353 722 γάρ
3384 654 3416 724 ἡ
3447 652 3569 718 δόξα

1893 737 1995 806 τῆς
2026 739 2172 809 ζωῆς
2208 739 2367 810 ἡμῶν
2397 740 2860 805 καταϐλάπτεται,
2913 740 3083 812 μυρία
3130 741 3319 807 κακῶς
3362 744 3575 803 ἐκείνω

1894 829 2147 900 λέγοντος
2176 832 2314 903 πρὸς
2340 833 2549 895 πάντας
2576 834 2743 904 ἡμᾶς,
2770 833 2866 886 καὶ
2899 834 2933 904 ἡ
2971 832 3177 887 διάνοια
3208 835 3364 905 ἡμῶν
3395 835 3580 889 θολοῦ-

1897 939 2009 986 ται,
2043 923 2136 976 καὶ
2184 923 2246 977 τὸ
2294 923 2531 987 συνειδὸς
2560 923 2891 997 θορυόεῖται,
2925 925 3020 978 καὶ
3065 926 3309 997 χειμῶνα
3354 927 3580 1002 διηνεκῆ

1898 1011 2174 1083 λογισμῶν
2196 1012 2748 1086 ὑφιστάμεθα.”Απερ
2775 1014 2990 1069 ἅπαντα
3015 1016 3313 1081 συνειδότες
3337 1017 3581 1073 ἀπαλλά-

1902 1100 2081 1173 ξωμεν
2111 1104 2338 1166 ἑαυτοὺς
2360 1102 2634 1168 κολάσεως
2658 1104 2752 1157 καὶ
2776 1106 3068 1176 τιμωρίας,
3107 1109 3204 1161 καὶ
3233 1109 3332 1179 τὴν
3368 1107 3580 1181 παροῦ-

1902 1212 2002 1249 σαν
2056 1195 2249 1266 ἑορτὴν
2296 1195 2435 1267 μετά
2479 1195 2587 1250 τῶν
2630 1197 2940 1269 εἰρημένων
2969 1198 3310 1271 αίδεσθῶμεν
3338 1202 3580 1264 πάντων,

1903 1289 2000 1341 καὶ
2026 1280 2099 1340 ὧν
2133 1288 2285 1360 παρά
2318 1288 2413 1341 τοῦ
2447 1288 2714 1359 βασιλέως
2740 1290 2808 1343 δι’
2837 1290 3054 1363 ἐκείνην
3081 1291 3339 1365 ἀξιοῦμεν
3376 1298 3580 1366 τυχεῖν,

1903 1379 2108 1433 τούτων
2163 1380 2258 1434 καὶ
2300 1383 2462 1452 ἡμεῖς
2505 1379 2816 1435 ἀπολαῦσαι
2857 1381 3036 1452 δῶμεν
3070 1383 3301 1454 ἑτέροις.
3333 1385 3443 1440 Καὶ
3472 1387 3584 1459 γάρ

1907 1473 2116 1528 πολλῶν
2145 1473 2333 1528 ἀκούω
2362 1474 2652 1543 λεγόντων,
2679 1477 2764 1530 ὅτι
2793 1478 3012 1541 πάντως
3040 1479 3071 1530 6
3102 1476 3356 1548 βασιλεὺς
3380 1479 3442 1533 τὸ
3467 1480 3582 1535 Πά-

1908 1582 2015 1636 σχα
2050 1566 2112 1619 τὸ
2141 1566 2285 1637 ἱερὸν
2313 1566 2582 1631 αἰδεσθεὶς
2607 1571 2674 1639 τῇ
2707 1568 2862 1623 πόλει
2892 1572 3371 1644 καταλλαγήσεται
3403 1574 3497 1627 καὶ
3517 1576 3585 1630 τά

1909 1660 2283 1731 ἁμαρτήματα
2313 1660 2513 1730 ἀφήσει
2549 1663 2749 1716 πάντα.
2776 1664 2904 1728 Πῶς
2931 1660 3027 1719 οὖν
3059 1667 3159 1719 οὐκ
3185 1667 3406 1731 ἄτοπον,
3424 1670 3585 1738 ἡνίκα

1913 1750 2012 1822 μὲν
2039 1753 2169 1820 παρ’
2194 1752 2396 1822 ἐτέρων
2423 1752 2691 1818 σώζεσθαι
2719 1754 2834 1827 δέῃ,
2858 1755 2958 1828 τὴν
2989 1756 3182 1828 ἑορτὴν
3205 1760 3300 1813 καὶ
3328 1759 3426 1831 τὴν
3456 1757 3588 1815 ταύ-

1909 1854 2011 1910 της
2040 1838 2199 1905 ἀξίαν
2225 1839 2659 1909 προϐάλλεσθαι·
2690 1842 2855 1914 ἡνίκα
2878 1843 2935 1896 δὲ
2963 1843 3030 1897 ἂν
3054 1845 3263 1915 ἑτέροις
3285 1847 3588 1902 καταλλάτ-

1909 1931 2098 1985 τεσθαι
2129 1931 2501 2003 κελευώμεθα,
2538 1933 2827 2004 ἀτιμάζειν
2859 1935 3067 2008 ταύτην
3111 1937 3207 1991 καὶ
3255 1938 3420 2010 μηδὲν
3449 1937 3592 1998 εἶναι

1911 2023 2194 2094 νομίζειν;
2237 2026 2425 2090 Οὐδεὶς
2461 2026 2570 2098 γὰρ
2606 2026 2803 2095 οὕτως,
2843 2030 3018 2095 οὐδεὶς
3063 2032 3162 2104 τὴν
3206 2035 3358 2106 ἱεράν
3386 2035 3591 2109 ταύτην

1913 2114 2265 2185 καταισχύνει
2298 2118 2624 2188 πανήγυριν,
2660 2119 2737 2182 ὡς
2765 2121 2794 2172 6
2818 2120 2958 2191 μετά
2983 2121 3078 2176 106
3107 2132 3465 2196 μνησικακεῖν
3493 2131 3592 2182 αύ-

1912 2210 2013 2280 τὴν
2030 2219 2053 2248 °
2088 2207 2356 2262 ἐπιτελῶν
2380 2224 2395 2237 ·
2426 2208 2628 2278 μᾶλλον
2651 2210 2708 2263 δέ
2730 2210 2852 2263 οὺδέ
2878 2212 3147 2267 ἐπιτελεῖν
3172 2217 3343 2288 αὐτὴν
3368 2218 3592 2273 δύναται

1913 2305 1943 2355 6
1974 2301 2232 2367 τοιοῦτος,
2262 2300 2363 2355 κᾶν
2381 2302 2514 2357 δέκα
2536 2304 2754 2377 ἡμέρας
2789 2304 2990 2377 ἐφεξῆς
3021 2307 3207 2372 ἄσιτος
3233 2310 3371 2384 μένῃ
3392 2326 3405 2340 ·
3459 2313 3592 2367 ὃπισυ

1915 2394 2026 2466 γὰρ
2054 2393 2226 2464 ἔχθρα
2256 2394 2352 2448 καλ⁵
2385 2394 2671 2466 ἀπέχθεια,
2704 2396 2827 2450 οὐδὲ
2859 2399 3083 2469 νηστεία
3129 2400 3251 2455 οὐδὲ
3294 2403 3454 2477 ἐορτὴ
3498 2406 3593 2474 γέ-

1915 2489 2046 2541 νοιτ’
2072 2487 2158 2541 ἀν.
2192 2488 2284 2559 Μὴ
2313 2487 2518 2559 τολμᾷς
2549 2488 2797 2553 ἀνίπτοις
2830 2492 2988 2561 χερσὶ
3021 2492 3122 2562 τῆς
3171 2495 3324 2564 ἱερᾶς
3355 2495 3596 2565 ἅψασθαι

1917 2577 2131 2643 θυσίας,
2154 2578 2257 2633 κᾶν
2279 2580 2447 2651 πολλὴ
2478 2581 2692 2652 ἀνάγκη
2716 2583 3040 2654 ἐπικέηται;
3069 2587 3161 2659 Μὴ
3183 2589 3363 2642 τοίνυν
3386 2590 3598 2663 ἀνίπτῳ

1917 2670 2224 2741 προσέρχου
2254 2669 2430 2743 ψυχῇο
2467 2671 2645 2742 πολλῷ
2695 2674 2805 2746 γὰρ
2853 2675 3064 2730 ἐκείνου
3093 2678 3252 2733 τοῦτο
3282 2679 3597 2751 χαλεπώτεο

1919 2782 2033 2835 ρον,
2066 2764 2161 2818 καὶ
2195 2764 2417 2835 μείζονα
2456 2767 2613 2837 φέρει
2647 2768 2748 2839 τὴν
2790 2768 3033 2824 κόλασιν.
3067 2772 3233 2826 Οὐδὲν
3270 2774 3380 2846 γὰρ
3424 2773 3597 2840 οὕτως

1917 2857 2260 2929 ἀκαθαρσίας
2290 2858 2490 2930 πληροῖ
2518 2860 2615 2932 τὴν
2648 2861 2910 2927 διάνοιαν,
2936 2864 3012 2928 ὡς
3038 2866 3177 2938 ὀργὴ
3212 2867 3477 2939 διηνεκῶς
3514 2872 3600 2923 ἓν·

1917 2951 2006 3004 δον
2058 2952 2313 3023 μένουσα.
2333 2952 2504 3007 Ἔνθα
2545 2955 2654 3025 γάρ
2706 2957 2825 3009 ἐστι
2877 2956 3049 3029 θυμὸς
3095 2960 3127 3030 ἢ
3175 2960 3335 3032 ὀργὴ,
3383 2963 3600 3033 πνεῦμα

1921 3045 2226 3117 πραότητος
2255 3047 2354 3100 οὐκ
2383 3046 2705 3116 ἐφίπταταν
2750 3050 3069 3121 Πνεύματος
3105 3053 3161 3107 δέ
3191 3054 3348 3122 ἁγίου
3385 3055 3598 3128 ἀνθρω-

1920 3158 2022 3203 πος
2048 3138 2255 3209 ἕρημος
2277 3135 2351 3191 ὢν
2377 3137 2537 3190 ποίαν
2559 3138 2670 3204 ἐξει
2698 3141 2973 3212 σωτηρίας
2997 3142 3218 3209 ἐλπίδας
3239 3146 3367 3199 πότε
3391 3147 3447 3200 δὲ
3464 3148 3603 3220 ὀρθά

1924 3233 2213 3304 βαδιεῖται;
2249 3230 2341 3302 Μὴ
2387 3230 2589 3295 τοίνυν,
2622 3232 2896 3302 ἀγαπητὲ,
2926 3234 3019 3287 τὸν
3055 3234 3249 3306 ἐχθρὸν
3286 3238 3601 3309 ἀμύνασθαι

1924 3323 2268 3394 βουλόμενος,
2303 3320 2499 3375 σαυτὸν
2539 3322 2971 3394 κατακρήμνιζε,
3014 3325 3150 3395 μηδέ
3203 3325 3409 3398 ἔρημον
3456 3331 3600 3383 ποίει

1921 3419 2022 3485 τῆς
2049 3414 2145 3469 τοῦ
2162 3413 2300 3469 Θεοῦ
2331 3414 2690 3486 προστασίας.
2708 3415 2959 3469 Μάλιστα
2992 3416 3092 3488 μὲν
3123 3417 3254 3489 γάρ,
3282 3420 3331 3472 εί
3358 3424 3451 3474 καὶ
3475 3422 3601 3476 δύσ-

1922 3508 2081 3562 κολον
2122 3502 2192 3580 ἦν
2224 3506 2283 3561 τὸ
2316 3508 2551 3579 πρᾶγμα
2569 3506 2620 3573 ἆ,
2668 3509 2853 3563 ἱκανὸν
2886 3509 2989 3580 τῆς
3032 3512 3302 3583 τιμωρίας
3341 3514 3405 3567 τὸ
3436 3515 3601 3587 μέγεθ-

1922 3606 2037 3672 θος,
2070 3607 2208 3678 ὅπερ
2252 3608 2317 3660 ἐκ
2344 3604 2439 3660 106
2476 3604 2551 3678 μὴ
2580 3604 2864 3660 πείθεσθαι
2896 3607 3128 3677 γίνεται,
3164 3610 3367 3665 καὶτὸν
3399 3614 3603 3685 σφόδρα

1924 3703 2117 3758 ὕπτιον
2150 3703 2245 3758 καὶ
2270 3701 2611 3757 νωθέστατον
2636 3703 2794 3758 ἔστιν·
2817 3702 3141 3776 ἀναστῆσαι,
3161 3705 3259 3760 καὶ
3285 3708 3459 3762 πάντα
3481 3713 3600 3763 πεῖ-

1926 3813 2016 3849 σαι
2045 3795 2204 3850 πόνον
2238 3795 2564 3864 ὑπενεγκεῖν
2590 3812 2604 3827 ο
2640 3795 2759 3848 νυνὶ
2783 3795 2853 3849 δὲ’
2868 3797 2964 3849 καὶ
2992 3796 3195 3868 πολλὴν
3229 3797 3428 3865 ἔδειξεν
3452 3801 3482 3853 6
3512 3801 3602 3856 λό-

1924 3904 2021 3959 γος
2051 3887 2152 3959 τὴν
2181 3887 2433 3941 εὐκολίαν
2466 3882 2655 3950 οὖσαν,
2688 3886 2755 3942 ἂν
2782 3887 3074 3959 ἐθέλωμεν.
3111 3889 3202 3961 Μὴ
3231 3891 3411 3946 τοίνυν
3441 3910 3602 3948 κατα-

1929 3980 2253 4050 μελήσωμεν
2284 3978 2386 4049 τῆς
2429 3977 2639 4032 ἑαυτῶν
2685 3976 2865 4049 ξωῆς,
2897 3978 3035 4032 ἀλλὰ
3067 3972 3458 4053 σπουδάσωμεν
3508 3988 3603 4040 καὶ

1927 4070 2107 4124 πάντα
2129 4068 2394 4141 ποιῶμεν,
2417 4068 2560 4123 ὥστε
2586 4070 2755 4142 χωρὶς
2785 4068 3003 4140 ἐχθρῶν
3018 4073 3364 4145 παραστῆναι
3388 4079 3455 4147 τῇ
3484 4078 3604 4150 ἱερᾷ

1924 4160 2194 4235 τραπέζῃ.
2231 4162 2396 4217 Ούδέν
2438 4162 2571 4236 γὰρ,
2602 4162 2752 4216 ούδέν
2794 4162 2903 4217 τῶν
2933 4163 3030 4217 106
3056 4164 3208 4219 ’Θεοῦ
3248 4172 3605 4241 προσταγμά..

1925 4273 2034 4315 των
2067 4253 2219 4309 ἔσται
2245 4253 2521 4321 δύσκολον,
2553 4252 2648 4307 ἐὰν
2678 4253 3061 4326 προσέχωμεν·
3097 4257 3190 4310 καὶ
3218 4258 3377 4312 τοῦτο
3404 4262 3469 4317 ἐκ
3494 4261 3604 4316 τῶν

1927 4348 2028 4419 ἤδη
2060 4345 2505 4418 κατωρθωκότων
2534 4344 2710 4417 δῆλον.
2757 4344 2920 4399 Πόσοι
2960 4347 3064 4401 ὑπὸ
3114 4348 3213 4420 τῆς
3263 4348 3372 4404 τῶν
3424 4349 3604 4422 ὅρκων

1928 4440 2257 4493 ἐκλέπτοντο
2303 4439 2613 4510 συνηθείας,
2650 4439 2745 4493 καὶ
2776 4439 2839 4492 τὸ
2878 4441 3110 4511 πρᾶγμα
3157 4440 3605 4514 δυσκατόρθωτον

1929 4531 2396 4603 εἷναι-ἐνόμιζονί
2446 4531 2562 4586 ἀλλ’
2605 4533 2755 4603 ὅμως
2799 4532 2885 4586 διά
2934 4534 3036 4605 τὴν
3082 4535 3176 4589 106
3228 4535 3364 4590 Θεοῦ
3420 4539 3601 4610 χάριν,

1928 4625 2115 4696 ἐπειδὴ
2153 4623 2355 4695 μικρὰν
2386 4623 2733 4689 ἐπεδείξασθε
2766 4626 3021 4698 σπουδὴν,
3051 4628 3112 4681 τὸ
3140 4628 3319 4684 πλέονι
3334 4630 3607 4703 ἀπενίψατ-

1933 4715 2047 4768 σθε.
2077 4716 2176 4771 Διά
2204 4716 2365 4771 τοῦτο
2393 4716 2458 4788 δὴ
2488 4718 2793 4790 παρακαλῶ
2823 4720 2917 4773 καὶ
2966 4719 3026 4773 16
3060 4718 3210 4794 [ΞΗ]
3228 4724 3439 4779 μλεῖπον
3470 4728 3605 4781 ἀποι

1930 4810 2140 4876 θέσθαι,
2163 4810 2258 4865 καὶ
2284 4810 2489 4881 ἑτέροις
2512 4812 2763 4881 γενέσθαι
2787 4812 3159 4880 διδασκάλους.
3187 4815 3327 4880 Τοὺς
3348 4815 3408 4871 ἒέ
3436 4820 3603 4890 μήπω

1930 4901 2401 4977 κατορθώσαντας,
2433 4903 2569 4958 ἀλλά
2608 4904 2699 4959 τὸν
2742 4906 2952 4976 μακρὸν
2986 4907 3178 4977 χρόνον
3207 4908 3340 4979 ἡμῖν
3370 4912 3606 4981 προϐαλ-

1928 4994 2210 5067 λομένους,
2246 4995 2370 5051 καθ’
2403 4995 2461 5049 ὃν
2491 4993 2704 5067 ὤμνυον
2722 4995 3083 5067 ἔμπροσθεν,
3102 4999 3197 5052 καὶ
3224 4998 3502 5067 λέγοντας,
3528 5003 3605 5068 ὡς

1930 5089 2190 5143 ἀδύνατον
2205 5092 2263 5143 ἐν
2291 5088 2482 5161 βραχεῖ
2510 5087 2695 5160 καιρῷ
2713 5089 2774 5142 16
2812 5090 3026 5154 πολλοῖς
3055 5090 3197 5144 ἔτεσι
3224 5091 3450 5163 ῥιζωθὲν
3472 5094 3609 5147 ἀναν-

1932 5183 2159 5251 σπάσαι,
2205 5184 2381 5237 ἐκεῖνο
2407 5183 2474 5236 ἂν
2503 5180 2735 5252 εἴποιμι,
2770 5183 2823 5235 εί
2841 5200 2894 5236 τι
2924 5182 3050 5237 ἔνθα
3078 5184 3143 5238 ἂν
3174 5184 3283 5237 δέοι
3324 5183 3603 5256 κατορθῶ-

1933 5298 2022 5336 σαι
2052 5278 2161 5334 τῶν
2196 5278 2468 5333 ὑπὸ-Θεοῦ
2512 5278 2905 5352 κελευομένων,
2937 5279 2999 5333 ού
3032 5280 3224 5352 χρόνου
3276 5279 3451 5350 χρεία,
3485 5280 3620 5335 οὐδὲ

1990 5600 2020 5642 δ
2043 5603 2193 5653 δονίι.
2215 5605 2268 5652 in
2291 5616 2443 5665 marg.
2463 5607 2549 5663 τήν
2571 5604 2814 5655 ὡτέλειαν.

1996 5669 2019 5725 f'
2044 5666 2193 5725 Savil.
2221 5672 2273 5713 el
2294 5679 2421 5714 unus
2442 5668 2633 5725 ταύτην.

1989 5723 2019 5767 ἀ
2051 5724 2201 5777 Savil.
2230 5726 2285 5775 τὸ
2306 5727 2552 5796 ἑπίταηια.
