3896 6230
330 208 435 270 209
1119 217 1176 275 S.
1217 215 1505 275 JOANNIS
1541 215 2038 275 CHRYSOSTOMI
2078 216 2394 274 ARCIIIEP.
2435 219 2980 278 CORSTAN’I‘INOP.

325 330 565 402 πλήθους
597 331 841 404 ἡμερῶν,
875 332 992 386 οὐδὲ
1025 328 1393 405 διαστήματος
1425 333 1707 399 ἐνιαυτῶν,
1735 333 1868 387 ἀλλὰ
1897 333 1997 402 φό-

3724 226 3829 278 219
3878 226 3879 288 Ε

2105 351 2270 405 σομεν
2319 334 2397 406 τῷ
2440 335 2672 407 διαϐόλῳ
2719 337 2991 409 ῥᾳθυμίας
3035 337 3300 407 ἐξουσίαν,
3338 341 3463 398 οὑδέ
3514 337 3827 412 ἀναϐολῆς
3878 355 3879 402 1

326 419 425 472 ϐου
464 419 624 490 μόνον
672 419 766 473 καὶ
798 416 977 491 ψυχῆς
1019 419 1308 473 εὐλάϐειαν
1347 419 1600 492 ἐχούσης,
1635 421 1732 475 καὶ
1777 419 1998 486 πάντως

326 507 718 580 περιεσόμεθα,
749 509 844 562 καὶ
874 511 931 560 ἐν
961 507 1153 578 βραχεῖ
1177 507 1372 579 καιρῷ.

395 595 469 667 η’.
490 597 603 650 Καὶ
619 596 706 649 ἵνα
724 595 798 667 μὴ
813 595 1094 665 νομίσητε,
1123 596 1204 648 ὅτι
1228 594 1413 659 όιπλῶς
1439 595 1613 649 ταῦτα
1630 594 1792 664 λέγω.
1821 593 1880 648 ὃν
1911 612 1996 647 νο-

330 685 513 756 μίζετε
540 682 678 738 εἶναι
712 684 1007 755 πολύορκον
1032 683 1315 754 ἄνθρωπον
1350 684 1444 737 καὶ
1475 684 1698 737 πλείονα
1730 683 1999 754 ὀμνύοντα

328 773 529 843 μᾶλλον
563 774 594 843 ἢ
625 772 1014 840 φθεγγόμενον,
1048 772 1236 825 τοῦτον
1261 772 1385 843 ἐμοὶ
1427 771 1696 840 παράδοτε
1729 771 1860 823 δέκα
1901 770 1997 840 μό-

325 878 419 914 νον
449 859 680 932 ἡμέρας,
714 859 818 912 κᾶν
859 858 933 930 μὴ
959 861 1138 912 πᾶσαν
1167 859 1336 924 ἐξέλω
1354 859 1451 929 τὴν
1476 858 1764 929 συνήθειαν
1799 861 1856 909 ἐν
1879 859 1998 920 ταῖς

324 950 534 1017 ὀλίγαις
569 946 795 1010 ταύταις
840 947 1097 1018 ἡμέραις,
1129 946 1441 1015 κατάγνωτέ
1493 957 1592 1016 μου
1629 946 1728 1016 τὴν
1761 945 1998 1015 ἐσχάτην

323 1037 568 1107 ταύτηνα
618 1037 964 1103 κατάγνωσιν
991 1050 1003 1064 ·
1059 1036 1153 1088 καὶ
1180 1036 1260 1088 ὅτι
1314 1034 1377 1087 οὐ
1424 1034 1636 1104 κόμπος
1668 1034 1736 1087 τὰ
1777 1035 1998 1105 ῥήματα

322 1125 515 1188 ταῦτα,
541 1124 648 1177 ἀπὸ
664 1123 770 1176 τῶν
790 1123 889 1193 ἤδη
906 1123 1288 1193 γεγενημένων
1311 1118 1468 1176 τοῦτο
1491 1122 1642 1175 ἔσται
1664 1115 1823 1192 δῆλον
1845 1123 1996 1191 ὑμῖν.

323 1209 388 1265 Τί
420 1212 529 1265 τῶν
558 1212 855 1264 Νινευῖτῶν
882 1211 1222 1281 ἀλογώτερον
1249 1228 1265 1276 ;
1296 1210 1346 1262 τί
1373 1210 1428 1262 δὲ
1458 1210 1809 1280 ἀνοητότερον
1835 1227 1848 1275 ;
1881 1208 1996 1262 ἀλλ’

323 1302 472 1370 ὅμως
499 1295 644 1354 οὗτοι
671 1303 718 1353 οἱ
759 1301 1019 1370 βάρϐαροι
1073 1303 1167 1352 καὶ
1216 1299 1456 1370 ἀνόητοι.
1493 1301 1538 1350 οἱ
1572 1298 1797 1368 μηδενὸς
1835 1296 1998 1367 μηδέ-

323 1411 456 1446 ποτε
492 1390 824 1453 ἀκούσαντες
847 1388 1284 1459 φιλοσοφοῦντος,
1307 1389 1357 1440 οἱ
1391 1389 1658 1457 μηδέποτε
1687 1389 1995 1458 παραγγέλο

327 1499 472 1552 ματα
514 1480 741 1533 τοιαῦτα
787 1478 1060 1540 λαϐόντες,
1110 1477 1441 1539 ἀκούσαντες
1468 1476 1563 1529 τοῦ
1599 1477 1876 1548 προφήτου
1908 1477 1996 1530 λέ-

322 1586 534 1638 γοντος,
587 1571 716 1622 "En
742 1569 898 1635 τρεῖς
930 1565 1164 1635 ἡμέραι,
1206 1565 1302 1618 καὶ
1346 1565 1548 1619 Νινευῒ
1579 1563 1998 1634 καταστραςρήο

321 1671 514 1719 σεται,
543 1659 602 1710 ὲν
633 1657 810 1728 τρισὶν
843 1655 1076 1725 ἡμέραις
1111 1655 1293 1707 πᾶσαν
1318 1652 1580 1706 ἀπέθεντο
1609 1652 1851 1724 πονηρὰν
1877 1671 1998 1706 συν-

323 1745 540 1815 ήθειαν·
578 1746 606 1796 6
637 1744 832 1815 πόρνος
866 1741 1099 1812 σώφρων
1145 1737 1384 1808 ἐγένετο,
1418 1742 1447 1792 6
1477 1738 1682 1809 θρασὺς
1728 1740 1996 1812 ἐπιεικὴς,

323 1835 352 1886 6
377 1830 707 1900 πλεονέκτης
735 1831 829 1883 καὶ
859 1826 1042 1899 ἅρπαξ
1073 1828 1293 1899 μέτριος
1322 1827 1416 1881 καιὶ
1455 1827 1754 1898 φιλόφρων,
1775 1827 1803 1880 ὁ
1831 1829 1997 1899 MOU"

325 1937 427 1991 μος
472 1919 778 1982 σπουδαῖος.
813 1918 886 1970 Οὐ
929 1917 1039 1987 γὰρ
1071 1917 1135 1987 δὴ
1165 1917 1244 1981 ἓν,
1275 1916 1392 1970 οὐδὲ
1437 1915 1552 1978 δύο,
1581 1916 1675 1968 καί
1725 1915 1871 1986 τρία,
1905 1916 1999 1970 καὶ

322 2009 569 2078 τέσσαρα
601 2007 713 2059 τῶν
739 2005 927 2058 παθῶν
955 1996 1096 2074 ἦσαν
1124 2004 1193 2057 τὰ
1236 2006 1438 2074 ἰάματα
1457 2005 1504 2067 1’,
1537 2003 1672 2057 ἀλλά
1701 2005 1879 2057 πᾶσαν
1902 2005 1999 2056 αὐ-

322 2097 434 2150 τῶν
463 2094 778 2168 διώρθωσαν
817 2093 914 2164 τὴν
963 2093 1246 2164 πονηρίαν.
1279 2094 1390 2146 Καὶ
1422 2090 1584 2146 πόθεν
1628 2091 1787 2145 τοῦτο
1815 2093 1995 2162 δῆλον,

322 2185 524 2256 φησίν;
575 2183 708 2236 Ἀπὸ
735 2181 841 2234 τῶν
871 2182 966 2235 τοῦ
995 2184 1274 2253 προφήτου
1325 2180 1612 2252 ῥημάτων·
1643 2182 1805 2244 αὐτὸς
1833 2181 1943 2252 γὰρ
1970 2184 1998 2234 6

322 2273 707 2344 κατηγορήσας
740 2269 943 2334 αὐτῶν,
993 2268 1090 2323 καὶ
1139 2267 1330 2332 εἰπὼν,
1359 2269 1438 2322 ὅτι
1477 2268 1666 2338 ’Λνέϐη
1709 2270 1742 2338 ἡ
1782 2268 1997 2341 κραυγὴ

320 2361 419 2432 τὴς
465 2361 659 2423 κακίας
707 2358 886 2412 αὐτῶν
932 2356 1034 2421 ἓως
1084 2357 1192 2408 τῶν
1234 2356 1502 2426 ούρανῶν.
1536 2356 1692 2419 αὐτὸς
1729 2356 1910 2418 αὐτοῖς
1937 2356 1999 2408 τὸ

321 2443 564 2502 ἐναντίον
610 2444 960 2517 ἐμαρτύρησε
1004 2444 1166 2497 πάλιν
1208 2443 1399 2506 εἰπὼν,
1439 2444 1521 2495 ὅτι
1551 2443 1730 2496 Εἷδεν
1765 2445 1798 2496 ό
1830 2441 1993 2508 Θεὸς,

322 2537 413 2590 ὅτι
444 2535 803 2601 ἀπέστησαν
843 2532 1102 2596 ἕκαστος
1147 2529 1265 2584 ἀπὸ
1306 2529 1424 2583 τῶν
1455 2527 1611 2584 ὁδῶν
1646 2523 1844 2583 αὐτῶν
1881 2527 1998 2581 τῶν

321 2623 624 2691 πονηρῶν,
661 2623 761 2674 οὐκ
793 2618 965 2684 εἶπεν,
1000 2620 1080 2672 ὅτι
1123 2618 1256 2671 Ἀπὸ
1304 2619 1559 2689 πορνείας
1608 2619 1640 2688 ἢ
1693 2615 1994 2688 μοιχείαςῆ

322 2711 551 2779 κλοπῆς.
574 2709 710 2769 ἀλλ’,
735 2709 816 2761 ὅτι
833 2706 967 2761 Ἀπὸ
999 2705 1119 2759 τῶν
1144 2703 1300 2758 ὁδῶν
1323 2703 1521 2758 αὐτῶν
1548 2702 1666 2757 τῶν
1695 2702 1992 2772 πονηρῶν.

321 2791 435 2850 Καὶ
467 2795 584 2859 πῶς
613 2796 962 2866 ἀπέστησαν;
1006 2794 1092 2856 Ὦς
1126 2795 1154 2845 6
1177 2792 1308 2856 Θεὸς
1346 2790 1502 2855 οἶδεν,
1535 2793 1632 2846 οὐκ
1669 2791 1745 2856 ὡς
1784 2793 1994 2865 ἄνθρω-

321 2901 426 2948 πος
451 2884 788 2954 ἐδοκίμασεν.
817 2878 948 2935 Εἶτα
968 2882 1068 2934 οὐκ
1090 2880 1456 2952 αἰσχυνόμεθα
1487 2881 1607 2933 οὐδὲ
1631 2881 1993 2952 ἐρυθριῶμεν,

321 2975 373 3026 εἰ
405 2973 696 3043 βαρϐάρων
731 2966 1036 3040 ἀνθρώπων
1065 2970 1122 3021 ἐν
1145 2968 1323 3038 τρισὶν
1354 2969 1588 3039 ἡμέραις
1624 2969 1782 3038 μόνον
1815 2970 1996 3022 πᾶσαν

320 3057 679 3128 ἀποθεμένων
727 3057 947 3120 κακίαν,
979 3057 1141 3126 ἡμεῖς
1187 3057 1246 3107 ἐν
1286 3054 1576 3118 τοσαύταις
1619 3054 1854 3124 ἡμέραις
1906 3056 1995 3109 ἐν-

320 3145 632 3216 ηχούμενοι,
665 3144 1058 3213 διδασκόμενοι,
1097 3143 1225 3211 μιᾶς
1261 3141 1335 3213 μὴ
1366 3141 1786 3212 περιγενοίμεθα
1828 3161 1995 3214 πονη-

321 3235 425 3305 ρᾶς
471 3232 796 3304 συνηθείας;
829 3231 1024 3285 Καίτοι
1067 3245 1132 3299 γε
1173 3232 1252 3292 εἰς
1297 3230 1521 3300 ἔσχατον
1565 3225 1706 3301 ἦσαν
1754 3231 1995 3284 κάκεῖνοι

319 3318 585 3393 πρότερον
630 3321 830 3384 κακίας
873 3318 1230 3389 ἐληλακότες’
1302 3318 1431 3371 ὅταν
1473 3317 1580 3390 γὰρ
1623 3317 1882 3390 ἀκούσῃς,
1914 3319 1994 3372 ὅτι

333 3407 532 3475 Ἀνέϐη
567 3409 606 3477 ’ἡ
641 3407 872 3476 κραυγὴ
905 3405 1016 3474 τῆς
1048 3407 1264 3471 κακίας
1287 3404 1488 3458 αὐτῶν
1521 3406 1672 3471 πρὸς
1695 3405 1793 3474 μὲ,
1829 3401 1994 3476 μηδέν

320 3496 449 3551 ἄλλο
475 3496 684 3566 νόμιζε,
707 3494 741 3565 ἢ
772 3493 869 3565 τὴν
903 3492 1210 3564 ὑπερϐολὴν
1231 3493 1330 3562 τῆς
1358 3491 1622 3562 πονηρίας
1644 3492 1824 3545 αὐτῶν
1841 3509 1854 3524 ·
1877 3493 1993 3546 ἀλλ’

321 3585 472 3653 ὅμως
511 3583 738 3652 ἴσχυσαν
767 3581 824 3632 ἐν
851 3579 1030 3651 τρισὶν
1055 3579 1290 3650 ἡμέραις
1314 3579 1450 3648 πρὸς
1475 3579 1665 3649 ὁλόκλη
1674 3597 1768 3650 ρον
1793 3581 1993 3650 ἀρετὴν

324 3667 929 3740 μετατάξασθαι.”οπου
959 3665 1068 3735 γὰρ
1097 3665 1259 3733 φόϐος
1291 3663 1448 3727 Θεοῦ,
1493 3665 1553 3717 οῦ
1588 3665 1745 3736 χρεία
1775 3667 1995 3738 ἡμερῶν

319 3760 444 3814 οὐδὲ
487 3759 850 3828 διαστήματος
899 3755 1115 3825 χρόνου,
1164 3753 1353 3825 ῶσπερ
1407 3756 1542 3808 ὅπου
1592 3755 1810 3824 ἀφοϐἰα,
1841 3757 1994 3810 οὐδὲν

320 3846 512 3914 δφελος
546 3844 788 3915 ἡμερῶν.
820 3841 1088 3912 Καθάπερ
1117 3841 1224 3913 γὰρ
1261 3841 1330 3894 τὰ
1373 3840 1596 3894 ἰωθέντα
1631 3842 1738 3894 τῶν
1787 3843 1994 3898 σκευῶν

320 3936 350 3986 ὁ
377 3932 474 4005 μὲν
507 3931 658 3985 ὕδατι
687 3931 845 4002 μόνον
877 3928 1212 4000 ἀποτρίϐων,
1247 3929 1351 3982 κᾶν
1381 3928 1546 3983 πολὺν
1573 3929 1828 4001 ἀναλώσῃ
1868 3932 1994 4003 χρό-

319 4037 431 4085 νον,
460 4019 642 4090 πάσης
681 4017 780 4071 οὐκ
815 4016 1112 4080 ἀπαλλάξει
1141 4016 1240 4086 τῆς
1268 4016 1464 4080 κακίας
1497 4016 1728 4088 ἐκείνης.
1758 4020 1786 4071 6
1816 4019 1872 4070 δὲ
1913 4021 1994 4085 εἰς

320 4108 683 4178 χωνευτήριον
712 4103 989 4176 ἐμϐαλὼν,
1020 4104 1077 4155 ἐν
1113 4102 1338 4174 βραχείᾳ
1371 4102 1562 4174 καιροῦ
1597 4107 1736 4175 ῥοπῇ
1772 4106 1987 4177 φαιδρό-

318 4214 457 4268 τερα
498 4195 607 4247 τῶν
651 4192 985 4248 νεοτεύκτων
1039 4192 1241 4254 εὐθέως
1276 4191 1601 4262 ἐργάσεται·
1632 4192 1774 4246 οῦτω
1804 4194 1868 4265 δὴ
1898 4197 1992 4249 καὶ

318 4283 490 4353 ψυχὴ,
513 4280 590 4352 τῷ
629 4280 728 4349 τῆς
761 4277 1036 4350 ἁμαρτίας
1067 4278 1130 4350 ἰῷ
1165 4278 1418 4349 βαφεῖσα,
1455 4279 1520 4331 ἂν
1559 4279 1656 4349 μέν
1688 4281 1872 4346 ἁπλῶς
1897 4285 1990 4337 καὶ

315 4371 394 4434 ὡς
431 4370 621 4440 ἔτυχεν
654 4366 852 4437 ἐαυτὴν
890 4366 1204 4440 ἀποσμήξῃ,
1234 4366 1328 4420 καὶ
1361 4365 1482 4418 καθ’
1513 4367 1749 4438 ἐκάστην
1779 4371 1988 4442 ἡμέραν

319 4458 578 4528 μετανοῇ,
619 4451 771 4527 [Ἡὲ]
802 4453 954 4507 οὐδὲν
981 4454 1144 4508 πλέον
1185 4455 1472 4526 κερδανεῖ·
1509 4452 1576 4510 ἂν
1607 4455 1664 4508 δέ
1693 4456 1880 4528 ὥσπερ
1908 4461 1988 4525 εἰς

315 4546 680 4616 χωνευτήριον
727 4541 821 4596 τοῦ
863 4541 998 4596 Θεοῦ
1022 4552 1045 4583 ο
1081 4543 1174 4597 τὸν
1207 4543 1369 4613 φόϐον
1422 4540 1623 4616 ἑαυτὴν
1671 4546 1904 4618 ἐμϐάλῃ,
1931 4550 1989 4603 ἐν

317 4631 553 4703 βραχείᾳ
578 4630 770 4703 καιροῦ
803 4632 943 4702 ῥοπῇ
970 4630 1032 4684 τὸ
1060 4631 1168 4684 πᾶν
1197 4631 1540 4702 ἀπονίψεται.
1574 4634 1666 4706 Μὴ
1691 4635 1870 4690 τοίνυν
1911 4640 1991 4701 εἰς

315 4718 416 4789 τὴν
444 4717 633 4788 αὔριον
657 4717 1088 4789 ἀναϐαλλώμεθα
1105 4734 1118 4748 ·
1157 4720 1239 4773 Οὐ
1262 4719 1372 4789 γὰρ
1394 4721 1640 4792 οἴδαμεν
1667 4721 1727 4776 τί
1757 4721 1990 4788 τέξεται

314 4800 358 4874 ἡ
379 4805 666 4860 ἐπιοῦσαο
701 4805 836 4876 μηδέ
867 4805 1147 4877 λέγωμεν*
1181 4808 1556 4879 Περιεσόμεθα
1578 4810 1675 4880 τῆς
1702 4809 1988 4882 συνηθείας

317 4891 462 4945 κατά
487 4892 680 4963 μικρόν
697 4911 710 4924 ο
741 4892 897 4947 τοῦτο
922 4893 1032 4966 γὰρ
1057 4895 1138 4960 τὸ,
1170 4895 1312 4950 κατά
1335 4897 1550 4967 μικρὸν,
1579 4897 1833 4952 οὐδέποτε
1865 4901 1986 4952 ἐπι-

315 4979 511 5050 λείψει.
539 4980 756 5052 Διόπερ,
783 4981 942 5035 τοῦτο
969 4983 1218 5052 ἀφέντες,
1245 4986 1420 5038 ἐκεῖνο
1447 4985 1714 5056 λέγωμεν,
1739 4988 1822 5041 ὃτι
1862 4986 1985 5042 Ἐὰν

318 5067 398 5138 μὴ
445 5068 686 5139 σήμερον
731 5069 1169 5140 κατορθώσωμεν
1203 5072 1293 5124 τὸν
1320 5072 1503 5142 ὅρκον,
1535 5074 1635 5126 οὐκ
1683 5075 1986 5147 ἀποστησό-

319 5156 463 5225 μεθα
487 5157 770 5228 πρότερον,
805 5156 907 5210 κᾶν
938 5159 1106 5229 μυρία
1136 5159 1278 5231 άγχῃ
1307 5160 1634 5232 πράγματα,
1660 5161 1761 5217 κᾶν
1785 5163 1986 5218 ἀποθαο

317 5247 428 5297 νεῖν
459 5245 574 5317 δέῃ,
610 5246 711 5298 κᾶν
741 5245 1094 5309 κολασθῆναι,
1122 5247 1224 5299 κᾶν
1254 5247 1430 5302 πάντα
1456 5249 1718 5303 ἀπολέσαι
1743 5267 1758 5283 ο
1791 5253 1850 5304 ού
1881 5253 1954 5305 δώ
1978 5288 1983 5293 -

381 5454 410 5482 ⁸
431 5454 616 5511 Ταύτην
635 5454 777 5502 deest
798 5455 846 5504 in
872 5454 1023 5504 Savil.
1061 5460 1113 5503 et
1138 5457 1186 5503 in
1213 5467 1310 5503 uno
1329 5457 1512 5504 codice.

378 5513 410 5553 1)
570 5517 664 5562 τῶν
686 5519 847 5564 παθῶν
868 5517 992 5574 ἦσαν
1022 5517 1083 5564 τὰ
1109 5517 1304 5578 ἰάματα,
1343 5521 1522 5567 desunt
1559 5520 1610 5568 in
1637 5518 1786 5569 Savil.
1814 5521 1975 5572 Codex

318 5574 610 5640 ungghayel
626 5577 686 5640 τὰ
705 5579 965 5640 τραύματα.

354 5692 361 5704 .
385 5629 410 5663 ·⁶
430 5636 577 5686 Savil.
604 5637 667 5691 εἰς
688 5629 999 5702 χώνευτήριον
1020 5639 1084 5697 εἷς
1102 5636 1188 5691 τοῦ
1207 5644 1266 5694 Θ.

2104 422 2506 493 πρόφασινιἊν
2529 425 2556 477 ὁ
2581 420 2712 487 Θεὸς
2743 423 2832 496 ἴδῃ.
2875 436 2970 478 σου
3005 426 3105 497 τὴν
3138 430 3554 502 πεπυρωμένην
3594 429 3825 499 ψυχὴν,

2006 518 2019 526 ’
2101 511 2202 580 τὴν
2245 507 2678 583 διεγηγερμένην
2706 512 3034 583 προθυμίαν,
3063 514 3155 567 καὶ
3201 516 3365 578 αὐτὸς
3411 517 3829 587 συνεφάψεται

2105 615 2201 650 σου
2229 598 2329 668 τῆς
2356 597 2711 669 διορθώσεως.
2763 597 2889 665 Ναὶ,
2923 601 3118 672 δέομαι
3163 603 3256 656 καὶ
3285 603 3590 666 ἀντιϐολῶ,
3636 620 3831 658 σπου-

2100 687 2371 758 δάσωμεν,
2400 688 2487 742 ἵνα
2516 687 2589 758 μὴ
2619 689 2713 742 καὶ
2740 690 2899 760 ἡμεῖς
2925 691 3266 762 ἀκούσωμεν,
3285 693 3366 746 δτι
3396 695 3686 762 Ἄνδρες
3719 694 3831 747 Νι-

2100 777 2328 831 νευῗται
2357 775 2828 843 ἀναστήσονται,
2852 777 2950 832 καί
2972 781 3400 847 κατακρινοῦσι
3427 781 3546 849 τὴν
3570 783 3832 850 τεο-εὰν

2102 868 2346 933 ταύτην,
2383 867 2466 920 ὅτι
2495 867 2692 920 ἐκεῖνοι
2725 867 2822 937 μέν
2849 866 2992 934 ἅπαξ
3016 868 3346 933 ἀκούσαντες
3378 870 3830 942 κατώρθωσαν,

2101 955 2261 1025 ἡμεῖς
2284 954 2339 1007 δὲ
2365 954 2486 1007 οὐδὲ
2516 954 2772 1018 πολλάκις
2793 954 3123 1018 ἀκούσαντες
3145 956 3465 1028 ἐπεστράφη
3474 976 3585 1028 μεν
3608 976 3624 987 ·
3661 958 3832 1011 ἐκεῖ·

2101 1059 2181 1098 νοι
2214 1042 2504 1112 ὁλόκληρον
2527 1041 2750 1112 ἀρετὴν,
2773 1044 2936 1112 ἡμεῖς
2958 1041 3014 1094 δὲ
3039 1043 3158 1096 ούδέ
3184 1044 3347 1114 μέρος
3369 1046 3582 1114 ἀρετῆς
3610 1065 3626 1074 ·
3662 1047 3833 1098 ἐκεῖ-

2101 1147 2180 1183 νοι
2231 1128 2648 1199 κατασκαφῆναι
2695 1127 3027 1192 ἀκούσαντες
3076 1129 3441 1201 ἐφοϐήθησαν,
3506 1134 3707 1203 ἡμεῖς
3773 1134 3835 1188 δὲ

2099 1217 2221 1270 ούδέ
2250 1217 2473 1286 γέενναν
2501 1216 2792 1281 ἀκούοντες
2815 1216 3127 1288 φοϐούμεθα
3149 1233 3163 1246 ·
3200 1221 3396 1273 ἐκεῖνοι
3426 1223 3833 1292 προφητειιῖνδ

2099 1305 2160 1358 ού
2199 1305 2576 1375 μετασχόντες,
2612 1308 2775 1376 ἡμεῖς
2817 1305 2873 1359 δέ
2911 1304 3166 1376 συνεχοῦς
3211 1304 3584 1372 ἀπολαύοντες
3650 1307 3827 1362 διδα-

2103 1390 2331 1456 σκαλίας
2371 1394 2466 1446 καὶ
2509 1393 2710 1464 πολλῆς
2749 1393 2851 1463 τῆς
2893 1393 3132 1464 χάριτος.
3167 1394 3351 1448 Ταῦτα
3377 1395 3529 1462 λέγω
3557 1394 3676 1448 νῦν
3714 1395 3825 1465 οὐχ

2100 1481 2240 1551 ὑπὲρ
2277 1479 2384 1533 τῶν
2409 1481 2643 1545 οἰκείων,
2670 1480 2783 1534 ἀλλ’
2811 1481 2951 1551 ὑπὲρ
2979 1480 3086 1534 τῶν
3119 1479 3415 1552 ἀλλοτρίων
3447 1483 3585 1552 ὑμῖν
3625 1483 3824 1551 ἐγκα-

2101 1564 2208 1620 λῶν
2235 1569 2666 1639 ἀμαρτημάτων.
2684 1567 2844 1638 Ὑμῖν
2880 1569 2978 1639 μὲν
3015 1567 3145 1639 γὰρ,
3171 1564 3230 1621 εὖ
3257 1564 3353 1622 οἷδ’
3381 1571 3488 1633 ὅτι,
3530 1569 3822 1639 καθάπερ

2102 1652 2270 1726 ἔφθην
2302 1656 2491 1720 εἰπὼν,
2525 1657 2553 1708 6
2583 1657 2744 1727 νόμος
2769 1648 2926 1720 οὗτος
2953 1656 2982 1708 ὁ
3011 1658 3138 1728 περὶ
3167 1657 3259 1710 τοῦ
3292 1658 3522 1728 ὀμνύειν
3562 1657 3823 1730 κατώρ-

2103 1743 2271 1796 θωται
2290 1759 2305 1775 ο
2338 1743 2452 1797 ἀλλ’
2483 1745 2582 1797 οὐκ
2611 1745 2771 1816 ἀρκεῖ
2798 1743 2956 1798 τοῦτο
2982 1746 3063 1808 εἰς
3092 1746 3367 1816 σωτηρίαν
3392 1749 3555 1817 ἡμῖν,
3611 1749 3675 1800 εἰ
3737 1746 3823 1818 μή

2101 1830 2196 1883 καὶ
2239 1830 2458 1902 ἐτέρους
2486 1832 2796 1896 διδάξαντες
2829 1831 3220 1903 διορθώσομεν,
3252 1834 3372 1885 ἐπεὶ
3403 1834 3500 1886 καὶ
3526 1835 3557 1886 6
3585 1834 3659 1886 τὸ
3712 1835 3825 1888 τά·

2101 1915 2294 1970 λαντον
2338 1919 2513 1970 ἐκεῖνο
2560 1916 2964 1988 προσενεγκὼν,
2995 1918 3094 1989 τὴν
3137 1919 3630 1990 παρακαταθήκην
3679 1921 3823 1973 0'16-

2102 2003 2302 2076 κληρον
2335 2004 2586 2068 ἀποδοὺς,
2617 2005 2801 2076 ἐπειδὴ
2829 2005 2890 2058 τὸ
2912 2005 3064 2059 δοθὲν
3092 2004 3193 2058 οῦκ
3214 2005 3566 2071 ἐπλεόνασεν,
3593 2008 3825 2060 ἐκολά-

2103 2092 2244 2158 ζετο.
2406 2092 2582 2145 τοίνυν
2615 2093 2747 2162 μηδέ
2786 2095 2948 2162 ἡμεῖς
2982 2094 3141 2148 τοῦτο
3173 2095 3564 2165 σκοπὴσωμεν,
3603 2097 3660 2148 εἰ
3699 2096 3820 2148 αὐ-

2099 2181 2185 2233 τοὶ
2234 2180 2331 2249 τῆς
2382 2181 2653 2250 ἁμαρτίας
2697 2180 3112 2251 ἀπηλλάγημεν,
3143 2180 3257 2234 ἀλλ’
3287 2181 3391 2244 ’έως
3445 2182 3512 2234 ἂν
3561 2182 3823 2253 ἐτέρους

2100 2265 2518 2338 ἀπαλλάξωμεν,
2558 2266 2632 2338 μὴ
2665 2266 3017 2337 ἁποστῶμεψ
3050 2269 3144 2321 καὶ
3171 2269 3400 2332 ἕκαστος
3424 2268 3561 2322 δέκα
3597 2270 3822 2339 φίλους

2103 2357 2367 2427 ῥυθμίσας
2398 2355 2476 2426 τῷ
2511 2356 2629 2426 Θεῷ
2658 2357 3078 2428 προσαγαγέτω,
3105 2359 3208 2412 κᾶν
3235 2359 3453 2423 οἰκέτας
3483 2361 3648 2433 ἔχῃς,
3695 2359 3818 2414 κᾶν

2104 2443 2370 2514 μαθητάς.
2389 2442 2526 2496 Ἀλλ’
2560 2443 2679 2496 οὐδὲ
2713 2443 2979 2514 μαθητὰς,
3011 2445 3132 2498 ούδέ
3173 2446 3392 2510 οἰκέτας
3421 2446 3613 2516 ἐχειςς
3649 2446 3818 2500 ἀλλά

2102 2530 2287 2598 φίλους
2312 2529 2455 2599 ἔχεις
2476 2545 2489 2557 ·
2519 2531 2738 2594 τούτους
2763 2530 3124 2602 κατόρθωσον.
3152 2533 3260 2586 Καὶ
3290 2535 3364 2604 μή
3393 2551 3484 2604 μοι
3512 2534 3680 2602 λέγε.
3716 2535 3812 2588 δτι

2100 2618 2238 2680 Τοὺς
2268 2618 2518 2680 πλείονας
2547 2617 2654 2671 τῶν
2677 2619 2855 2686 ὅρκων
2881 2621 3261 2691 ἀπηλάσαμεν,
3295 2621 3547 2689 ὀλιγάκις
3575 2621 3639 2674 δὲ
3677 2622 3812 2675 ἁλι-

2103 2706 2380 2776 σκόμεθαο
2414 2706 2548 2759 ἀλλά
2576 2706 2669 2758 καί
2701 2705 2760 2758 τὸ
2792 2705 3040 2773 ὀλιγάκις
3083 2707 3241 2761 τοῦτο
3281 2708 3458 2762 ἄνελε.
3492 2710 3558 2762 Εἰ
3590 2709 3807 2780 χρύσιο

2099 2811 2187 2847 νον
2215 2794 2309 2846 ἕνα
2332 2793 2639 2856 άπολέσεις,
2669 2793 2769 2846 οὐκ
2813 2793 2880 2847 ἂν
2925 2794 3171 2859 ἅπαντας
3198 2797 3492 2866 περιῆλθες
3537 2797 3808 2869 ἐρευνῶν

2101 2883 2195 2935 καὶ
2224 2881 2421 2951 ζητῶν,
2457 2882 2600 2934 ὥστε
2631 2881 2792 2935 αὐτὸν
2822 2882 3033 2951 εύρεῖν;
3065 2883 3235 2936 Τοῦτο
3268 2885 3364 2938 καί
3410 2885 3506 2937 ἐπὶ
3549 2886 3667 2938 τῶν
3699 2886 3804 2954 6p-

2099 2985 2210 3022 κων
2244 2967 2485 3038 ποίησον.
2506 2967 2630 3020 Ἐὰν
2658 2968 2790 3040 ἴδῃς,
2835 2969 2916 3021 ὅτι
2942 2968 3036 3022 ἕνα
3065 2970 3226 3040 ὅρκον
3257 2970 3530 3042 ἐκλάπης,
3569 2973 3804 3043 θρήνη-

2101 3071 2213 3118 σον,
2247 3055 2518 3119 στέναξον,
2560 3055 2635 3117 ώς
2684 3055 2782 3125 τῆς
2819 3054 3006 3119 οὐσίας
3036 3073 3129 3109 σου
3178 3057 3362 3128 πάσης
3402 3059 3797 3122 ἀπολωλυίας.

2099 3129 2266 3197 Πάλιν
2296 3143 2461 3210 λέγω,
2485 3143 2512 3195 ὃ
2536 3142 2630 3196 καί
2654 3143 2952 3214 πρότερον*
2986 3142 3306 3212 σύγκλεισον
3333 3145 3531 3198 σαυτὸν
3553 3146 3656 3199 ἐπὶ
3688 3147 3801 3217 τῆς

2097 3231 2294 3294 οἰκίας,
2330 3230 2558 3300 μελέτην
2598 3230 2820 3302 ποίησον
2847 3231 2941 3283 καὶ
2966 3232 3266 3302 γυμνάσιον
3295 3231 3434 3300 μετά
3458 3233 3561 3302 τῆς
3589 3251 3800 3301 γυναι-

2097 3319 2210 3383 κὸς,
2258 3319 2395 3387 μετὰ
2443 3319 2550 3372 τῶν
2596 3319 2819 3372 παιδίων
2852 3319 2946 3372 καὶ
2983 3319 3408 3374 συνοικούντων·
3454 3322 3582 3374 εἰπὲ
3643 3321 3795 3392 πρὸς

2099 3405 2290 3460 ἑαυτὸν
2321 3407 2384 3458 σὺ
2418 3406 2682 3479 πρότερον
2703 3423 2716 3436 ·
2749 3407 2862 3460 Οὐκ
2895 3406 3197 3471 ἰδιωτικῶν,
3233 3409 3293 3460 ού
3325 3408 3609 3478 δημοσίων
3649 3409 3794 3479 ἄψο-

2101 3512 2197 3565 μαι
2240 3494 2601 3565 πραγμάτων,
2637 3494 2741 3558 ἕως
2773 3493 2839 3547 ἂν
2873 3494 2973 3564 τὴν
3015 3493 3193 3564 ψυχὴν
3235 3495 3628 3565 διορθώσωμαι
3685 3497 3791 3566 τὴν

2097 3581 2460 3652 ἐμαυτοῦ.’“Αν
2490 3583 2646 3653 ὑμεῖς
2681 3583 2805 3646 τοὺς
2829 3583 2976 3645 υίοὺς
3004 3582 3132 3645 τοὺς
3161 3583 3372 3635 ἑαυτῶν
3410 3584 3788 3654 παιδεύσητε,

2097 3671 2336 3724 κάκεῖνοι
2385 3672 2512 3733 τοὺς
2555 3669 2762 3723 ἑαυτῶν
2808 3669 3098 3735 διδάξουσι,
3133 3670 3227 3723 καὶ
3273 3669 3418 3723 οὕτω
3461 3671 3632 3742 μέχρι
3679 3673 3788 3740 τῆς

2098 3756 2405 3819 συντελείας
2450 3758 2541 3810 καὶ
2589 3757 2892 3828 παρουσίας
2933 3757 3026 3810 τοῦ
3072 3756 3312 3828 Χριστοῦ
3348 3757 3413 3810 τὸ
3439 3759 3787 3829 πρόσταγμα

2099 3845 2299 3915 βαῖνον,
2327 3847 2439 3907 τοῖς
2477 3845 2576 3914 τὴν
2620 3842 2777 3914 ῥίζαν
2809 3844 3182 3915 παρασχοῦσιν
3221 3844 3438 3898 ἅπαντα
3472 3845 3614 3899 οῖσει
3651 3846 3783 3900 τοῦ·

2096 3949 2185 3985 τον
2213 3931 2303 3986 τὸν
2335 3931 2647 4002 μισθόν.“Λν
2675 3931 2823 4002 μάθῃ
2851 3931 3032 3999 λέγειν
3052 3934 3081 3985 6
3107 3932 3222 3995 υἰὸς
3252 3948 3367 3996 σου,
3398 3932 3779 3996 Πίστευσον,

2095 4019 2154 4071 οὗ
2193 4019 2478 4090 δυνήσεται
2503 4021 2579 4082 εἰς
2609 4018 2832 4090 θέατρον
2871 4018 3160 4090 ἀναϐῆναι,
3197 4019 3317 4072 οὐδέ
3364 4018 3515 4091 [215]
3553 4022 3639 4083 εἰς
3677 4039 3782 4074 κα-

2075 4104 2317 4176 πηλεῖον
2347 4105 2625 4162 εἰσελθεῖν.
2649 4107 2766 4160 ούδέ
2793 4108 2849 4158 ἐν
2877 4107 3066 4169 κύϐοις
3093 4106 3372 4177 διατρίψαι
3390 4122 3405 4138 ’
3441 4107 3504 4159 τὸ
3532 4109 3647 4180 γὰρ
3677 4111 3780 4180 ῥῆ-

2099 4204 2173 4258 μα
2215 4190 2372 4243 τοῦτο
2420 4193 2540 4243 ἀντὶ
2587 4192 2802 4261 χαλινοῦ
2851 4192 2913 4245 τὸ
2965 4191 3186 4263 στόμαά
3223 4195 3636 4263 περικείμενον,
3680 4199 3778 4250 καὶ

2095 4278 2294 4332 ἄκοντα
2314 4278 2570 4349 ἐρυθριᾷν
2594 4279 2998 4348 παρασκευάσει
3023 4279 3117 4332 καὶ
3138 4278 3489 4350 αἰσχύνεσθαι
3511 4298 3527 4312 ο
3561 4282 3618 4334 εἰ
3641 4299 3776 4335 ποτε

2094 4367 2152 4418 ἐν
2199 4366 2424 4428 ἐκείνοις
2471 4366 2687 4436 φανείη,
2733 4368 2826 4420 καὶ
2875 4367 3155 4438 ἀποπηδᾷν
3184 4370 3488 4435 ἀναγκάσει
3527 4372 3771 4440 ταχέως.

2106 4452 2265 4505 Ἀλλά
2297 4451 2666 4519 καταγελῶσιν
2699 4454 2922 4506 ἐκεῖνοι·
2974 4453 3109 4506 ἀλλὰ
3159 4457 3224 4508 σὺ
3262 4455 3533 4528 δάκρυσον
3585 4457 3774 4510 αὐτῶν

2091 4540 2190 4609 τὴν
2227 4537 2590 4610 παρανομίαν.
2633 4538 2823 4592 Πολλοί
2853 4541 2946 4592 καὶ
2974 4540 3068 4593 τοῦ
3101 4541 3224 4594 Νῶε
3261 4543 3641 4609 κατεγέλασάν
3673 4562 3774 4598 πο·

2091 4644 2170 4691 τε,
2199 4628 2287 4681 ὅτε
2309 4627 2406 4699 τὴν
2429 4627 2658 4680 κιϐωτὸν
2688 4628 3086 4692 κατεσκεύαζεν
3108 4645 3125 4663 σ
3155 4630 3269 4684 ἀλλ’
3295 4633 3384 4684 ὅτε
3412 4627 3580 4702 ἦλθεν
3611 4635 3643 4684 6
3671 4651 3774 4688 κα-

2090 4716 2419 4785 τακλυσμὸς,
2454 4717 2658 4779 ἐκεῖνος
2689 4716 2866 4770 αὐτῶν
2896 4718 3229 4786 κατεγέλασε
3254 4733 3270 4748 ·
3304 4720 3506 4789 μᾶλλον
3533 4721 3592 4773 δὲ
3620 4722 3772 4776 οὐδέ-

2090 4814 2219 4855 ποτε
2271 4801 2449 4855 αὐτῶν
2480 4803 2841 4870 κατεγέλασεν
2864 4805 2892 4856 6
2916 4804 3144 4868 δίκαιος,
3181 4805 3294 4858 ἀλλ’
3319 4806 3592 4878 ἐθρήνησε
3622 4809 3727 4862 καὶ
3746 4821 3771 4849 ⁶

2089 4887 2565 4953 ἐστέναξεν.”οταν
2585 4883 2678 4940 οῦν
2713 4889 2826 4960 ἴδῃς
2849 4890 3141 4957 γελῶντας,
3171 4892 3445 4961 ἐννόησον,
3471 4893 3555 4945 ὅτι
3583 4895 3634 4945 οἰ
3671 4912 3770 4963 γε-

2089 4973 2285 5037 λῶντες
2313 4973 2408 5025 νῦν
2435 4973 2644 5037 ὀδόντες
2671 4975 2794 5026 τότε
2823 4975 3096 5046 κλαυθμὸν
3123 4978 3216 5030 καὶ
3238 4977 3484 5049 βρυγμὺν
3516 4981 3768 5050 ὑποστή-

2091 5076 2273 5114 σονται
2304 5059 2705 5128 χαλεπώτατον,
2745 5062 2839 5114 καὶ
2881 5061 2976 5115 τοῦ
3019 5063 3254 5131 γέλωτος
3277 5063 3473 5117 τούτου
3511 5067 3768 5139 μνησθή-

2089 5165 2269 5202 σονται
2292 5147 2569 5219 τρίζοντες
2609 5151 2731 5202 κατ’
2762 5150 2975 5220 ἐκείνην
3000 5151 3096 5222 τὴν
3122 5152 3334 5223 ἡμέραν
3355 5153 3450 5206 καὶ
3489 5153 3757 5226 βρυχόμε.

2087 5253 2184 5289 νοι·
2203 5236 2322 5288 τότε
2349 5235 2736 5307 ἀναμνησθήσῃ
2773 5236 2868 5290 τοῦ
2899 5237 3135 5306 γέλωτος
3165 5238 3378 5293 τούτου.
3442 5243 3597 5294 Πόσα
3625 5261 3766 5298 κατ-

2085 5324 2310 5391 εγέλασε
2357 5323 2453 5376 τοῦ
2513 5325 2765 5395 Λαζάρου
2815 5328 2844 5379 ό
2898 5325 3178 5391 πλούσιοςί
3209 5328 3324 5382 ἀλλ’
3352 5329 3600 5403 ὕστερονι
3639 5335 3767 5389 ξδὼν

2145 5575 2337 5651 θᾷἃῑῖἰί.
2358 5590 2426 5648 τῷ
2450 5592 2664 5651 στόματι.

2143 5650 2164 5678 ε
2194 5648 2343 5698 Savil.
2370 5658 2420 5699 οι
2445 5648 2569 5700 υηυέ
2590 5651 2839 5712 ἐθρήνησεν
2861 5651 3032 5716 αὐτῶν,
3069 5657 3166 5705 καί.
