3894 6226
171 285 277 342 200

170 395 297 465 quid
328 405 472 452 recte
492 396 833 454 efﬁciendum
859 407 962 469 est,
989 402 1132 473 quod
1152 418 1187 458 a
1204 405 1315 461 Deo
1343 406 1668 478 praecipitur,
1691 407 1764 463 ibi

171 496 277 541 non
306 502 439 558 opus
481 503 600 544 esse
628 491 716 546 vel
742 493 997 563 temporis
1024 494 1113 550 vel
1155 495 1360 552 dierum
1400 513 1646 566 numero,
1675 507 1766 554 aut

171 579 359 646 spatiis
389 594 668 647 annorum,
701 582 794 637 sed
827 585 1018 640 timore
1043 585 1160 641 solo
1185 597 1240 642 et
1259 588 1536 660 religione,
1569 599 1624 646 et
1651 605 1768 645 om-

172 670 318 724 Itium
349 682 622 742 compotes
651 673 969 744 cfliciemur,
999 677 1157 750 idque
1183 679 1320 735 intra
1345 683 1596 754 exiguum
1633 691 1760 738 tem-

171 777 292 832 pus.

242 853 296 908 8.
341 853 525 909 Contra
553 856 738 912 malum
758 859 977 929 jurandi
1011 864 1437 918 consuetudinem.
1469 896 1542 907 —
1567 865 1761 921 Verum

171 958 243 999 ne
268 945 582 1002 existimetis
611 964 696 1011 me
727 949 776 1004 id
807 961 1008 1008 temere
1035 953 1232 1018 dicere,
1256 954 1526 1010 hominem
1553 955 1617 1010 ad
1645 957 1762 1024 jus-

165 1037 448 1107 jurandum
495 1044 950 1112 promptissimum
998 1055 1052 1101 et
1095 1063 1253 1117 quem
1299 1065 1394 1104 vos
1432 1051 1762 1106 arbitramini

167 1129 336 1184 multo
361 1129 509 1200 plura
538 1131 834 1201 iuramenta
858 1135 1098 1206 proferre
1121 1155 1278 1209 quam
1303 1141 1489 1208 verba,
1507 1157 1629 1197 eum
1657 1143 1760 1197 mi-

167 1219 222 1274 lii
248 1221 372 1278 date
400 1223 467 1278 ad
496 1223 685 1280 decem
712 1227 857 1294 dies,
903 1237 957 1283 et
985 1231 1084 1285 nisi
1129 1231 1204 1285 illi
1235 1234 1370 1287 intra
1401 1248 1597 1303 paucos
1631 1234 1762 1290 istos

166 1312 285 1368 dies
311 1316 752 1374 consuetudinem
776 1318 990 1388 jurandi
1015 1321 1323 1390 abstulero,
1353 1334 1592 1382 extremo
1630 1341 1762 1396 sup-

164 1406 328 1477 plicio
349 1425 436 1465 me
463 1410 813 1468 condemnate
843 1430 856 1466 :
885 1423 940 1468 et
962 1415 1104 1485 quod
1131 1416 1231 1471 ista
1259 1417 1418 1472 verba
1444 1432 1549 1474 non
1571 1434 1760 1474 vanam

161 1497 511 1568 jactationem
541 1502 808 1569 habeant,
851 1520 915 1560 ex
947 1507 1107 1562 rebus
1134 1518 1258 1564 ante
1285 1509 1418 1564 actis
1447 1510 1649 1564 clarum
1678 1510 1762 1565 fa-

162 1591 328 1646 ciam.
358 1591 494 1658 Quid
519 1592 767 1648 Ninivitis
789 1596 1222 1666 irrationabilius,
1255 1598 1380 1668 quid
1402 1600 1650 1654 stultius?
1675 1609 1761 1656 at-

162 1686 344 1737 tamen
374 1683 584 1738 barbari
635 1685 723 1740 isti
771 1693 823 1742 et
861 1687 1030 1753 stulti,
1080 1689 1169 1758 qui
1216 1689 1480 1744 neminem
1509 1706 1758 1762 umquam

163 1774 544 1845 philosophum
588 1777 882 1843 aud-ierant,
911 1781 1104 1851 quibus
1133 1798 1421 1853 numquam
1453 1785 1574 1839 talia
1617 1801 1758 1855 pra:-

159 1867 542 1934 cepta.tradita
568 1880 737 1934 erant,
777 1870 972 1926 auditis
1000 1873 1080 1927 his
1107 1873 1380 1943 prophetae
1418 1876 1614 1941 verbis,
1649 1876 1758 1930 Ad-

162 1956 265 2010 huc
296 1967 393 2012 tres
417 1959 543 2024 dies,
575 1968 621 2013 et
641 1958 830 2014 Ninive
855 1961 1167 2017 subvertetur
1203 1964 1222 2036 (
1239 1964 1363 2020 Jon.
1392 1968 1444 2023 5.
1473 1967 1548 2038 Δ)
1575 1982 1588 2022 :
1621 1968 1757 2024 intra

161 2054 278 2102 tres
303 2047 415 2102 dies
441 2048 802 2118 deposuerunt
830 2052 1022 2106 malam
1043 2057 1483 2112 consuetudinem
1511 2075 1524 2111 :
1553 2070 1757 2114 scorta-

162 2148 249 2192 tor
277 2151 484 2205 castus,
535 2141 684 2197 feros
716 2155 1060 2212 mansuetus,
1100 2147 1444 2204 defraudator
1483 2159 1540 2206 et
1576 2161 1759 2223 raptor

159 2230 438 2288 modestus
463 2242 516 2288 et
539 2233 801 2304 benignus
821 2276 838 2302 ,
867 2236 1088 2307 ignavus
1128 2239 1417 2295 industrius
1446 2241 1615 2296 factus
1653 2251 1754 2298 est.

158 2323 344 2394 Neque
371 2341 551 2392 unum,
575 2336 665 2381 aut
691 2328 934 2395 alterum,
959 2339 1052 2385 aut
1093 2332 1327 2396 tertium,
1356 2344 1448 2388 aut
1469 2343 1714 2404 quartum
1732 2374 1756 2405 ,

157 2419 257 2474 sed
287 2420 464 2475 omnia
493 2421 617 2474 vitia
647 2422 805 2476 simul
833 2433 1201 2479 correxerunt.
1228 2423 1283 2478 ld
1306 2425 1445 2481 unde
1469 2427 1652 2496 patet?
1674 2426 1754 2482 Ex

155 2512 336 2566 verbis
387 2513 684 2584 prophctze,
733 2516 846 2585 ipse
899 2517 1039 2570 enim
1092 2526 1372 2572 accusator
1416 2534 1622 2587 eorum,
1663 2520 1754 2590 qui

156 2601 367 2657 dixerat
395 2603 700 2661 ascendisse
725 2607 788 2660 ad
812 2609 972 2662 crelos
999 2609 1289 2664 clamorem
1320 2612 1536 2666 malitiae
1565 2628 1751 2669 eorum

157 2692 309 2766 (Jan.
341 2695 392 2749 l.
421 2695 457 2748 2
480 2697 520 2765 ),
555 2697 669 2766 ip-e
690 2741 703 2763 ,
739 2699 976 2768 inquam,
1010 2700 1062 2754 in
1087 2703 1416 2757 contrarium
1445 2703 1512 2759 de
1541 2705 1644 2760 illis
1672 2714 1752 2760 te-

154 2795 328 2840 3tatus
350 2795 450 2853 est,
475 2787 681 2855 dicens,
714 2787 852 2842 Vidit
868 2789 1008 2843 Deus
1030 2791 1296 2860 quemlibet
1315 2793 1566 2849 obstitisse
1581 2812 1612 2848 a
1632 2813 1754 2866 pra-

151 2875 230 2930 vis
253 2877 344 2931 viis
363 2878 467 2930 suis
494 2876 606 2938 (Id.
638 2880 692 2934 5.
727 2879 876 2950 10.),
907 2896 1012 2935 non
1053 2881 1356 2952 singulatim
1387 2884 1518 2938 dixit
1544 2901 1572 2938 a
1597 2900 1750 2940 scor-

153 2967 378 3034 talione,
409 2967 672 3024 adulterio
699 2978 791 3023 aut
816 2970 976 3036 furto,
1003 2970 1116 3037 scd,
1151 2972 1194 3025 Α
1224 2974 1314 3027 viis
1331 2975 1436 3027 suis
1461 2975 1647 3045 pravis.
1679 2977 1750 3031 At

153 3060 423 3129 quomodo
452 3061 806 3117 abstiterunt?
837 3061 904 3117 Ut
951 3063 1091 3118 Deus
1136 3065 1313 3131 novit,
1353 3079 1458 3120 non
1488 3074 1545 3120 ut
1587 3066 1747 3120 homo

151 3153 380 3207 censuit.
427 3153 594 3208 Porro
637 3170 813 3210 annon
857 3155 1158 3225 pudendum
1199 3157 1453 3213 barbaros
1481 3158 1620 3213 intra
1651 3161 1748 3214 tri-

152 3243 319 3297 duum
341 3259 435 3298 sua
460 3246 585 3299 vitia
606 3262 802 3302 exuere
821 3289 836 3314 ,
874 3262 972 3302 nos
997 3264 1065 3303 ne
1093 3264 1250 3304 unam
1276 3249 1488 3318 quidem
1516 3267 1742 3308 consue-

149 3333 388 3389 tudinem
408 3337 602 3391 malam
631 3353 883 3408 superare
911 3354 1086 3410 posse,
1114 3341 1204 3410 qui
1229 3357 1324 3410 per
1351 3349 1429 3397 tot
1451 3342 1566 3397 dies
1589 3343 1745 3399 insti-

151 3424 352 3479 tuimur
371 3435 527 3496 atque
552 3428 840 3484 docemur?
860 3431 1018 3499 Atqui
1037 3431 1110 3485 illi
1129 3429 1197 3484 ad
1218 3441 1455 3486 extrema
1478 3434 1602 3488 vitia
1621 3448 1746 3490 eve-

151 3517 227 3572 cti
262 3524 418 3571 erant
449 3535 464 3573 :
493 3534 618 3574 cum
657 3520 804 3574 enim
847 3520 1023 3586 audis,
1055 3520 1268 3578 Clamor
1298 3524 1520 3579 malitiae
1548 3543 1729 3579 eorum

153 3609 387 3662 ascendit
417 3611 488 3662 ad
523 3626 604 3663 me
633 3611 670 3675 ',
701 3626 771 3666 ne
799 3611 934 3667 mihi
960 3613 1106 3668 aliud
1136 3614 1402 3687 intelligas
1431 3632 1592 3686 quam
1624 3617 1729 3671 im-

151 3715 400 3753 mensam
426 3699 716 3768 malitiam;
741 3711 979 3759 attamen
999 3712 1296 3776 potuerunt
1322 3707 1464 3762 intra
1488 3707 1730 3763 triduum

149 3786 216 3838 ad
243 3786 504 3859 integram
523 3793 774 3850 virtutem
791 3813 910 3854 sese
926 3799 1242 3854 transferre.
1266 3800 1367 3856 Ubi
1385 3803 1528 3858 enim
1550 3804 1716 3860 timor

149 3871 378 3941 Dei,uon
398 3895 532 3949 opus
548 3893 632 3938 est
647 3885 838 3942 diebus
855 3897 948 3942 aut
961 3890 1140 3959 spatio
1155 3893 1431 3960 temporis;
1450 3904 1712 3952 utcontra

142 3966 236 4022 ubi
267 3979 440 4025 metus
472 3987 579 4026 non
608 3981 708 4040 est,
742 3974 871 4029 nihil
897 3975 1161 4030 commodi
1204 3992 1268 4032 es
1297 3977 1486 4033 diebus
1527 3993 1736 4035 euaser-

142 4069 251 4116 tnr.
283 4060 350 4117 Ut
380 4063 522 4117 enim
554 4079 678 4118 vasa
704 4067 1000 4136 :ernginosa
1020 4109 1037 4136 ,
1063 4069 1106 4121 si
1129 4083 1262 4138 aqua
1289 4070 1458 4124 solum
1481 4070 1732 4141 ablucris,

139 4151 244 4207 etsi
272 4153 494 4208 multum
524 4157 779 4225 temporis
800 4157 1054 4226 insumas,
1084 4175 1415 4231 nequaquam
1442 4162 1586 4216 omni
1608 4163 1734 4218 vitio

138 4245 492 4316 expurgabis;
535 4248 623 4317 qui
653 4258 829 4304 autem
861 4266 923 4305 ea
962 4252 1014 4305 in
1060 4252 1428 4309 conﬂatorium
1460 4256 1730 4326 immittit,

136 4335 292 4392 brevi
313 4340 568 4408 temporis
595 4355 868 4398 momento
898 4345 1257 4414 splendidiora
1285 4348 1371 4403 illa
1399 4347 1541 4417 facit,
1573 4366 1731 4422 quam

134 4444 262 4500 qua:
288 4445 422 4485 nova
449 4441 573 4487 sunt
599 4452 612 4487 :
643 4435 714 4488 ita
744 4437 902 4492 etiam
931 4438 1106 4494 anima
1137 4441 1334 4509 peccati
1361 4458 1565 4498 veneno
1594 4444 1730 4500 infe-

133 4531 246 4586 cta,
275 4522 320 4576 si
363 4523 551 4580 leviter
575 4533 630 4581 et
658 4536 942 4600 utcumque
976 4531 1206 4601 seipsam
1230 4535 1531 4602 exterserit,
1555 4545 1609 4591 et
1637 4551 1733 4606 per

131 4612 375 4683 singulos
407 4615 524 4672 dies
547 4619 912 4687 pcenitentiam
942 4624 1311 4694 assumpserit,
1340 4625 1474 4680 nihil
1502 4627 1733 4698 amplius

131 4707 662 4780 nancisceturzquod
689 4712 735 4768 si
759 4714 919 4769 veluti
951 4713 1004 4770 in
1027 4713 1294 4772 fornacem
1332 4717 1432 4772 Dei
1475 4717 1725 4774 timorem

129 4810 194 4852 se
214 4798 478 4868 injeecrit,
494 4800 639 4858 brevi
667 4805 921 4874 temporis
943 4816 1213 4860 momento
1227 4806 1488 4877 .‘quidquid
1507 4809 1619 4863 vitii
1646 4819 1724 4865 est

131 4891 338 4946 abluet.
381 4889 460 4947 Nc
492 4893 650 4963 igitur
675 4895 728 4948 in
759 4895 1056 4965 proximum
1078 4895 1219 4952 diem
1240 4898 1724 4966 procrastinemur:

129 4981 405 5036 Nescimus
434 4984 564 5038 enim
589 4986 710 5054 quid
733 5002 943 5057 sequens
967 4988 1076 5042 dies
1103 4989 1263 5057 pariet
1304 4987 1485 5058 (Prov.
1518 4990 1609 5045 27.
1644 4990 1722 5063 l);

125 5088 307 5148 neque
350 5073 606 5140 dicamus,
654 5076 988 5134 Pedetentim
1036 5080 1232 5135 malam
1285 5083 1723 5138 consuetudinem

124 5165 440 5220 evincemus
472 5185 484 5219 :
527 5167 657 5222 illud
693 5169 834 5224 enim
861 5170 1182 5240 pedetentim
1217 5188 1502 5244 numquam
1529 5174 1720 5230 deerit.

125 5253 487 5322 Quamobrem
520 5257 638 5312 istis
663 5260 877 5315 omissis
911 5262 1041 5316 illud
1074 5262 1313 5319 dicamus
1359 5281 1373 5318 :
1411 5264 1520 5319 Nisi
1565 5265 1725 5323 hodie

122 5347 743 5418 correxerimusjurandi
763 5366 984 5419 morem,
1001 5368 1288 5424 numquam
1305 5353 1558 5422 futurum,
1581 5365 1640 5412 ut
1655 5357 1722 5415 ab

121 5454 188 5494 eo
216 5438 556 5506 absistamus,
583 5441 790 5498 etiamsi
816 5444 962 5500 mille
989 5456 1234 5515 premant
1261 5449 1494 5517 negotia,
1525 5450 1719 5506 etiam-

121 5530 165 5584 si
196 5531 529 5588 moriendum
556 5533 644 5602 sit,
674 5536 928 5606 supplicia
954 5537 1222 5595 subeunda
1245 5540 1369 5604 sint,
1397 5542 1572 5596 omnia
1598 5558 1713 5612 per-

194 5628 212 5657 ⁴¹
247 5627 366 5676 Haec
388 5634 504 5703 sunt
525 5627 706 5703 lienes.
734 5645 868 5692 xvnt,
892 5633 1101 5703 2_0,gu_ze
1121 5633 1713 5703 protulitChrysostomns

131 5700 221 5750 pro
261 5701 324 5737 eo
366 5691 497 5750 qqu
539 5695 619 5740 est
661 5693 798 5744 J0me
824 5691 861 5754 l,
898 5696 944 5751 2,
970 5691 1092 5753 Q'uia
1124 5691 1356 5747 ascendit
1384 5691 1571 5747 malitia
1610 5697 1715 5761 ejus

132 5763 299 5801 coram
342 5764 432 5802 me.
1457 5759 1592 5809 Eon.

1165 291 1262 347 AD
1295 290 1614 351 POPULUM
1655 291 2144 354 ANTIOCHENUM
2203 295 2436 353 llOMlL.
2481 296 2598 354 XX.

3352 301 3458 358 ειο

1872 407 2046 464 denda
2075 409 2181 463 sint
2213 427 2226 463 :
2259 425 2363 465 non
2385 409 2632 465 dabimus
2650 409 2863 466 diabolo
2891 409 3119 482 ignavia:
3145 422 3458 482 potestatem

1871 512 2046 568 neque
2077 499 2652 568 comperendinationis
2677 501 3031 558 occasionem.
3063 503 3117 558 Si
3149 504 3289 561 Deus
3310 507 3461 561 vidc-

1869 588 1938 644 rit
1959 599 2100 644 tuam
2129 590 2362 646 animam
2390 591 2610 663 ignitum
2641 603 2696 647 et
2725 593 3010 649 excitatum
3045 595 3276 650 studium
3298 639 3312 657 .
3347 599 3464 669 ipso

1869 693 2078 749 quoque
2103 679 2362 750 profcctui
2399 689 2488 736 tuo
2514 697 2729 753 operam
2754 686 2987 740 navabit.
3014 684 3249 742 Obsecro
3278 697 3332 743 ct
3358 691 3459 744 ob-

1871 780 2056 839 testor,
2082 772 2364 845 diligentcs
2391 775 2578 843 simus,
2603 791 2670 831 ne
2691 785 2745 831 et
2767 792 2862 832 nos
2882 777 3179 856 audiamus,
3214 779 3461 837 Homines

1869 859 2114 917 Ninivitw
2135 873 2358 934 surgent,
2398 873 2445 919 et
2473 865 2875 921 condemnabam
2907 871 3277 939 generationem
3308 873 3460 925 istam

1869 953 2020 1028 (Luc.
2050 956 2134 1010 ll.
2161 956 2265 1022 '52)
2290 998 2304 1022 ,
2341 972 2404 1012 co
2435 957 2577 1029 quod
2615 959 2689 1013 illi
2721 960 2885 1014 semel
2911 961 3167 1016 admoniti
3193 978 3312 1018 sese
3336 980 3460 1019 cor-

1867 1047 2120 1114 rexerint,
2151 1063 2248 1103 nos
2277 1063 2419 1119 sarpc
2440 1049 2696 1105 admoniti
2725 1067 2830 1106 non
2855 1065 3267 1110 convertamur:
3301 1057 3374 1111 illi
3405 1059 3458 1111 in

1867 1137 2011 1191 omni
2040 1138 2234 1193 virtute
2257 1139 2616 1209 profecerunt,
2656 1155 2754 1197 nos
2775 1158 2842 1198 ne
2867 1151 3070 1213 partem
3107 1145 3320 1214 quidem
3347 1147 3459 1201 vir-

1868 1227 1993 1281 tutis
2013 1227 2164 1282 nobis
2189 1243 2476 1300 paramus:
2507 1229 2580 1284 illi
2598 1231 2755 1287 minis
2779 1233 3077 1289 eversionis
3110 1245 3460 1306 expaverunt,

1866 1331 1966 1371 nos
1993 1317 2395 1374 denuntiatione
2421 1319 2683 1390 gehennae
2709 1337 2815 1376 non
2837 1331 3202 1380 exterreamur
3233 1343 3247 1379 :
3282 1326 3355 1381 illi
3381 1337 3462 1382 et-

1864 1405 1909 1462 si
1932 1407 2307 1478 prophetarum
2334 1409 2619 1481 participes
2654 1427 2762 1467 non
2789 1413 3016 1482 fuerint,
3042 1430 3164 1470 cum
3193 1432 3290 1472 nos
3329 1434 3459 1488 pero

1865 1507 2023 1568 petua
2048 1499 2287 1556 doctrina
2315 1509 2370 1557 et
2391 1503 2553 1557 multa
2581 1505 2746 1574 gratia
2778 1507 3129 1574 perfruamur.
3161 1508 3286 1564 Huic
3314 1524 3456 1564 nunc

1865 1588 2076 1659 loquor,
2108 1607 2214 1646 non
2243 1607 2338 1646 vos
2363 1593 2432 1648 de
2478 1595 2688 1662 vestris,
2718 1595 2811 1650 sed
2839 1595 2908 1653 de
2936 1598 3124 1658 alienis
3146 1600 3458 1656 criminibus

1864 1678 2138 1736 incusans.
2166 1682 2277 1752 Ego
2303 1683 2462 1749 enim,
2494 1685 2625 1751 scio,
2653 1686 2792 1755 quod
2814 1693 2869 1741 et
2893 1697 3015 1742 ante
3035 1688 3163 1755 dixi,
3195 1690 3364 1760 legem
3388 1691 3459 1746 de

1857 1769 2208 1840 jurejurando
2236 1772 2457 1842 pulchre
2501 1783 2556 1829 et
2592 1774 2880 1832 efficaciter
2928 1793 2958 1831 a
2999 1778 3146 1832 vobis
3192 1783 3454 1849 prarstari.

1864 1857 2060 1914 Verum
2104 1860 2156 1916 id
2197 1877 2302 1916 non
2341 1864 2472 1918 satis
2514 1872 2598 1918 est
2638 1865 2704 1919 ad
2733 1874 2968 1920 nostram
2999 1869 3244 1936 salutem,
3274 1871 3374 1924 nisi
3403 1879 3457 1926 et

1860 1950 1996 2005 alios
2035 1951 2277 2006 docendo
2315 1956 2707 2010 correxerimus
2736 1973 2749 2008 :
2781 1956 3212 2028 quandoquidem
3253 1976 3322 2014 ne
3367 1962 3455 2016 ille

1861 2042 2076 2111 quidem
2098 2044 2415 2115 supplicium
2437 2047 2625 2114 evasit,
2652 2049 2739 2117 qui
2758 2049 3010 2104 talentum
3039 2052 3276 2121 protulit,
3299 2063 3354 2109 et
3375 2065 3456 2108 to-

1863 2141 1974 2188 tum
2015 2134 2316 2205 depositum
2345 2138 2577 2192 reddidit
2607 2138 2815 2210 (Matth.
2847 2140 2919 2196 25
2945 2140 2962 2210 )
2999 2160 3013 2196 :
3039 2158 3104 2197 eo
3129 2144 3268 2214 quod
3299 2161 3453 2204 acce-

1859 2233 2004 2296 ptam
2033 2229 2309 2297 pecuniam
2349 2231 2494 2284 nullo
2522 2233 2756 2286 auctario
2795 2235 3188 2304 multiplicarat.
3241 2239 3444 2306 Quam-

1861 2316 2048 2373 obrem
2077 2335 2185 2374 non
2221 2321 2348 2376 illud
2377 2337 2407 2376 a
2434 2322 2587 2377 nobis
2607 2325 2953 2393 spectandum
2976 2367 2989 2390 ,
3033 2341 3103 2381 an
3130 2329 3226 2398 ipsi
3256 2331 3322 2384 ab
3350 2331 3450 2387 hoc

1859 2412 2246 2480 peccatoliberi
2263 2415 2464 2481 simus;
2497 2431 2680 2469 verum
2707 2426 2988 2487 antequam
3017 2427 3070 2472 et
3090 2419 3224 2475 alios
3254 2422 3451 2478 liberos

1857 2502 2164 2569 reddamus,
2195 2520 2263 2560 nc
2283 2506 2620 2560 absistamus.
2647 2506 2880 2577 Quisque
2899 2508 3084 2564 decem
3114 2512 3313 2565 amicos
3338 2528 3365 2564 ει
3389 2527 3448 2567 sc

1855 2604 2128 2650 correCtos
2157 2596 2267 2650 Deo
2305 2597 2563 2665 adducat,
2596 2599 2708 2654 sive
2740 2600 2847 2654 sint
2871 2599 3049 2654 famuli
3073 2644 3090 2668 ,
3137 2604 3248 2658 sive
3289 2604 3449 2659 disci-

1855 2686 1998 2755 mli;
2035 2688 2176 2758 quod
2203 2687 2249 2743 si
2280 2704 2378 2744 nec
2405 2689 2694 2760 discipulos
2719 2706 2819 2746 nec
2862 2691 3086 2748 famulos
3124 2693 3311 2759 habes,
3341 2696 3448 2750 sal-

1855 2787 1961 2832 tem
1989 2785 2189 2834 amicos
2221 2780 2411 2846 habes;
2458 2781 2556 2837 hos
2590 2782 2841 2842 emenda.
2879 2782 3060 2854 Neque
3105 2784 3234 2839 mihi
3262 2786 3444 2854 dicas,

1851 2871 2104 2928 Crebram
2135 2874 2282 2929 illam
2307 2875 2520 2946 jurandi
2545 2877 2912 2934 assiduitatem
2943 2879 3257 2949 abjceimus,
3289 2897 3444 2938 raro-

1852 2979 1953 3034 que
1979 2965 2244 3034 labimur;
2274 2983 2457 3022 verum
2482 2976 2535 3023 et
2561 2967 2700 3023 hanc
2722 2984 2932 3041 quoque
2955 2971 3228 3027 raritatem
3254 2973 3442 3043 depel-

1851 3055 1951 3111 las.
1975 3055 2031 3111 Si
2056 3072 2218 3112 unum
2239 3072 2458 3113 aureum
2477 3059 2816 3128 perdidisses,
2838 3061 2926 3117 dic
2946 3063 3095 3128 mihi,
3118 3079 3296 3119 nonne
3320 3081 3442 3120 om-

1850 3160 1945 3202 nes
1972 3147 2149 3204 obires
2177 3148 2466 3218 quaerendo
2488 3157 2544 3203 et
2566 3150 2876 3221 vestigando
2900 3192 2915 3217 ,
2956 3162 3013 3208 ut
3043 3153 3344 3210 invenires?
3382 3154 3441 3212 ια

1847 3252 2058 3308 quoque
2099 3239 2152 3292 in
2190 3240 2506 3308 juramentis
2532 3240 2708 3297 facito.
2752 3242 2807 3298 Si
2851 3243 3048 3300 videris
3075 3256 3127 3301 te
3167 3247 3439 3317 inOpinato

1845 3326 1914 3382 ad
1940 3343 2100 3382 unum
2123 3328 2496 3400 jusjurandum
2522 3332 2749 3403 lapsum,
2781 3333 3087 3404 ingemisce,
3121 3337 3260 3407 luge,
3285 3341 3437 3408 quasi

1845 3417 1936 3488 qui
1960 3420 2137 3474 omnia
2177 3427 2266 3474 tua
2292 3419 2430 3476 bona
2458 3422 2774 3490 perdideris.
2803 3424 2999 3479 lterum
3027 3426 3146 3481 dico
3165 3468 3180 3492 ,
3207 3428 3350 3498 quod
3383 3437 3440 3486 et

1843 3517 2000 3565 antea
2029 3509 2137 3565 dixi
2166 3529 2180 3565 :
2219 3511 2436 3568 include
2463 3522 2516 3569 te
2542 3516 2676 3570 intra
2708 3525 2822 3572 tuas
2844 3517 3008 3585 aedes,
3040 3519 3438 3578 meditationem

1844 3597 1984 3655 banc
2010 3608 2066 3655 et
2091 3602 2402 3658 exercitium
2429 3605 2676 3661 instituas
2696 3621 2816 3661 cum
2845 3623 3030 3674 uxore,
3060 3625 3183 3664 cum
3214 3611 3395 3668 liberis
3416 3654 3434 3680 ,

1841 3704 1961 3744 cum
1980 3690 2370 3749 familiaribus:
2399 3697 2477 3751 sic
2504 3705 2678 3752 tecum
2711 3698 2855 3767 prius
2883 3699 3120 3770 loquere,
3145 3701 3261 3757 Non
3287 3703 3434 3773 prius

1840 3791 1930 3837 aut
1955 3784 2180 3855 privata,
2201 3796 2291 3841 aut
2307 3788 2518 3858 publica
2533 3791 2810 3860 attingam,
2830 3808 2989 3862 quam
3010 3795 3237 3850 animam
3259 3811 3436 3852 meam

1840 3877 2188 3947 castigavere.
2218 3878 2275 3934 Si
2304 3895 2400 3935 vos
2422 3880 2488 3935 ad
2515 3897 2636 3935 eum
2663 3882 2880 3937 modum
2909 3884 3045 3939 lilios
3074 3895 3281 3941 vestros
3307 3903 3434 3942 eruo

1839 3965 2063 4037 dicritis,
2094 3970 2299 4042 ipsique
2321 3988 2505 4027 rursus
2533 3987 2681 4036 Suos,
2723 3983 2882 4044 atque
2910 3976 2979 4030 ita
3007 3991 3174 4046 usque
3206 3978 3272 4032 ad
3300 3994 3431 4034 con-

1837 4059 2246 4115 summationem
2274 4070 2328 4117 et
2355 4062 2640 4118 adventum
2662 4063 2860 4118 Christi
2881 4065 3157 4135 disciplina
3179 4067 3276 4122 ista
3302 4084 3430 4136 pro-

1835 4161 2080 4222 pagetur,
2134 4153 2237 4206 illis
2286 4154 2373 4222 qui
2403 4155 2602 4224 primas
2650 4154 2858 4210 radices
2907 4155 3154 4223 ﬁxerunt,
3200 4158 3428 4214 solidum

1838 4243 2112 4310 prmmium
2160 4242 2382 4299 adferet.
2437 4245 2492 4301 Si
2535 4245 2776 4314 proferre
2825 4246 3068 4302 didicerit
3117 4248 3254 4304 filius
3283 4258 3426 4319 tuus,

1835 4332 2014 4402 Crede,
2044 4350 2150 4389 non
2181 4337 2377 4406 poterit
2399 4337 2450 4390 in
2478 4336 2752 4392 theatrum
2775 4337 3088 4403 ascendere,
3119 4347 3212 4394 aut
3239 4357 3430 4412 caupo-

1836 4439 1958 4479 nam
1989 4425 2204 4492 subire,
2241 4436 2332 4482 aut
2371 4427 2504 4483 alea:
2540 4427 2833 4483 immorari.
2863 4427 3096 4484 Verbum
3127 4431 3268 4486 enim
3299 4433 3428 4488 illud

1835 4515 1952 4586 ejus
1972 4518 2050 4572 ori
2078 4533 2174 4587 pro
2200 4516 2352 4573 freno
2385 4518 2718 4583 incumbens,
2749 4519 2970 4574 invitum
2999 4535 3210 4592 quoque
3233 4522 3299 4578 ad
3327 4539 3426 4592 pu-

1833 4604 2018 4661 dorem
2047 4607 2497 4663 et-verecundiam
2533 4609 2795 4679 perpellet
2825 4627 2841 4665 :
2872 4609 3014 4681 quod
3043 4611 3089 4666 si
3135 4611 3450 4692 aliquando.

1834 4695 1906 4751 ibi
1946 4699 2308 4769 conspiciatur
2328 4741 2344 4767 ,
2372 4700 2575 4755 resiliet
2619 4700 2744 4757 inde
2777 4702 3168 4772 quamprimum
3204 4700 3439 4780 poterit,

1832 4788 1938 4845 Sed
1961 4791 2049 4845 alii
2077 4799 2130 4846 te
2154 4791 2377 4847 irrident
2409 4811 2422 4847 :
2455 4802 2510 4847 tu
2533 4793 2766 4848 vicissim
2792 4793 2910 4848 illos
2929 4793 3170 4864 deplora.
3199 4792 3345 4849 Multi
3367 4793 3439 4850 et}

1829 4879 1942 4935 Noe
1968 4881 2196 4936 ludibrio
2225 4882 2543 4948 habuerunt,
2584 4899 2704 4940 cum
2731 4899 2908 4940 aream
2939 4884 3233 4952 conderet;
3261 4891 3425 4942 emto-

1830 4988 1948 5026 rum
1976 4987 2100 5026 eum
2127 4973 2270 5028 venit
2307 4974 2598 5043 diluvium,
2631 4975 2746 5046 ipse
2783 4990 2878 5031 eos
2917 4976 3149 5030 vicissim
3195 4975 3361 5031 irrisit
3393 4991 3410 5030 :
3466 4969 3468 4976 “

1830 5063 1914 5116 vel
1943 5063 2117 5132 potius
2143 5079 2236 5121 eos
2265 5082 2555 5136 numquam
2591 5066 2754 5122 irrisit
2779 5065 2860 5120 vir
2885 5065 3090 5136 justus,
3123 5065 3216 5122 sed
3245 5066 3425 5136 lacry-

1832 5155 1935 5210 mis
1967 5164 2023 5211 et
2052 5159 2336 5227 gemitibus
2376 5168 2733 5230 prosequutus
2756 5168 2856 5214 est.
2890 5158 3023 5215 Cum
3054 5160 3213 5231 igitur
3231 5175 3325 5215 eos
3348 5159 3424 5214 ri-

1830 5248 2018 5304 dentes
2050 5248 2279 5317 vidcris,
2311 5251 2516 5320 cogita,
2555 5251 2697 5321 quod
2737 5251 2826 5322 qui
2868 5267 3010 5306 nunc
3036 5249 3423 5306 cachinnantiu-

1831 5341 2034 5408 dentes,
2060 5351 2186 5398 tunc
2213 5343 2473 5413 ploratum
2500 5351 2557 5399 et
2585 5342 2869 5398 stridorem
2899 5341 3270 5413 gravissimum
3293 5352 3414 5392 sus-

1826 5434 2099 5501 tinebunt,
2130 5444 2184 5490 ct
2213 5433 2566 5490 lamentantes
2590 5434 2644 5488 in
2672 5434 2762 5488 illo
2787 5433 2872 5488 die
2898 5449 2961 5489 ac
2989 5431 3263 5488 collisione
3287 5428 3414 5484 stri-

1823 5526 2034 5594 dentes,
2063 5526 2205 5583 risus
2247 5526 2699 5592 recordabuntur;
2741 5534 2866 5580 tunc
2908 5533 2962 5578 et
2995 5531 3054 5577 tu
3081 5523 3222 5578 risus
3261 5520 3415 5577 istius

1822 5617 2212 5673 recordaberis.
2252 5617 2592 5688 Quantopere
2620 5616 2788 5670 irrisit
2813 5614 3071 5670 Lazarum
3110 5612 3200 5668 ille
3227 5612 3417 5668 dives?

1823 5712 1914 5768 sed
1943 5707 2282 5782 postmodum
2328 5727 2394 5768 eo
2432 5712 2482 5767 in
2511 5710 2629 5766 sinu
2657 5706 2886 5763 Abrahae
2928 5713 3253 5778 conspecto,
3303 5704 3421 5777 ipse
