3896 6230
502 268 599 335 2ft

499 396 734 460 seipsum
765 389 1140 447 miserabiliter
1167 390 1405 445 dellevit.

571 483 623 538 9.
645 483 845 538 ilorum
880 484 1037 553 igitur
1068 485 1303 538 omnium
1334 498 1557 549 memor,
1586 483 1854 554 compelle
1891 479 2082 555 quam;

502 576 729 640 primum
780 590 966 630 omnes
1012 575 1077 629 ad
1120 574 1277 644 hujus
1328 575 1578 646 prmcepti
1626 574 2081 645 adimpletionem.

504 663 685 735 Neque
711 667 839 720 mihi
868 666 1033 732 dicas,
1059 667 1318 722 Paulatim
1345 667 1396 722 id
1439 667 1657 735 faciam,
1678 676 1769 723 aut
1810 668 1861 723 in
1891 668 2082 724 crasti-

509 771 623 810 nam
649 757 816 811 lucem
849 757 1061 813 differas
1092 776 1105 811 :
1135 774 1254 814 cras
1276 760 1416 814 enim
1448 759 1574 814 illud
1604 759 2082 831 numquamt'inem

506 846 744 916 accipiet.
774 847 1131 919 Quadraginta
1175 850 1290 905 dies
1324 851 1433 919 jam
1472 851 1885 920 praeterierunt:
1909 851 1950 904 si
1982 851 2083 904 Pa-

503 937 631 992 scha
658 953 868 1008 quoque
894 955 1105 993 sacrum
1129 942 1460 1010 pneterierit,
1487 940 1615 995 nulli
1638 940 1748 1012 jam
1776 940 1968 995 deinde
1990 957 2079 995 ve-

497 1027 640 1083 niam
669 1028 825 1095 dabo,
883 1045 988 1086 non
1014 1032 1452 1099 admonitionem,
1503 1033 1596 1087 sed
1645 1033 1748 1086 vim
1794 1033 1998 1101 imperii
2031 1042 2086 1087 et

502 1122 839 1176 severitatem
872 1137 976 1177 non
1014 1124 1454 1179 contemnendam
1484 1124 1765 1179 adhibebo.
1799 1123 1913 1179 Non
1940 1125 2081 1179 enim

496 1210 668 1265 valida
693 1221 775 1267 est
803 1213 917 1267 hzec
940 1212 1339 1269 consuetudinis
1365 1214 1654 1268 excusatio.
1684 1212 1792 1268 Cur
1820 1229 1923 1268 non
1949 1230 2083 1275 nne-

500 1301 668 1356 tendit
690 1301 773 1358 fur
801 1303 1259 1379 consuetudinem,
1304 1312 1358 1357 et
1401 1318 1429 1356 a
1478 1304 1738 1374 supplicio
1788 1305 2085 1360 liberatur?

496 1408 593 1447 cur
622 1409 725 1446 non
771 1394 908 1448 idem
938 1393 1060 1449 facit
1089 1394 1349 1450 homicida
1386 1403 1441 1449 et
1479 1395 1733 1450 adulter?
1761 1395 1882 1451 Jam
1924 1395 2085 1466 igitur

497 1482 752 1537 denuntio
802 1494 850 1541 et
882 1494 1169 1554 protestor,
1198 1486 1240 1539 si
1273 1486 1582 1540 conveniam
1627 1486 1883 1556 singulos,
1914 1494 1966 1539 et
1992 1501 2084 1538 es-

499 1594 783 1608 —_‘

1210 277 1278 337 s.
1307 274 1584 336 JO‘ANNIS
1621 272 2095 334 CHRYSOSTOMI
2134 276 2450 334 anetum
2491 252 3019 336 coxsrx‘mmor.

3689 278 3783 336 2ιὶ

2190 390 2546 459 perimentum
2571 406 2778 447 sumam
2804 393 2947 465 (nam
2976 392 3114 447 haud
3144 392 3306 450 dubie
3332 394 3620 462 sumam);
3654 394 3783 462 quod

2192 482 2236 537 si
2263 483 2656 554 deprehendam
2682 485 2887 556 aliquos
2936 485 3050 541 hzee
3095 485 3221 540 vitia
3273 502 3383 541 non
3427 485 3779 553 correxisse,

2187 590 2399 645 pmnam
2435 577 2698 647 irrogabo,
2736 577 2966 644 edicam,
2994 585 3051 632 ut
3072 577 3200 632 foris
3223 584 3371 633 extra
3399 591 3565 632 sacra
3587 586 3784 649 myste-

2190 666 2265 719 ria
2289 666 2602 731 consistant,
2629 666 2787 737 idque
2812 681 2918 721 non
2948 681 3012 722 eo
3035 666 3215 722 animo
3243 675 3302 722 ut
3335 665 3471 721 foris
3510 677 3784 734 maneant,

2189 756 2280 811 sed
2309 766 2666 827 utpostquam
2707 772 2765 812 se
2793 756 3209 821 emendaverint,
3241 758 3385 811 intus
3428 756 3643 826 recepti
3668 774 3786 812 cuiu

2189 849 2671 917 puracouscientia
2718 863 2866 902 sacra
2893 864 3078 903 mensa
3127 848 3409 903 fruantur:
3440 849 3494 903 id
3525 850 3676 903 enim
3711 862 3785 904 est

2188 941 2576 995 communienis
2598 943 2908 1012 partiCi‘pcm
2936 942 3070 997 fieri.
3120 942 3325 999 Precor
3341 954 3552 1008 autem,
3587 954 3647 999 ut
3700 961 3788 1015 per

2195 1015 2384 1100 preces
2414 1042 2520 1086 tum
2549 1032 2854 1101 praesidum,
2911 1042 3019 1086 tum
3048 1044 3352 1089 sanctorum
3389 1036 3639 1090 omnium
3678 1036 3789 1089 ha-c

2189 1132 2242 1175 et
2265 1120 2364 1175 alia
2390 1122 2511 1176 vitia
2537 1122 2715 1176 omnia
2743 1123 3104 1187 emendantes,
3141 1139 3362 1193 regnum
3387 1127 3654 1182 eat-10mm
3678 1127 3789 1181 adi-

2191 1213 2478 1281 piscamur,
2529 1215 2699 1283 gratia
2743 1224 2797 1267 ct
2826 1214 3150 1284 benignitate
3200 1215 3409 1269 Domini
3455 1218 3632 1271 nostri
3661 1217 3784 1272 Jesu

2191 1302 2408 1367 Christi,
2457 1319 2576 1359 cum
2613 1319 2718 1373 quo
2761 1304 2900 1358 Patri
2949 1321 3068 1358 cum
3109 1315 3293 1359 sancto
3321 1305 3527 1374 Spiritu
3570 1308 3741 1375 gloria
3767 1351 3781 1371 ,

2192 1394 2365 1447 honor
2392 1404 2447 1448 et
2471 1393 2730 1459 adoratio,
2759 1410 2896 1448 nunc
2926 1403 2978 1447 et
3006 1410 3239 1464 semper,
3266 1407 3319 1449 et
3365 1396 3416 1449 iu
3444 1397 3654 1451 smcula
3685 1411 3782 1450 sa:-

2192 1486 2456 1539 culorum.
2493 1487 2679 1540 Amen.

500 1662 560 1711 LV
606 1668 884 1712 EPISCOPI
937 1671 1236 1713 FLAVIANI
1282 1670 1605 1723 REDITL‘M,
1656 1670 1733 1711 ET
1774 1660 1840 1726 ,ΙΝ
1885 1668 2078 1711 ΙΜΡΕΒ

2185 1667 2309 1710 )RlS
2354 1668 2485 1711 CUM
2528 1668 2825 1712 CIVITATE
2871 1670 3523 1728 RECONCIUATXONEM,
3578 1674 3663 1717 ET
3707 1675 3781 1715 Δί)

1304 1768 1788 1812 ΡΒΕΥΑΠΙΟΑΤΟΞ
1833 1768 1896 1809 IN
1941 1766 2322 1810 STATUARUM
2366 1763 2945 1811 SUBVERSIONEM“-

1899 1869 2377 1949 NQ”...

1098 2014 1310 2052 NOMINA
1351 2013 1461 2051 XXI.

569 2114 621 2166 f.
655 2113 692 2166 A
721 2112 882 2166 verbo
933 2127 960 2164 a
1020 2126 1121 2179 quo
1167 2125 1378 2179 semper
1436 2108 1786 2177 periculorum
1837 2115 2078 2177 tempore

499 2201 649 2270 apud
685 2201 958 2256 caritatem
1012 2212 1237 2253 vestram
1273 2199 1505 2253 exordiri
1556 2212 1958 2259 consueverant,
2012 2199 2081 2253 ab

501 2290 711 2355 eodem,
745 2291 981 2359 inquam,
1016 2300 1068 2343 et
1097 2288 1257 2343 hodie
1295 2287 1436 2358 apud
1464 2303 1557 2342 vos
1602 2302 1901 2341 sermonem
1948 2287 2078 2340 inci-

499 2381 661 2450 piam,
707 2388 762 2435 et
813 2380 985 2435 dicam
1037 2379 1357 2433 vobiscum:
1408 2378 1724 2432 Benedictus
1779 2378 1938 2443 Deus,
1989 2378 2078 2446 qui

501 2472 636 2525 hanc
664 2486 760 2524 nos
793 2471 1064 2525 vobiscum
1095 2484 1299 2525 sacram
1327 2468 1715 2523 solemnitatem
1744 2484 1862 2522 cum
1886 2468 2079 2539 gaudio

498 2570 552 2617 et
579 2561 759 2615 lmtitia
787 2560 948 2615 multa
979 2560 1137 2615 hodie
1176 2559 1447 2615 celebrare
1485 2559 1732 2629 dignatus
1757 2568 1861 2626 cst,
1904 2568 1958 2614 et
1991 2560 2079 2628 qui

501 2660 657 2722 caput
708 2652 919 2721 corpori
957 2651 1201 2716 reddidit,
1238 2660 1289 2704 et
1328 2659 1595 2721 pastorem
1633 2650 1842 2713 ovibus,
1877 2665 2077 2718 prmce-

505 2753 712 2811 plorem
740 2742 1034 2812 discipulis,
1059 2742 1312 2796 militibus
1328 2741 1536 2805 ducem,
1556 2740 1918 2796 sacerdotibus
1951 2756 2082 2811 pou-

502 2834 716 2889 tit‘ieem.
748 2834 1065 2890 Benedictus
1100 2834 1238 2888 Deus
1263 2832 1350 2903 qui
1378 2849 1445 2888 ex
1480 2832 1925 2902 snperabundanti
1965 2833 2080 2902 plus

502 2927 641 2989 facit,
692 2941 849 2996 quam
895 2926 1122 2995 petimus
1144 2933 1235 2978 aut
1263 2925 1558 2994 cogitamus
1603 2922 1821 2994 (Ep/tes.
1870 2924 1923 2978 ‘5.
1959 2923 2076 2993 20).

503 3016 665 3071 Nobis
692 3017 831 3070 enim
871 3016 1117 3070 sufﬁcere
1141 3014 1419 3070 videbatur
1460 3012 1529 3066 ab
1571 3013 1887 3068 instantibus
1926 3013 2082 3068 malis

502 3108 711 3163 interim
760 3108 1007 3172 liberari,
1062 3116 1115 3162 et
1158 3122 1253 3176 pro
1297 3105 1399 3160 hoc
1448 3119 1659 3159 omnem
1708 3105 2081 3160 emittehamus

504 3194 943 3268 supplicationem
995 3201 1067 3264 ’ς
1126 3198 1571 3255 clementissimus
1614 3205 1787 3251 autem
1841 3197 1981 3252 Deus
2028 3205 2081 3252 et

499 3291 655 3346 donis
699 3292 982 3358 petitiones
1013 3300 1224 3345 nostras
1270 3305 1485 3359 semper
1512 3287 1678 3343 multo
1716 3301 1942 3343 excessu
1990 3302 2079 3341 su-

502 3398 717 3452 perans,
749 3383 909 3438 etiam
941 3392 1142 3452 patrem
1175 3382 1327 3437 nobis
1367 3381 1509 3434 onmi
1558 3394 1654 3449 spe
1680 3379 1908 3434 celerius
1954 3378 2078 3433 red-

501 3473 653 3525 didit.
685 3471 814 3539 Quis
841 3473 981 3526 enim
1023 3480 1383 3541 exspectasset
1426 3479 1532 3525 tam
1568 3469 1752 3539 paucis
1795 3468 1984 3524 diebus
2027 3477 2081 3525 et

502 3560 887 3630 profecturum,
916 3569 968 3614 et
1008 3558 1384 3629 Imperatorem
1422 3558 1812 3628 alloquuturum
1839 3567 1892 3613 et
1937 3558 2079 3612 solu-

504 3661 678 3704 turum
709 3650 950 3715 adversa,
991 3657 1045 3704 et
1061 3662 1267 3703 rursum
1298 3649 1362 3701 ad
1390 3663 1487 3700 nos
1512 3656 1617 3701 tam
1649 3647 1794 3703 brevi
1831 3662 2079 3703 reversu-

500 3755 617 3794 rum
648 3753 787 3804 esse,
816 3748 874 3792 ut
899 3753 1107 3793 sacrum
1134 3736 1334 3791 Pascha
1367 3746 1546 3807 posset
1574 3737 1869 3805 pnevenire
1905 3746 1959 3793 et
1981 3752 2077 3792 no-

500 3832 704 3888 biscum
730 3833 1000 3888 celebrare
1019 3832 1051 3886 ἲ·
1068 3831 1172 3886 Sed
1200 3846 1286 3895 en,
1316 3831 1732 3900 inexspectatum
1753 3829 1855 3885 hoc
1884 3830 2077 3885 factum

498 3932 598 3984 cst.
649 3935 696 3979 et
723 3934 928 3994 patrem
966 3924 1296 3992 recepimus,
1328 3931 1381 3977 et
1422 3921 1623 3992 majore
1666 3921 1893 3977 fruimur
1923 3922 2075 3976 vola-

501 4025 666 4083 ptate,
700 4017 868 4085 ipsum
896 4030 1036 4069 nunc
1067 4024 1257 4085 praeter
1282 4030 1431 4083 spem
1454 4014 1810 4083 suscipiendo.
1844 4015 1950 4069 Pro
1974 4016 2075 4082 his,

500 4108 734 4175 inquam,
768 4107 1012 4161 omnibus
1038 4106 1456 4160 clementissimo
1475 4104 1584 4159 Deo
1607 4107 1806 4175 gratias
1835 4122 2072 4178 agamus,

500 4205 553 4249 et
580 4196 744 4266 ipsius
798 4198 1085 4265 potentiam
1132 4196 1477 4258 admiremur,
1510 4204 1563 4250 et
1604 4197 1979 4266 benignitatem
2024 4207 2078 4252 et

499 4286 816 4354 sapientiam
844 4295 898 4340 et
922 4301 1124 4352 curam,
1180 4302 1338 4356 quam
1367 4300 1462 4356 pro
1488 4286 1701 4340 civitate
1739 4288 1923 4356 gessit.
1957 4286 2077 4340 Dia-

498 4375 656 4430 holus
701 4391 893 4445 nempe
952 4391 1166 4432 onmem
1223 4377 1389 4446 ipsam
1443 4392 1540 4447 per
1591 4376 1824 4433 facinora
1874 4388 2077 4447 patrata

499 4467 727 4521 obruere
752 4467 994 4530 tentavit,
1024 4467 1165 4522 Deus
1197 4483 1325 4523 vero
1341 4468 1611 4521 civitatem
1647 4475 1702 4522 et
1748 4467 2077 4523 sacerdotem

494 4566 548 4611 et
575 4557 950 4626 Imperatorem
975 4558 1071 4626 per
1096 4557 1232 4613 hanc
1256 4558 1465 4613 ornavit
1488 4558 1861 4624 calamitatem,
1888 4568 1941 4614 et
1963 4573 2080 4613 om-

496 4664 595 4704 nes
640 4649 870 4705 reddidit
915 4649 1188 4705 clariores.
1247 4651 1447 4707 Civitas
1493 4667 1686 4721 nempe
1734 4651 2073 4721 splendorem

496 4749 777 4808 assequuta
815 4749 915 4806 c5t,
943 4741 1065 4811 quia
1105 4741 1341 4810 periculo
1370 4742 1458 4796 tali
1510 4743 1890 4809 circumventa,
1942 4759 2076 4814 pra:-

500 4830 762 4885 lermissis
790 4832 1036 4887 omnibus
1077 4832 1209 4886 viris
1243 4832 1562 4902 potentibus,
1592 4835 1840 4889 omnibus
1880 4834 2075 4891 divitiis

406 4936 411 4939 -
499 4918 912 4987 abundantibus,
961 4922 1209 4979 omnibus
1240 4938 1484 4993 magnam
1520 4925 1660 4993 apud
1696 4926 2073 4996 Imperatorem

501 5010 790 5080 potentiam
819 5011 1154 5076 habentibus,
1185 5013 1250 5068 ad
1274 5014 1568 5069 Ecelesiam
1594 5023 1650 5069 et
1684 5016 1775 5071 Dei
1819 5018 2071 5072 sacerdoo

501 5110 608 5154 tem
638 5099 895 5171 confugit,
926 5112 1119 5158 etcum
1152 5104 1316 5159 multa
1342 5102 1446 5159 fide
1474 5106 1672 5161 cmlesti
1701 5121 1760 5162 se
1783 5109 1896 5178 spei
1925 5124 2074 5163 com-

502 5193 668 5248 misit.
697 5192 872 5248 Multis
910 5209 1138 5265 namque
1166 5202 1289 5265 post
1315 5197 1613 5252 communis
1641 5199 1806 5266 patris
1838 5200 2072 5270 peregri-

497 5285 768 5342 nationem
796 5286 850 5340 in
871 5300 1085 5342 carcere
1105 5286 1405 5344 habitantes
1426 5290 1747 5345 terrentibus
1771 5298 1825 5344 et
1854 5290 2079 5346 dicenti-

517 5535 526 5544 _
555 5479 570 5508 ¹
606 5478 747 5528 savii.
776 5486 827 5528 et
845 5479 1036 5544 quidam
1060 5479 1137 5528 alii
1162 5480 1242 5544 sic
1255 5480 1445 5532 titulum
1466 5481 1652 5544 habent
1675 5496 1688 5531 :
1723 5492 1776 5544 tu
1800 5484 2078 5535 reconcilia-

491 5541 666 5587 tionem
685 5541 998 5606 [κινεῖ-αιοώ
1022 5555 1131 5606 cum
1153 5541 1360 5606 ciuitate,
1399 5542 1520 5606 etin
1535 5543 1878 5606 pra’varicatos
1899 5553 2077 5598 statua-

492 5608 598 5668 rum
609 5600 936 5668 .subrersione,
950 5610 1008 5668 _et
1032 5602 1080 5652 in
1101 5602 1310 5668 reditum
1332 5600 1570 5668 Episcopi.

590 5661 744 5733 favni.
773 5671 824 5711 et
847 5664 1043 5733 quidam
1068 5664 1153 5733 alii
1182 5678 1194 5713 :
1235 5657 1468 5718 [natantia
1492 5657 1715 5733 «amem
1737 5669 1970 5733 pericula,
1989 5683 2077 5733 pro

495 5715 669 5773 quibus
688 5715 879 5771 onmem'
902 5725 1244 5785 emittebamm.
1271 5736 1365 5779 etc.

2186 1989 2305 2055 bus,
2332 1989 2450 2045 Non
2468 1991 3000 2062 lenitur-imperator,
3020 1991 3317 2064 sed-magis
3344 1995 3616 2060 irritatur,
3648 2007 3701 2052 et
3724 1998 3785 2053 de

2189 2083 2348 2137 totius
2376 2085 2602 2140 civitatis
2643 2087 2991 2141 subversione
3015 2086 3230 2155 cogitat,
3254 2094 3332 2141 .et
3357 2088 3461 2141 alia
3493 2089 3671 2143 multa
3703 2090 3780 2145 his

2188 2176 2337 2244 plura
2360 2174 2967 2247 divulgantibus,.vincti
2996 2176 3163 2230 nihilo
3212 2186 3337 2232 tunc
3377 2194 3443 2233 ex
3486 2179 3595 2235 hac
3644 2179 3782 2235 fama

2189 2267 2480 2323 timidiores
2508 2269 2697 2323 redditi
2729 2278 2897 2335 sunt;
2935 2269 3031 2324 sed
3075 2269 3228 2324 nobis
3280 2270 3617 2336 dicentibus,
3662 2273 3783 2328 llzec

2186 2358 2314 2412 falsa
2354 2369 2408 2414 et
2435 2359 2632 2415 diaboli
2677 2359 2877 2415 fraudis
2922 2374 3084 2429 opera
3112 2361 3521 2425 saturauimus
3569 2373 3785 2419 vestros

2175 2458 2533 2507 .cousteruare
2562 2450 2812 2517 volentis,
2837 2449 2979 2504 Nihil
3005 2465 3242 2520 egemus,
3292 2450 3526 2514 aiebant,
3577 2453 3777 2508 verbo-

2187 2554 2303 2593 rum
2331 2539 2697 2595 consolatione
2724 2557 2739 2596 :
2764 2540 2963 2595 scimus
3000 2541 3141 2594 enim
3194 2538 3259 2593 ad
3296 2555 3455 2609 quem
3514 2542 3591 2596 ab
3634 2543 3785 2598 initio

2185 2630 2541 2702 confugimus,
2568 2640 2622 2686 et
2649 2631 2792 2702 quali
2814 2633 2927 2702 spei
2955 2631 3276 2686 adbxesimus
3303 2648 3320 2685 :
3348 2646 3521 2687 sacra:
3546 2636 3784 2691 salutem

2187 2731 2421 2777 nostram
2449 2738 2660 2778 ancorae
2710 2722 3014 2791 afliximus,
3044 2739 3145 2779 nec
3188 2722 3389 2779 homini
3442 2726 3785 2783 credidimus

2187 2813 2347 2881 hanc,
2380 2813 2473 2869 sed
2499 2813 2844 2883 omnipotenti
2869 2814 2998 2869 Deo.
3031 2814 3312 2884 Propterea
3330 2813 3532 2871 bonum
3560 2834 3785 2888 quoque

2184 2904 2344 2961 linem
2385 2907 2617 2962 futurum
2648 2907 2865 2962 omnino
2902 2907 3219 2962 conﬁdimus
3260 2926 3274 2963 :
3320 2924 3425 2963 non
3471 2921 3559 2965 est
3613 2913 3785 2976 enim,

2185 3011 2290 3051 non
2316 3006 2396 3052 est
2421 2997 2556 3053 hanc
2581 3013 2729 3069 spem
2765 3014 3010 3069 umquam
3051 2998 3303 3055 confundi
3334 3015 3499 3071 posse
3542 3004 3786 3060 credeu.

2182 3088 2331 3143 dum.
2362 3089 2473 3146 Hoc
2494 3097 2623 3161 quot
2646 3105 2893 3157 coronas,
2924 3099 3053 3161 quot
3096 3090 3280 3146 laudes
3323 3093 3532 3148 civitati
3572 3107 3784 3152 nostrae

2183 3182 2545 3251 comparabit?
2568 3194 2819 3253 quantam
2849 3184 2938 3238 Dei
2966 3184 3259 3239 lucrabitur
3293 3183 3737 3243 benevolentiam
3762 3230 3779 3252 ,

2183 3271 2341 3325 etiam
2371 3272 2424 3326 in
2447 3272 2667 3342 reliquis
2696 3273 2959 3342 negotiis?
2987 3273 3099 3328 Non
3129 3282 3212 3329 est
3233 3277 3394 3340 enim,
3433 3292 3543 3332 non
3567 3288 3662 3333 est
3684 3295 3779 3335 cu-

2177 3358 2398 3427 juslibet
2418 3361 2612 3416 animae
2643 3361 2694 3417 in
2722 3362 3068 3417 tentationum
3092 3363 3306 3419 incursu
3332 3366 3573 3435 vigilare,
3624 3379 3683 3425 et
3711 3371 3779 3423 ad

2185 3450 2350 3504 Deum
2403 3452 2696 3519 respicere,
2748 3461 2804 3508 et
2846 3454 3022 3508 omnia
3069 3452 3363 3509 deridendo
3396 3456 3657 3527 humana,
3710 3461 3778 3514 ad

2181 3539 2307 3594 illud
2333 3540 2584 3595 auxilium
2614 3543 2915 3598 anhelasse.

2256 3629 2306 3683 F
2307 3631 2495 3685 (aviaui
2511 3630 2581 3686 ad
2607 3630 2974 3702 Imperatorem
3000 3638 3273 3704 profectus.
3291 3665 3362 3675 —
3384 3635 3548 3706 Igitur
3576 3639 3778 3694 civitas

2185 3721 2398 3791 quidem
2425 3723 2497 3777 ita
2517 3723 2851 3792 splendorem
2892 3735 3171 3794 assequuta
3207 3736 3315 3791 est;
3350 3728 3607 3783 sacerdos
3646 3746 3778 3785 rur-

2182 3825 2298 3866 sum
2326 3826 2431 3867 non
2462 3813 2636 3867 minus
2681 3828 2838 3883 quam
2886 3814 3110 3868 civitas:
3141 3815 3373 3869 animam
3401 3817 3547 3871 enim
3610 3833 3777 3872 suam

2182 3917 2278 3971 pro
2332 3903 2579 3957 omnibus
2626 3905 2890 3973 exposuit,
2936 3912 2992 3959 et
3062 3906 3241 3959 multis
3311 3905 3775 3976 impedientibus,

2183 3993 2394 4062 hyeme,
2428 4003 2604 4060 a‘tate,
2636 3993 2950 4061 festivitate,
2982 4010 3083 4050 nec
3129 3995 3306 4050 minus
3334 4010 3524 4050 sorore
3565 3996 3635 4051 ad
3672 4013 3779 4052 cx-

2183 4095 2380 4140 tremos
2410 4085 2633 4140 deducta
2678 4087 2915 4157 spiritus,
2956 4088 3206 4142 omnibus
3251 4088 3499 4158 superior
3545 4091 3779 4147 emicuit

2181 4170 2595 4245 impedimentis,
2620 4193 2718 4232 nec
2746 4178 2881 4232 intra
2904 4178 3138 4248 seipsum
3161 4178 3297 4234 dixit
3321 4198 3332 4232 :
3358 4180 3498 4247 Quid
3526 4181 3633 4236 hoc
3657 4183 3779 4238 est?

2181 4266 2291 4318 sola
2325 4265 2479 4321 nobis
2509 4267 2763 4322 derelicta
2811 4283 2982 4332 soror,
3012 4277 3068 4324 et
3110 4285 3318 4324 mecum
3349 4269 3550 4326 Christi
3576 4272 3777 4342 jugum

2181 4354 2416 4421 trahens,
2448 4365 2501 4410 et
2527 4364 2766 4425 tempore
2788 4365 2934 4411 tanto
2978 4373 3185 4413 mecum
3228 4370 3585 4421 commorata.
3618 4377 3776 4420 nunc

2181 4445 2234 4499 in
2258 4446 2513 4501 extremis
2535 4456 2617 4502 est
2636 4465 2650 4512 ;
2679 4462 2776 4502 nos
2798 4462 2926 4502 vero
2951 4448 3118 4518 ipsam
3142 4449 3453 4505 deserentes
3471 4450 3774 4517 abibimus,

2181 4552 2280 4593 nec
2308 4537 2669 4606 exSpirantem
2701 4536 3019 4604 videbimus,
3046 4548 3100 4593 et
3143 4539 3357 4594 ultimas
3396 4555 3562 4595 voces
3601 4544 3779 4602 emit-

2182 4630 2425 4684 tentem?
2453 4629 2518 4684 Et
2544 4631 2657 4700 ipsa
2683 4629 2895 4701 quidem
2919 4630 3392 4701 quotidieorabat,
3424 4641 3486 4687 ut
3514 4633 3620 4689 sibi
3651 4649 3783 4690 ocu-

2179 4719 2261 4774 los
2289 4719 2658 4777 clauderemus
2677 4763 2701 4786 ,.
2724 4729 2783 4775 et
2818 4734 2877 4774 os
2906 4720 3354 4791 coniungeremus
3372 4731 3442 4777 et
3469 4737 3781 4793 compone-

2179 4823 2397 4876 remus,
2428 4824 2491 4863 ac
2537 4811 2743 4880 reliqua
2778 4811 2845 4865 ad
2891 4811 3217 4881 sepulturam
3246 4822 3505 4868 consueta
3547 4828 3782 4871 curare-

2178 4914 2299 4953 mus
2325 4914 2339 4964 ;
2372 4914 2513 4954 nunc
2540 4916 2671 4955 vero
2717 4910 2985 4971 tamquam
3015 4902 3245 4969 deserta,
3270 4913 3323 4957 et
3346 4911 3523 4959 tutore
3549 4919 3777 4975 earens,

2180 4989 2312 5044 nihil
2361 4989 2551 5045 horum
2608 5002 2921 5062 assequctur
2957 5007 2987 5045 a
3029 5007 3287 5063 germano
3308 5034 3322 5055 ,
3355 5008 3385 5047 a
3414 5009 3523 5064 quo
3551 4999 3783 5067 assequi

2179 5082 2409 5137 maxime
2430 5083 2742 5152 peroptabat
2763 5125 2778 5149 ,
2809 5082 2900 5138 sed
2929 5083 3160 5137 animam
3190 5084 3464 5150 emittens,
3494 5099 3602 5139 non
3631 5087 3785 5144 vide.-

2182 5174 2259 5228 bit
2285 5173 2522 5229 omnium
2552 5174 2654 5228 sibi
2680 5173 3235 5229 desideratissimam?
3261 5184 3313 5230 et
3351 5174 3455 5230 hoc
3495 5178 3783 5245 quomodo

2179 5281 2284 5320 non
2313 5265 2419 5320 erit
2446 5265 2643 5334 smpius
2685 5266 2904 5334 repetita
2949 5274 3121 5321 morte
3155 5266 3410 5336 gravius?
3438 5265 3700 5334 Quinimo
3728 5277 3784 5325 sl

2180 5357 2339 5427 longe
2362 5355 2644 5423 abfuisset,
2674 5372 2853 5412 nonne
2901 5358 3181 5428 oportebat
3220 5374 3472 5423 currere,
3500 5372 3559 5416 et
3586 5363 3799 5417 omnia-

2180 5446 2358 5502 faccre
2409 5455 2463 5502 ct
2508 5449 2653 5516 pati,
2710 5458 2768 5503 ut
2824 5448 2960 5504 hanc
3001 5449 3101 5519 ipsi
3143 5450 3371 5519 gratiam
3419 5451 3731 5520 praeberem
3753 5451 3795 5506 τί

2179 5552 2320 5591 nunc
2348 5552 2475 5592 vero
2502 5552 2667 5607 prope
2696 5553 2814 5592 cum
2842 5539 2966 5597 sim.
2997 5537 3314 5594 deseramnc
3333 5579 3349 5603 .
3383 5548 3442 5595 et
3485 5539 3782 5599 dimittens

2178 5627 2376 5682 abibo?
2397 5636 2451 5682 et
2475 5630 2746 5697 quomodo
2771 5638 3056 5699 sequentes
3077 5627 3312 5701 perferet
3335 5627 3492 5685 dies?
3516 5629 3619 5686 Ille
3642 5646 3782 5688 vero

2180 5735 2286 5774 non
2314 5727 2516 5775 tantum
2550 5719 2681 5777 nihil
2720 5720 2916 5777 horum.
2936 5720 3101 5782 dixit,
3132 5719 3779 5793 scdnequecogitavit;
