3894 6226
129 343 239 401 ’3“

136 467 308 520 αὑτὸν
332 466 390 518 ἐν
419 467 531 528 τοῖς
561 463 780 529 κόλποις
803 449 900 519 τοῦ
935 463 1206 536 Ἀϐραὰμ,
1236 466 1426 519 ἑαυτὸν
1455 466 1669 537 ἐθρήνει
1707 465 1815 519 λοι-

147 558 280 613 πόν.
909 579 925 592 ·
1243 555 1246 557 λ

212 639 279 695 θ’.
315 640 498 693 Ταῦτα
529 637 620 694 οὖν
660 640 878 693 ἅπαντα
909 639 1104 693 ἐννοῶν
1131 639 1358 693 συνώθει
1382 641 1586 703 πάντας
1609 640 1816 709 ταχέως

131 728 222 790 εἰς
255 727 356 796 τὴν
380 727 484 798 τῆς
512 727 730 796 ἐντολῆς
761 727 1127 798 ἐκπλήρωσιν.
1164 729 1274 781 Καὶ
1305 728 1376 798 μή
1413 745 1502 797 μοι
1542 727 1688 796 λέγε,
1733 727 1815 780 ὅτι

135 815 302 868 Κατά
341 815 553 886 μικρὸν,
603 814 738 886 μηδὲ
785 815 869 878 είς
897 815 998 884 τὴν
1031 813 1221 887 αὔριον
1268 814 1600 868 ἀναϐάλλουο
1647 815 1814 886 ἡγὰρ

135 901 330 972 αὔριον
367 902 623 956 οὐδέποτε
657 902 921 972 λαμϐάνει
953 901 1128 965 τέλος.
1176 903 1596 973 Τεσσαράκοντα
1627 902 1815 955 λοιπὸν

133 989 347 1059 ἡμέραι
386 989 693 1060 παρῆλθον·
751 989 818 1043 ἂν
867 989 1046 1042 τοίνυν
1099 989 1161 1042 τὸ
1207 990 1401 1060 Πάσχα
1452 990 1700 1062 παρέλθῃ
1757 991 1819 1042 τὸ

137 1078 324 1147 ἱερὸν,
392 1078 568 1132 οὐδενὶ
622 1075 1012 1146 συγγνώσομαι
1063 1077 1270 1140 λοιπὸν,
1319 1077 1441 1130 οὑδέ
1492 1078 1815 1148 παραίνεσιν

133 1165 417 1236 προσάξω,
442 1165 558 1218 ἀλλ’
585 1165 857 1236 ἐπιταγὴν
891 1165 987 1218 καὶ
1007 1165 1320 1234 ἀποτομίαν
1339 1167 1816 1236 ἀκαταφρόνητον

129 1254 260 1306 οὐδὲ
295 1253 404 1323 γὰρ
441 1255 638 1324 ἰσχυρά
668 1254 806 1325 αὓτη
831 1256 862 1325 ή
886 1254 1154 1322 ἀπολογία
1185 1257 1216 1326 ἡ
1251 1255 1339 1307 διὰ
1369 1254 1471 1324 τῆς
1500 1255 1814 1326 συνηθείας.

130 1341 236 1393 Διά
265 1341 372 1394 τί’ό
409 1341 659 1395 κλέπτων
691 1344 750 1394 οὐ
788 1343 1155 1414 προϐάλλεται
1180 1342 1490 1414 συνήθειαν,
1521 1344 1616 1396 καὶ
1643 1344 1818 1396 ἀπαλ-

130 1427 392 1481 λάττεται
436 1429 746 1494 κολάσεως;
791 1431 880 1483 διὰ
929 1431 984 1482 τί
1028 1433 1056 1483 6
1091 1429 1332 1498 φονεύων
1378 1430 1472 1483 καὶ
1509 1429 1814 1500 μοιχεύων;

129 1517 284 1569 licia:
323 1516 506 1569 τοίνυν
542 1518 791 1591 προλέγω
829 1519 926 1571 καὶ
957 1517 1427 1589 διαμαρτύρομαι,
1464 1518 1544 1571 ὅτι
1580 1518 1645 1571 ἂν
1689 1535 1820 1586 συγ-

1140 349 1227 406 Μ)
1267 347 1601 406 POPULUM‘
1638 347 2144 405 ANTIOCHENUM
2211 348 2446 405 IIOMIL.
2490 349 2632 403 XXI.

3496 359 3600 418 912

1922 464 2218 534 γενόμενος
2235 466 2365 535 ὑμῖν
2391 465 2509 517 κατ’
2531 465 2667 518 ἰδίαν
2695 465 2785 518 καὶ
2810 463 2990 516 λαϐὼν
3007 465 3316 538 ἀπόπειραν
3342 471 3602 542 (λήψομαι

1954 554 1978 604 ἐ
2008 552 2268 623 πάντως),
2306 553 2453 625 εὕρω
2470 553 2624 616 τινὰς
2651 552 2726 623 μὴ
2761 551 3164 622 διορθώσαντας
3196 555 3258 608 τὸ
3288 557 3336 608 ἐ)
3350 558 3601 634 άττωμα,

1923 638 2212 709 ἀπαιτήσω
2252 639 2432 710 δίκην,
2469 639 2735 702 κελεύσας
2767 639 2873 706 ἐξω
2909 641 3093 710 μένειν
3126 643 3235 696 τῶν
3284 647 3603 716 μυστηρίων

1922 726 2030 778 τῶν
2056 729 2238 798 ἱερῶν,
2257 729 2354 797 οὑχ
2389 729 2476 781 ἵνα
2513 729 2748 798 μένωσιν
2773 727 2897 792 ἔξω,
2928 729 3063 782 ἀλλά
3094 731 3179 783 ἵνα
3206 732 3601 804 διορθώσαντες

1923 816 2150 878 ἑαυτοὺς
2183 815 2356 878 οὓτως
2391 817 2697 879 εἰσέλθωσι,
2734 818 2828 870 καὶ
2865 819 3003 888 μετὰ
3037 820 3278 891 καθαροῦ
3303 825 3603 890 συνειδότος

1924 901 2277 954 ἀπολαύσωσι
2300 906 2400 972 τῆς
2433 905 2585 975 ἱερᾶς
2617 905 2931 976 τραπέζης·
2967 907 3129 960 τοῦτο
3149 909 3258 980 γάρ
3281 911 3397 964 ἐστι
3430 930 3602 982 μετα-

1928 993 2077 1058 σχεῖν
2128 992 2439 1053 κοινωνίας.
2475 993 2694 1044 Γένοιτο
2744 993 2799 1045 δὲ
2826 994 3015 1063 εὐχαῖς
3052 996 3163 1048 τῶν
3192 999 3472 1070 προέδρων
3509 1003 3604 1055 καὶ

1927 1077 2034 1128 τῶν
2068 1077 2236 1144 ἁγίων
2288 1079 2504 1131 πάντων
2533 1079 2823 1133 καὶταῦτα
2857 1082 2951 1133 καὶ
2976 1081 3045 1135 τὰ
3088 1083 3223 1136 ἄλλα
3250 1087 3428 1140 πάντα
3459 1087 3604 1159 διορ-

1926 1163 2203 1228 θώσαντας
2219 1166 2595 1236 ἐλαττώματα,
2609 1171 2791 1236 τυχεῖν
2808 1169 2907 1237 τῆς
2923 1169 3202 1238 βασιλείας
3216 1171 3323 1224 τῶν
3337 1174 3601 1244 οὐρανῶν,

1925 1253 2108 1322 χάριτι
2162 1255 2255 1306 καὶ
2304 1255 2687 1326 φιλανθρωπίᾳ
2713 1256 2812 1309 τοῦ
2839 1257 3050 1327 Κυρίου
3074 1259 3229 1329 ἡμῶν
3263 1261 3435 1331 Ἰησοῦ
3464 1265 3508 1316 Χ
3517 1283 3602 1335 ρι-

1926 1339 2075 1399 στοῦ,
2116 1341 2233 1411 μεθ’
2261 1338 2320 1395 οὗ
2344 1342 2420 1412 τῷ
2459 1343 2638 1414 Πατρὶ
2673 1344 2772 1397 σὺν
2804 1344 2881 1414 τῷ
2938 1345 3076 1414 ἀγίῳ
3123 1347 3403 1417 Πνεύματι
3451 1351 3600 1417 δόξα,

1925 1428 2059 1500 τιμὴ
2091 1431 2185 1482 καὶ
2214 1431 2608 1501 προσκύνησις,
2638 1433 2730 1487 νῦν
2753 1434 2846 1487 καὶ
2872 1435 2981 1500 ἀεὶ,
3012 1436 3108 1488 καὶ
3142 1438 3222 1498 είς
3256 1437 3382 1502 τοὺς
3401 1439 3603 1504 αἰῶνας

1926 1517 2034 1570 τῶν
2070 1518 2303 1572 αἰώνων.
2347 1521 2538 1591 Ἀμήν.

3293 1680 3513 1692 -.--..-

129 1747 244 1814 Εἰς
270 1761 300 1789 ιι
335 1749 450 1818 τὴν
477 1748 779 1803 ἐπάνοδον
809 1749 913 1801 τοῦ
939 1749 1281 1802 ἐπισκόπου
1313 1748 1675 1814 Φλαϐιανοῦ,
1720 1747 1819 1800 καὶ
1896 1751 1983 1814 εἰς
2015 1751 2130 1816 τὴν
2160 1751 2265 1804 τοῦ
2324 1752 2634 1818 ,βασιλέως
2653 1752 2997 1824 διαλλαγὴν
3023 1755 3175 1823 πρὸς
3229 1755 3347 1824 τὴν
3387 1761 3568 1813 πόλιν
3587 1776 3602 1793 ο

705 1841 802 1894 καὶ
840 1840 991 1909 πρὸς
1021 1841 1161 1906 τοὺς
1189 1842 1749 1911 πλημμελήσαντας
1787 1843 1875 1906 εὶς
1913 1839 2028 1908 τὴν
2056 1842 2176 1894 τῶν
2206 1843 2578 1911 ἀνδριάντων
2603 1845 3048 1915 καταστροφήν.

791 2026 1025 2096 Ὀμιλία
1055 2023 1164 2081 xa'.

210 2123 282 2170 αν.
324 2115 456 2169 Ἀπὸ
487 2115 588 2186 τῆς
615 2115 845 2186 ῥήσεως,
871 2115 962 2181 ἀφ’
993 2109 1059 2186 ἧς
1085 2115 1171 2166 ἀεὶ
1191 2113 1343 2184 παρά
1374 2114 1462 2166 τὸν
1493 2115 1681 2186 καιρὸν
1715 2114 1822 2167 τῶν

133 2204 406 2259 κινδύνων
432 2203 568 2274 πρὸς
589 2205 687 2273 τὴν
719 2202 990 2272 ὑμετέραν
1036 2200 1247 2254 εἰώθειν
1275 2202 1495 2272 ἀγάπην
1530 2203 1822 2272 προοιμιά-

133 2292 355 2357 ζεσθαι,
387 2291 494 2344 ἀπὸ
520 2291 621 2360 τῆς
647 2290 819 2359 αὐτῆς
851 2289 1055 2360 ταύτης
1081 2289 1176 2342 καὶ
1205 2291 1442 2360 σήμερον
1470 2288 1707 2361 ἄρξομαι
1727 2291 1822 2344 τοῦ

134 2381 281 2452 πρὸς
324 2380 467 2450 ὑμᾶς
517 2379 701 2447 λόγου,
743 2378 838 2431 καὶ
885 2377 995 2450 ἐρῶ
1044 2376 1165 2448 μεθ’
1212 2377 1398 2447 ὑμῶν’
1448 2378 1755 2449 Εὐλογητὸς
1796 2380 1824 2432 ὁ

131 2468 294 2534 Θεὸς,
323 2469 351 2520 6
379 2467 475 2538 τὴν
510 2468 660 2538 ἱερὰν
690 2469 892 2537 ταύτην
923 2467 1117 2537 ἑορτὴν
1143 2464 1282 2536 μετά
1306 2467 1481 2536 χαρᾶς
1512 2467 1605 2519 καὶ
1627 2467 1825 2536 εὐφρο-

131 2557 311 2628 σύνης
344 2557 548 2626 πολλῆς
578 2554 925 2619 καταξιώσας
959 2556 1107 2626 ἡμᾶς
1139 2553 1286 2626 [214]
1321 2553 1628 2608 ἐπιτελέσαι
1653 2556 1716 2625 σή
1727 2571 1825 2624 με*

137 2653 260 2717 ρον,
302 2644 396 2698 καὶ
429 2643 527 2714 τὴν
573 2642 816 2714 κεφαλὴν
864 2642 1097 2706 ἀποδοὺς
1147 2642 1227 2713 τῷ
1281 2641 1530 2714 σώματι,
1586 2642 1681 2695 καὶ
1732 2641 1825 2695 τὸν

137 2733 386 2802 ποιμένα
417 2735 532 2795 τοῖς
556 2731 874 2803 προϐάτοις,
912 2731 1007 2785 καὶ
1033 2731 1124 2784 τὸν
1148 2730 1470 2784 διδάσκαλον
1488 2733 1601 2792 τοῖς
1643 2730 1824 2801 μαθη-

133 2822 284 2883 ταῖς,
305 2819 393 2872 τὸν
422 2819 728 2891 στρατηγὸν
753 2822 865 2882 τοῖς
893 2816 1276 2890 στρατιώταις,
1299 2819 1391 2871 τὸν
1422 2817 1684 2889 ἀρχιερέα
1712 2821 1826 2881 τοῖς

137 2906 384 2980 ἱερεῦσιν
408 2924 422 2938 ο
459 2907 751 2977 εὐλογητὸς
775 2906 802 2957 6
841 2905 972 2968 Θεὸς
1001 2907 1028 2958 6
1052 2908 1221 2959 ποιῶν
1247 2905 1724 2977 ὑπερεκπερισσοῦ
1748 2901 1826 2958 ὧν

134 2994 493 3065 αἰτούμεθαῆ
517 2995 768 3065 νοοῦμεν.
799 2995 964 3065 Ἥμῖν
991 2993 1090 3064 μὲν
1122 2993 1231 3063 γὰρ
1257 2993 1461 3064 ἀρκοῦν
1485 2988 1625 3047 εἶναι
1649 2992 1825 3047 ἐδόκει

133 3083 205 3137 τὸ
227 3082 336 3136 τῶν
366 3083 731 3153 ἐπικειμένων
762 3081 902 3145 τέως
935 3081 1316 3151 ἀπαλλαγῆναι
1336 3080 1544 3143 κακῶν,
1563 3079 1658 3132 καὶ
1687 3080 1826 3151 ὑπὲρ

134 3169 338 3226 τούτου
377 3173 560 3224 πᾶσαν
593 3168 928 3241 ἐποιούμεθα
954 3167 1052 3240 τὴν
1081 3168 1107 3207 b
1141 3167 1420 3239 ἱκετηρίαν
1443 3183 1456 3197 ·
1487 3169 1515 3219 6
1552 3167 1609 3220 δέ
1640 3167 1827 3236 φιλάν-

139 3259 367 3329 θρωπος
393 3258 548 3322 Θεὸς,
568 3261 661 3311 καὶ
686 3259 752 3328 τῇ
785 3258 930 3310 δόσει
966 3256 1065 3319 τὰς
1089 3257 1332 3326 αίτήσεις
1359 3258 1390 3326 ἡ
1400 3255 1514 3325 μῶν
1547 3256 1632 3308 ἀεὶ
1659 3255 1826 3309 νικῶν

141 3345 290 3417 μετά
315 3344 515 3416 πολλῆς
533 3346 629 3415 τῆς
654 3343 984 3414 ὑπερϐολῆς,
1006 3341 1100 3394 καὶ
1120 3343 1211 3395 τὸν
1237 3341 1448 3411 πατέρα
1477 3343 1606 3411 ἡμῖν
1637 3341 1828 3395 θᾶττον

137 3432 363 3495 ἐλπίδος
387 3433 604 3502 ἁπάσης
632 3432 903 3485 ἀπέδωκε.
926 3431 1021 3493 Τίς
1063 3432 1171 3500 γὰρ
1195 3429 1260 3482 ἂν
1290 3429 1714 3500 προσεδόκησεν,
1747 3429 1828 3482 ὅτι

136 3524 204 3573 ἐν
254 3519 428 3582 οὕτως
474 3520 681 3589 ὀλίγαις
729 3519 969 3590 ἡμέραις
1005 3519 1097 3571 καὶ
1145 3517 1530 3580 ἀπελεύσεται,
1567 3517 1661 3570 καὶ
1711 3517 1830 3569 δια-

137 3606 363 3672 λέξεται
412 3606 488 3678 τῷ
544 3607 776 3676 βασιλεῖ,
828 3607 922 3660 καὶ
972 3605 1125 3658 λύσει
1165 3605 1232 3658 τά
1280 3605 1449 3665 δεινὰ,
1504 3605 1599 3657 καὶ
1667 3605 1828 3658 πάλιν

141 3697 412 3764 ἐπανήξει
448 3695 585 3766 πρὸς
619 3697 767 3766 ἡμᾶς
794 3692 936 3747 οὕτω
962 3694 1204 3764 ταχέως,
1231 3695 1308 3757 ὡς
1337 3693 1512 3745 καὶτὸ
1550 3694 1740 3764 Πάσχα
1771 3693 1831 3744 τὸ

141 3783 296 3854 ἱερὸν
323 3782 622 3854 δυνηθῆναι
644 3783 847 3851 φθάσαι
867 3782 962 3835 καὶ
993 3782 1111 3854 μεθ’
1132 3783 1288 3853 ἡμῶν
1312 3781 1619 3834 ἐπιτελέσαι
1641 3800 1654 3846 ;
1690 3781 1829 3833 Ἀλλ’

144 3871 285 3937 ἰδοὺ,
308 3870 501 3939 γέγονε
532 3870 592 3922 τὸ
618 3870 1024 3940 ἀπροσδόκητον
1053 3869 1230 3932 τοῦτο,
1265 3869 1466 3922 καὶτὸν
1498 3869 1709 3940 πατέρα
1726 3870 1831 3923 ἀπ-

141 3957 480 4028 ειλήφαμεν,
511 3957 606 4010 καὶ
626 3958 848 4027 μείζονα
873 3956 1235 4028 καρπούμεθα
1254 3957 1350 4026 τὴν
1367 3955 1581 4025 ἡδονὴν,
1605 3956 1681 4026 τῷ
1701 3958 1829 4030 παρ.

142 4045 343 4098 ἐλπίδα
368 4045 534 4097 αὑτὸν
569 4044 861 4098 ἀπολαϐεῖν
885 4044 1002 4098 νῦν.
1039 4044 1206 4114 Ὑπὲρ
1244 4045 1307 4114 δὴ
1340 4042 1548 4096 τούτων
1577 4043 1832 4098 ἁπάντων

144 4131 569 4204 εὑχαριστῶμεν
611 4132 689 4202 τῷ
733 4131 1100 4204 φιλανθρώπῳ
1136 4132 1287 4202 Θεῷ,
1329 4131 1423 4185 καὶ
1464 4131 1832 4202 θαυμάζωμεν

145 4221 323 4274 αὑτοῦ
375 4221 474 4290 τὴν
517 4219 748 4290 δύναμιν
804 4221 898 4272 καὶ
958 4220 1055 4290 τὴν
1106 4219 1539 4290 φιλανθρωπίαν,
1596 4223 1690 4272 καὶ
1734 4219 1831 4290 τὴν

147 4307 350 4377 σοφίαν
384 4307 475 4360 καὶ
506 4307 605 4379 τὴν
656 4305 982 4377 κηδεμονίαν
1011 4307 1110 4378 τὴν
1144 4307 1281 4379 ὑπὲρ
1307 4305 1407 4375 τῆς
1440 4307 1647 4369 πόλεως
1673 4323 1833 4375 γεγε-

145 4394 420 4464 νημένην.
469 4395 528 4448 '0
555 4395 652 4466 μὲν
692 4394 800 4465 γάρ
828 4392 1094 4457 διάϐολος,
1118 4391 1416 4447 καταδῦσαι
1446 4395 1626 4446 πᾶσαν
1664 4394 1832 4466 αὐτὴν

145 4482 487 4553 ἐπεχείρησε
527 4483 617 4536 διὰ
651 4482 760 4537 τῶν
801 4480 1206 4552 τολμηθέντων·
1243 4483 1271 4533 6
1325 4480 1381 4532 δέ
1424 4480 1555 4544 Θεὸς
1602 4484 1695 4534 καὶ
1736 4482 1832 4553 τὴν

149 4570 316 4624 πόλιν
343 4571 542 4623 καὶτὸν
563 4569 712 4642 ἱερέα
735 4570 828 4623 καὶ
856 4569 948 4622 τὸν
968 4567 1193 4639 βασιλέα
1208 4566 1296 4620 διὰ
1317 4567 1523 4637 ταύτης
1553 4569 1831 4639 ἐκόσμησε

145 4657 257 4727 τῆς
295 4659 601 4728 συμφορᾶς,
633 4659 727 4711 καὶ
749 4655 1167 4728 λαμπροτέρους
1206 4656 1415 4720 πάντας
1441 4656 1740 4728 ἀπέφηνεν.
1769 4658 1834 4710 Ἦ

146 4746 312 4808 πόλις
369 4745 466 4815 μὲν
518 4746 624 4816 γὰρ
679 4745 1083 4815 ηὐδοκίμησεν,
1142 4744 1225 4796 ὅτι
1286 4743 1532 4797 κινδύνου
1590 4746 1832 4798 τοιούτου

146 4833 576 4896 καταλαϐόντος,
642 4832 1078 4906 παραδραμοῦσα
1127 4832 1336 4895 πάντας
1385 4833 1514 4896 τοὺς
1557 4835 1614 4887 ἐν
1672 4833 1835 4886 δυνα-

150 4921 385 4984 στείαις,
445 4921 570 4982 τοὺς
629 4919 856 4973 πλοῦτον
917 4919 1084 4972 πολὺν
1131 4918 1653 4990 περιϐεϐλημένους,
1707 4923 1835 4983 τοὺς

153 5005 408 5078 μεγάλην
439 5006 592 5077 παρά
621 5004 833 5075 βασιλεῖ
879 5003 1105 5074 δύναμιν
1159 5005 1400 5074 ἔχοντας,
1449 5006 1544 5059 ἐπὶ
1576 5005 1671 5077 τὴν
1712 5007 1836 5059 Ἐκ-

150 5091 389 5163 κλησίαν
423 5093 517 5146 καὶ
565 5093 656 5146 τὸν
692 5093 842 5164 ἱερέα
874 5092 968 5144 τοῦ
1016 5093 1152 5145 Θεοῦ
1201 5092 1496 5160 κατέφυγε,
1541 5095 1637 5146 καὶ
1695 5092 1836 5164 μετά

153 5180 367 5249 πολλῆς
397 5181 495 5250 τῆς
534 5179 770 5243 πίστεως
813 5179 916 5250 τῆς
965 5179 1174 5234 ἀνωθεν
1223 5178 1421 5250 ἑαυτὴν
1463 5179 1836 5252 ἐξεκρέμασεν

156 5266 398 5329 ἐλπίδος.
428 5265 646 5318 Πολλῶν
681 5265 812 5336 γοῦν
850 5265 991 5336 μετά
1044 5265 1142 5337 τὴν
1187 5265 1499 5336 ἀποδημίαν
1526 5266 1618 5318 τοῦ
1654 5267 1834 5320 κοινοῦ

156 5353 402 5425 πατέρος
432 5355 558 5417 τοὺς
584 5354 645 5407 τὸ
682 5354 1060 5425 δεσμωτήριον
1092 5353 1378 5416 οἰκοῦντας
1419 5352 1794 5425 θορυϐούντων
1820 5399 1834 5423 ,

157 5441 260 5498 καὶ
292 5441 583 5511 λεγόντων,
605 5441 680 5505 ὡς
700 5441 772 5494 Οὑ
805 5441 1102 5513 καθυφίησι
1125 5451 1147 5480 ο
1180 5443 1280 5512 τῆς
1301 5441 1472 5513 ὀργῆς
1502 5443 1529 5494 6
1563 5439 1837 5511 βασιλεὺς,

224 5593 253 5622 ⁸
277 5591 428 5654 δεινῇ.
455 5597 507 5641 et
529 5592 726 5654 quidam
751 5591 836 5640 alii
861 5591 932 5639 sic
967 5593 1164 5640 titulum
1185 5590 1372 5641 habent
1394 5612 1405 5639 :
1429 5592 1511 5647 Εἰς
1537 5592 1621 5649 τήν
1644 5591 1824 5640 διαλλα-

154 5661 247 5718 γήν
266 5651 353 5718 τοῦ
377 5651 610 5718 βασιλέως
628 5654 744 5718 πρὸς
765 5655 850 5711 τήν
879 5654 1034 5710 πόλιν,
1059 5655 1138 5718 καὶ
1169 5657 1233 5718 εἰς
1268 5654 1378 5709 τοὺς
1408 5654 1840 5718 πλημμελήσαντας

157 5715 227 5776 εἰς
252 5717 337 5778 τήν
358 5717 454 5763 τῶν
478 5715 762 5778 ἀνδριάντων
783 5716 1134 5778 καταστροφὴν,
1154 5717 1235 5763 καὶ
1278 5718 1342 5770 εἰς
1382 5717 1467 5772 τήν
1492 5716 1718 5763 ἐπάνοδον
1752 5715 1840 5765 τοῦ

159 5777 450 5829 ἐπισκόπου.
493 5777 647 5826 Paulo
679 5785 789 5838 post
819 5779 928 5826 init.
952 5777 1103 5824 Smil.
1133 5785 1186 5826 ei
1207 5780 1403 5836 quidam
1434 5791 1532 5825 mss
1569 5779 1651 5838 ὑμ.
1676 5778 1835 5827 εἴωθα.

223 5839 254 5878 b
276 5838 426 5902 Sayil.
442 5837 706 5902 elquidam
719 5841 801 5887 alii
821 5839 1124 5899 ἐπικειμένων
1144 5840 1368 5886 κινδύνων
1390 5837 1619 5900 ἐκφυγεῖν,
1637 5839 1753 5902 ὑπὲρ
1775 5840 1840 5887 ὧν

163 5905 325 5960 πᾶσαν
350 5899 631 5960 ἐποιούμεθα
651 5902 754 5957 τήν.

227 5964 252 5992 ⁸
296 5959 445 6010 Savil.
469 5959 523 6010 et
542 5963 740 6012 quidam
763 5976 875 6012 mss.
905 5963 958 6010 ού
988 5964 1258 6025 καθυφίησι.
1283 5962 1446 6011 Morel.
1484 5961 1568 6010 οὐκ
1598 5959 1777 6025 ἀςίησι.

1853 1961 1924 1974 —

1894 2018 2062 2075 ἀλλὰ
2110 2012 2475 2086 παροξύνεται
2537 2015 2838 2083 μειζόνως.
2895 2015 2986 2067 καὶ
3054 2019 3182 2087 περὶ
3242 2023 3608 2091 κατασκαφῆς

1925 2106 2219 2175 ὁλοκλήρου
2257 2104 2356 2170 τῆς
2405 2101 2615 2163 πόλεως
2663 2100 3014 2169 βουλεύεται,
3064 2105 3158 2156 καὶ
3214 2105 3378 2176 ἕτερα
3426 2107 3609 2176 πολλῷ

1927 2193 2150 2248 πλείονα
2193 2189 2400 2242 τούτων
2450 2186 2845 2258 θρυλλούντων,
2885 2190 2934 2240 οἱ
2971 2189 3243 2260 δεδεμένοι
3287 2193 3410 2245 τότε
3455 2195 3608 2247 οὑδὲν

1927 2283 2166 2352 ἐγίνοντο
2217 2281 2282 2331 ἐκ
2328 2277 2427 2346 τῆς
2463 2276 2653 2345 φήμης
2699 2275 2905 2344 ταύτης
2939 2276 3253 2348 δειλότεροι,
3292 2279 3407 2332 ἀλλ’
3453 2280 3610 2351 ήμῶν

1933 2369 2227 2439 λεγόντων,
2280 2365 2355 2427 ώς
2403 2363 2588 2433 Ψευδῆ
2641 2362 2813 2414 ταῦτα
2859 2363 2958 2415 καὶ
2997 2364 3244 2417 διαϐόλου
3277 2367 3609 2436 μαγγανείας

1927 2457 2072 2510 ἐστὶν
2101 2454 2259 2525 ἔργα,
2290 2449 2615 2521 βουλομένου
2635 2449 2960 2501 καταϐαλεῖν
2985 2450 3138 2520 ὑμῶν
3159 2451 3227 2504 τὰ
3259 2455 3607 2523 φρονήματα,

1927 2543 2090 2595 Οὐδὲν
2132 2536 2368 2608 δεόμεθα
2415 2539 2516 2606 τῆς
2570 2536 2659 2588 διὰ
2710 2535 2933 2602 λόγωνά
2994 2537 3424 2608 παρακλήσεως,
3475 2541 3610 2611 πρὸς

1928 2631 2076 2701 ἡμᾶς
2123 2628 2340 2696 ἔλεγον·
2399 2626 2557 2694 ἴσμεν
2601 2623 2711 2694 γάρ
2761 2616 2822 2676 οὗ
2861 2623 2959 2696 τὴν
2994 2627 3171 2696 ἀρχὴν
3202 2627 3607 2698 κατεφύγομεν,

1927 2718 2023 2771 καλ⁵
2049 2716 2210 2778 ποίας
2243 2713 2457 2776 ἐλπίδος
2503 2713 2733 2774 ἑαυτοὺς
2787 2709 3272 2783 ἐξεκρεμάσαμεν·
3311 2714 3410 2783 τῆς
3459 2716 3610 2786 ἱερᾶς

1927 2805 2178 2875 ἀγκύρας
2199 2801 2300 2873 τὴν
2319 2799 2592 2870 σωτηρίαν
2616 2799 2774 2869 ἡμῶν
2797 2799 2889 2870 ἐξη
2901 2801 2997 2872 ρτή
3007 2818 3202 2870 σαμεν·
3223 2802 3322 2854 οὑκ
3339 2801 3611 2874 ἀνθρώπῳ

1927 2893 2129 2962 ταύτην
2179 2887 2679 2958 ἐνεπιστεύσαμεν,
2730 2887 2864 2940 ἀλλά
2907 2887 2988 2957 τῷ
3034 2889 3429 2960 παντοδυνάμῳ
3471 2890 3607 2962 Θεῷ,

1927 2981 2018 3033 Διὸ
2063 2981 2127 3050 δὴ
2173 2979 2266 3033 καὶ
2305 2976 2618 3048 θαρροῦμεν
2653 2977 2889 3046 χρηστὸν
2927 2976 3148 3030 ἔσεσθαι
3188 2978 3249 3030 τὸ
3281 2978 3434 3043 τέλος
3477 2982 3612 3035 πάν-

1927 3085 2036 3131 τως
2059 3085 2071 3098 ·
2125 3066 2185 3119 οὐ
2227 3065 2337 3136 γὰρ
2382 3063 2557 3127 ἔστιν,
2604 3063 2705 3114 οὐκ
2739 3062 2979 3134 ἐστιτήν
3013 3063 3204 3118 ἐλπίδα
3241 3066 3446 3136 ταύτην
3477 3085 3610 3121 κατ-

1927 3153 2280 3226 αισχυνθῆναί
2318 3169 2470 3206 ποτε.
2528 3150 2701 3205 Τοῦτο
2748 3152 2869 3205 ἀντὶ
2906 3153 3087 3206 πόσων
3135 3156 3449 3225 στεφάνων,
3489 3159 3613 3212 ἀντὶ

1933 3243 2112 3296 πόσων
2145 3240 2436 3310 ἐγκωμίων
2462 3238 2688 3309 ἀρκέσει
2721 3241 2787 3309 τῇ
2821 3238 3008 3304 πόλει;
3042 3241 3216 3311 πόσην
3247 3244 3612 3298 ἐπισπάσεται

1930 3328 2026 3383 τοῦ
2072 3329 2208 3382 Θεοῦ
2253 3329 2353 3398 τὴν
2382 3326 2621 3390 εὔνοιαν,
2652 3326 2748 3378 καὶ
2777 3329 2834 3378 ἐν
2866 3330 2977 3390 τοῖς
3010 3327 3218 3392 λοιποῖς
3246 3332 3569 3402 πράγμασιν
3595 3352 3608 3398 ;

1931 3417 2006 3470 Οὑ
2031 3415 2140 3486 γὰρ
2172 3415 2338 3476 ἐστιν,
2374 3414 2474 3466 οὑκ
2502 3412 2617 3465 ἐστι
2656 3413 2754 3484 τῆς
2789 3412 3062 3483 τυχούσης
3089 3415 3288 3485 ψυχῆς,
3317 3418 3374 3468 ἐν
3400 3421 3463 3488 τῇ
3498 3420 3608 3471 τῶν

1933 3501 2259 3572 πειρασμῶν
2295 3500 2559 3568 ἐπαγωγῇ
2588 3500 2800 3570 νήφειν,
2827 3500 2921 3552 καὶ
2951 3501 3090 3570 πρὸς
3109 3501 3199 3553 τὸν
3217 3501 3348 3554 Θεὸν
3369 3502 3609 3572 βλέπειν,

1934 3587 2026 3641 καὶ
2086 3589 2301 3641 πάντων
2359 3586 2814 3654 καταγελάσασαν
2865 3587 2976 3640 τῶν
3027 3588 3424 3660 ἀνθρωπίνων,
3477 3591 3614 3662 πρὸς

1933 3677 2146 3746 ἐκείνην
2188 3676 2477 3745 κεχηνέναι
2498 3675 2595 3744 τὴν
2623 3676 2962 3744 συμμαχίαν.

2015 3767 2080 3820 'll
2139 3768 2236 3837 μὲν
2288 3762 2380 3820 οὖν
2425 3765 2579 3826 πόλις
2607 3775 2630 3802 θ
2662 3764 2834 3828 οὕτως
2873 3766 3257 3836 εὐδοκίμησεν·
3291 3769 3319 3819 ό
3348 3769 3405 3821 δὲ
3437 3771 3614 3840 ἱερεὺς

1934 3859 2096 3912 πάλιν
2123 3858 2221 3928 οὑχ
2254 3853 2416 3929 ἦττον
2446 3858 2591 3927 ῆπερ
2626 3859 2659 3926 ἡ
2700 3857 2882 3920 πόλις“
2916 3858 3015 3927 τὴν
3047 3859 3154 3928 γὰρ
3200 3861 3395 3914 ἐαυτοῦ
3435 3863 3614 3934 ψυχὴν

1935 3945 2074 4016 ὑπὲρ
2111 3946 2326 3998 πάντων
2375 3944 2566 4008 ἔδωκε,
2602 3946 2752 4017 [215]
2775 3947 2868 3998 καὶ
2897 3945 3108 4000 πολλῶν
3148 3946 3316 4001 ὄντων
3357 3949 3467 4002 τῶν
3506 3967 3615 4003 κω-

1933 4032 2189 4097 λυόντων,
2231 4031 2324 4084 τοῦ
2382 4031 2672 4101 χειμῶνος,
2712 4033 2812 4101 τῆς
2853 4031 3092 4102 ἡλικίας,
3127 4033 3227 4102 τῆς
3267 4035 3483 4106 ἑορτῆς,
3521 4040 3616 4091 καὶ

1933 4120 2032 4171 οὑκ
2065 4119 2284 4172 ἔλαττον
2301 4120 2397 4190 τῆς
2418 4119 2651 4190 ἀδελφῆς
2688 4121 2823 4190 πρὸς
2855 4121 3090 4190 ἐσχάτας
3118 4120 3284 4192 οὔσης
3307 4124 3615 4193 ἀναπνοὰς,

1933 4207 2192 4259 ἁπάντων
2232 4205 2566 4276 ὑψηλότερος
2599 4207 2817 4274 ἐγένετο
2844 4207 2952 4260 τῶν
2987 4207 3351 4279 κωλυμάτων,
3385 4211 3479 4264 καὶ
3513 4214 3615 4266 οὐκ

1934 4290 2053 4346 εἷπε
2081 4293 2217 4364 πρὸς
2246 4294 2464 4346 ιέαυτόν⁹
2499 4294 2562 4346 Τί
2595 4294 2788 4360 τοῦτο;
2817 4296 2849 4364 ἡ
2875 4295 3012 4365 μόνη
3040 4297 3451 4367 περιλειφθεῖσα
3482 4301 3616 4370 ἡμῖν

1935 4381 2161 4452 ἀδελφὴ,
2192 4381 2286 4434 καὶ
2327 4383 2443 4452 μετ’
2475 4381 2610 4452 ἐμοῦ
2636 4382 2727 4434 τὸν
2755 4385 2844 4450 ζυγ
2858 4382 2916 4434 ὸν
2946 4383 3180 4436 ἐλκουσα
3223 4385 3318 4438 τοῦ
3351 4388 3614 4459 Χριστοῦ,

1936 4470 2031 4523 καὶ
2051 4470 2310 4523 τοσοῦτόν
2333 4489 2420 4542 μοι
2453 4471 2818 4540 συνοικήσασα
2849 4472 3059 4541 χρόνον,
3081 4472 3216 4542 πρὸς
3244 4474 3480 4544 ἐσχάτας
3501 4478 3618 4530 ἐστὶ

1938 4557 2032 4610 νῦν
2062 4559 2336 4620 ἀναπνοάς
2359 4575 2373 4587 ·
2406 4559 2568 4628 ἡμεῖς
2591 4558 2647 4610 δέ
2666 4559 2838 4629 αὑτὴν
2866 4559 3296 4629 καταλείψαντες
3315 4562 3617 4616 ἀπελευσό-

1943 4644 2102 4715 μεθα,
2140 4647 2235 4703 καὶ
2272 4647 2371 4700 οὑκ
2417 4645 2662 4716 ὀψόμεθα
2692 4647 3027 4701 ἐκπνέουσαν
3054 4650 3146 4701 καὶ
3175 4647 3274 4712 τὰς
3300 4650 3617 4716 τελευταίας

1936 4732 2168 4800 ἀφεῖσαν
2186 4733 2398 4800 φωνάς;
2443 4733 2579 4785 Ἀλλ’
2605 4733 2742 4802 αὑτὴ
2768 4733 2866 4803 μὲν
2888 4734 3006 4786 καθ’
3037 4735 3274 4805 ἑκάστην
3300 4734 3498 4805 ηὔχετο
3519 4736 3618 4808 τὴν

1937 4820 2154 4890 ἡμέραν
2179 4821 2328 4890 ἡμᾶς
2345 4820 2438 4873 καὶ
2467 4820 2780 4889 ὀφθαλμοὺς
2804 4821 3052 4875 καθελεῖν
3074 4824 3168 4875 καὶ
3188 4824 3362 4894 στόμα
3377 4825 3618 4881 συνελεῖν

1939 4911 2031 4963 καὶ
2066 4910 2424 4980 περιστεῖλαι,
2458 4911 2552 4962 καὶ⁸
2580 4909 2651 4962 τά
2683 4910 2818 4964 ἄλλα
2847 4911 3023 4965 πάντα
3059 4911 3126 4964 τὰ
3167 4912 3306 4984 πρὸς
3330 4914 3421 4966 τὸν
3447 4914 3616 4983 τάφον

1940 4995 2398 5067 ἐπιμελήσασθαι·
2431 4997 2546 5050 νυνὶ
2563 4997 2618 5050 δὲ
2637 4997 2890 5068 καθάπερ
2905 4999 3108 5070 ἔρημός
3124 5015 3206 5060 τις
3225 5002 3320 5053 καὶ
3341 5001 3616 5071 ἀπροστά-

1940 5101 2131 5147 τευτος
2171 5085 2386 5148 οὐδενὸς
2423 5084 2768 5150 ἐπιτεύξεται
2803 5087 3009 5140 τούτων
3040 5087 3191 5159 παρά
3231 5087 3326 5140 τοῦ
3357 5086 3614 5156 ἀδελφοῦ,

1941 5176 2075 5245 παρ’
2107 5166 2168 5226 οῦ
2219 5174 2459 5245 μάλιστα
2501 5175 2769 5246 ἐπεθύμει
2814 5180 3018 5247 τυχεῖν,
3075 5177 3190 5229 ἀλλ’
3238 5177 3462 5244 ἀφιεῖσα
3517 5176 3617 5247 τὴν

1940 5262 2142 5334 ψυχὴν,
2174 5265 2275 5317 οὑκ
2309 5264 2498 5334 ὄψεται
2528 5265 2620 5318 τὸν
2656 5264 2876 5318 πάντων
2907 5266 3044 5336 αὑτῇ
3088 5263 3496 5332 ποθεινότερον;
3523 5265 3619 5318 καὶ

1943 5352 2128 5406 πόσων
2151 5354 2250 5406 οὑκ
2282 5354 2434 5407 ἔσται
2461 5352 2707 5407 θανάτων
2734 5355 2870 5424 αὐτῇ
2893 5353 3049 5405 τοῦτο
3079 5350 3482 5422 βαρύτερονςΕί
3508 5351 3618 5426 γὰρ

1943 5441 2038 5495 καὶ
2069 5441 2354 5514 πόρρωθεν
2401 5444 2723 5513 ἀφεστήκει,
2755 5443 2854 5495 οὐκ
2901 5441 3008 5494 ἔδει
3049 5440 3278 5510 δραμεῖν
3317 5439 3411 5491 καὶ
3441 5441 3619 5494 πάντα

1943 5530 2168 5600 ποιῆσαι
2213 5529 2308 5583 καὶ
2355 5530 2570 5596 παθεῖν,
2603 5529 2745 5583 ὥστε
2777 5527 2982 5597 ταύτην
3016 5527 3153 5596 αὑτῇ
3185 5529 3495 5596 παρασχεῖν
3521 5530 3620 5601 τὴν

1944 5620 2135 5690 χάριν;
2189 5619 2283 5672 νῦν
2332 5619 2389 5673 δὲ
2431 5620 2660 5688 πλησίον
2699 5618 2774 5671 ὣν
2829 5615 3247 5685 ἐγκαταλείψω,
3311 5619 3407 5668 καλ¹
3460 5619 3621 5686 ἀφεὶς

1947 5707 2356 5778 ἀπελεύσομαι;
2393 5708 2488 5760 καὶ
2538 5707 2654 5769 πῶς
2683 5707 2818 5758 οἴσει
2845 5705 2943 5768 τὰς
2979 5703 3119 5775 μετά
3152 5702 3328 5758 ταῦτα
3372 5705 3622 5776 ήμέρας;

1959 5793 2101 5845 Ἀλλ’
2128 5795 2281 5848 οὐδὲν
2310 5794 2515 5846 τούτων
2571 5793 2633 5845 ού
2693 5794 2851 5864 μόνον
2879 5793 2976 5847 οὑκ
3018 5789 3201 5861 εἶπεν,
3231 5791 3344 5847 ἀλλ’
3376 5792 3496 5846 οὑδὲ
3531 5793 3622 5848 ἐν·

2018 5901 2042 5939 ἀ
2069 5901 2162 5950 Mii
2195 5902 2270 5963 διὰ
2294 5901 2464 5963 λόγων,
2489 5900 2580 5963 alii
2600 5899 2677 5947 διὰ
2699 5900 2862 5963 λόγου.

2023 5967 2044 5989 ⁸⁸
2071 5962 2168 6012 Aiil
2205 5961 2342 6025 Ἡμῖν
2370 5961 2448 6010 οὖν
2470 5965 2498 6019 ἡ
2522 5961 2671 6016 πόλις.
