3894 6226
329 302 437 359 213

321 418 748 493 εννόησεν,ἀλλὰ
774 417 869 471 καὶ
902 417 1083 487 πάσης
1113 415 1432 484 συγγενείας
1451 415 1544 469 τδν
1570 414 1667 469 τοῦ
1696 414 1831 470 Θεοῦ
1860 432 1994 487 προ-

331 509 570 577 τιμήσας
606 505 790 575 φόϐον,
840 505 987 573 ἔγνω
1023 502 1178 557 τοῦτο
1216 502 1397 566 καλῶς
1423 512 1465 567 ⁸,
1506 503 1588 557 ὅτι
1633 502 2000 575 καθάπερυτὸν

332 594 467 648 κυϐε
478 596 677 666 ρνὴτην
701 595 751 647 οἱ
779 592 1067 662 χειμῶνες,
1087 590 1182 644 καὶ
1205 590 1299 643 τὸν
1329 589 1636 662 στρατηγὸν
1662 591 1712 644 οί
1740 589 1998 656 κίνδυνοι,

329 681 473 735 οὕτω
502 684 599 735 καὶ
631 681 724 735 τὸν
758 681 907 751 ἱερέα
935 680 963 731 6
990 676 1297 749 πειρασμὸς
1324 680 1471 731 ποιεῖ
1514 677 1825 747 φαίνεσθαι.
1858 677 2003 731 Πάν·

330 783 458 832 τες,
518 769 686 839 φησὶ,
746 768 882 839 πρὸς
928 768 1077 837 ἡμᾶς
1135 768 1395 837 κεχήνασι
1440 765 1535 818 καὶ
1603 765 1841 819 Ἰουδαῖοι
1911 764 2001 819 καὶ

336 858 629 928 Ἕλληνες’
668 856 742 926 μὴ
784 853 1237 925 καταισχύνωμεν
1285 853 1463 909 αὑτῶν
1508 853 1605 916 τὰς
1661 855 1790 924 περ).
1840 850 2000 922 ἡμῶν

334 946 576 1008 ἐλπίδας,
612 942 748 1015 μηδέ
782 941 1039 996 τοσοῦτον
1071 941 1404 1012 περιίδωμεν
1437 942 1715 1008 ναυάγιον,
1760 939 1897 994 ἀλλά
1932 938 2003 991 τὰ

334 1033 457 1087 καθ’
484 1032 632 1102 ἡμᾶς
661 1029 1055 1102 ἐπιτρέψαντες
1084 1028 1162 1099 τῷ
1186 1027 1305 1097 Θεῷ
1336 1028 1534 1092 πάντα,
1567 1028 1667 1081 καὶ
1699 1026 1797 1098 τὴν
1820 1025 2000 1097 ψυχὴν

331 1121 504 1191 αὐτὴν
542 1118 806 1189 ἐκδῶμεν.
839 1118 950 1171 Καὶ
988 1118 1181 1170 σκόπει
1211 1116 1403 1187 ἱερέως
1433 1114 1867 1185 μεγαλοψυχίαν.
1904 1113 2002 1167 καὶ

332 1208 474 1262 Θεοῦ
509 1205 953 1278 φιλανθρωπίαν·
995 1198 1071 1258 ὧν
1108 1203 1391 1274 ὑπερεῖδεν
1438 1202 1696 1256 ἁπάντων
1724 1243 1739 1267 ,
1793 1200 2001 1255 τούτων

331 1295 647 1365 ἀπήλαυσεν
679 1293 960 1353 ἀπάντων,
994 1291 1081 1344 ἵνα
1113 1291 1207 1344 καὶ
1231 1291 1330 1361 τῆς
1356 1289 1661 1360 προθυμίας
1678 1288 1768 1341 τὸν
1812 1286 2007 1359 μισθὸν

332 1383 495 1456 λάὸῃ,
551 1382 648 1437 καὶ
701 1380 788 1435 διά
827 1380 930 1451 τῆς
958 1378 1314 1441 ἀπολαύσεως
1347 1377 1447 1447 τῆς
1479 1377 1631 1448 παρά
1668 1376 2012 1448 προσδοκίαν

338 1472 584 1542 μείζονος
602 1465 835 1539 ἐπιτύχῃ
868 1467 969 1537 τῆς
992 1466 1206 1538 ἡδονῆς.
1234 1465 1422 1519 Εἵλετο
1442 1465 1541 1533 τὴν
1572 1464 1764 1535 ἑορτὴν
1784 1464 1878 1517 ἐπὶ
1902 1463 2008 1533 τῆςΔ

332 1557 619 1630 ἀλλοτρίας
664 1558 758 1610 καὶ
810 1556 1001 1628 πόρρω
1026 1553 1133 1608 τῶν
1160 1554 1376 1607 οἰκείων
1413 1553 1726 1606 ἐπιτελέσαι
1770 1551 1859 1604 διὰ
1904 1551 2007 1623 τὴν

333 1648 432 1718 τῆς
480 1646 688 1708 πόλεως
743 1645 1047 1714 σωτηρίαν’
1078 1642 1106 1693 6
1127 1641 1183 1695 δέ
1209 1641 1343 1704 Θεὸς
1386 1642 1494 1712 πρὸ
1530 1640 1624 1693 τοῦ
1652 1640 1845 1710 Πάσχα
1872 1641 2003 1710 ἡμῖν

334 1735 496 1791 αὑτὸν
530 1734 835 1794 ἀπέδωκεν,
874 1732 1015 1785 ὥστε
1050 1731 1236 1801 κοινὴν
1275 1730 1392 1800 μεθ’
1429 1728 1582 1799 ὑμῶν
1609 1730 1638 1769 δ
1675 1730 1774 1800 τὴν
1812 1729 2015 1799 έορτήνι

335 1826 583 1892 ἀγαγεῖν,
624 1822 713 1874 ἵνα
741 1819 834 1873 καὶ
861 1818 961 1890 τῆς
1000 1818 1377 1889 προαιρέσεως
1408 1816 1507 1888 ἔχῃ
1543 1816 1635 1868 τὸν
1675 1814 1888 1886 μισθὸν,
1911 1816 2007 1869 καῖ

335 1913 435 1982 τῆς
485 1908 823 1978 εὐφροσύνης
867 1905 1149 1977 ἀπολαύσῃ
1208 1904 1474 1975 μείζονος.
1535 1903 1649 1957 Οὑκ
1703 1902 1875 1955 ἔδεισε
1906 1904 2016 1975 τὴν·

334 1999 484 2070 ὤραν
509 1995 602 2050 τοῦ
634 1994 805 2057 ἔτους,
832 1994 926 2047 καὶ
953 1991 1111 2062 Θέρος
1143 1991 1292 2060 παρά
1323 1990 1500 2043 πάντα
1524 1990 1715 2058 γέγονε
1750 1989 1848 2061 τῆς
1871 1991 2006 2044 ἀπο-

335 2085 535 2155 δημίας
559 2084 651 2137 τὸν
685 2083 907 2154 καιρόν·
968 2079 1066 2150 οὑχ
1115 2078 1479 2145 ὑπελογίσατο
1508 2078 1609 2148 τὴν
1637 2077 1875 2148 ἡλικίαν,
1912 2079 2006 2131 καὶ

336 2171 591 2242 καθάπερ
614 2170 730 2232 νέος
751 2169 846 2222 καὶ
864 2166 1132 2239 σφριγῶν,
1163 2164 1306 2218 οὑτω
1329 2167 1446 2236 μετ’
1469 2164 1720 2226 εὐκολίας
1747 2164 2003 2236 διέδραμε

336 2260 436 2331 τὴν
467 2257 684 2330 μακράν
712 2255 915 2327 ταύτην
936 2255 1052 2309 ὀδόν
1069 2271 1083 2284 ·
1108 2253 1210 2308 οὑκ
1243 2254 1493 2324 ἐνενόησε
1515 2253 1615 2323 τὴν
1635 2252 1887 2323 τελευτὴν
1907 2252 2007 2322 τῆς

342 2350 596 2421 ἀδελφῆς,
646 2348 769 2401 οὑδὲ
820 2344 1246 2417 κατεμαλάχθη·
1305 2345 1400 2397 καὶ
1455 2342 1769 2397 ἐπανελθὼν
1822 2341 2004 2404 ζῶσαν

336 2438 507 2507 αὑτὴν
549 2434 866 2505 κατείληφε,
909 2433 1003 2486 καὶ
1052 2432 1291 2496 πάντων,
1335 2424 1408 2483 ὧν
1457 2428 1741 2501 ὑπερεῖδε,
1788 2428 2007 2481 πάντων

338 2523 591 2576 ἐπέτυνε.

412 2543 623 2678 gi}.
648 2608 676 2659 6
711 2605 811 2675 μὲν
861 2603 1041 2675 ίερεὺς
1076 2601 1248 2665 οὑτως
1296 2599 1581 2671 εὐδόκιμος
1619 2601 1813 2668 γέγονε
1855 2600 2007 2672 παρά

337 2695 459 2766 Θεῷ
480 2695 572 2749 καλ⁵
601 2692 933 2764 ἀνθρὼποις’
955 2691 1046 2744 τὸν
1074 2690 1298 2762 βασιλέα
1325 2689 1381 2743 δέ
1397 2689 1490 2742 τοῦ
1509 2690 1836 2759 διαδήματος
1863 2689 2006 2760 λαμ-

340 2785 604 2855 πρότερον
630 2780 785 2835 τοῦτο
815 2779 875 2833 τὸ
918 2779 1155 2849 πρᾶγμα
1200 2777 1496 2847 ἐκόσμησε.
1531 2777 1753 2847 Πρῶτον
1802 2776 1902 2847 μέν
1924 2779 2013 2830 ὅτι

338 2872 499 2941 δῆλον
542 2868 758 2938 ἐγένετο
786 2866 931 2930 τότε,
961 2866 1043 2919 ὅτι
1079 2866 1224 2935 ἅπερ
1264 2863 1441 2917 οὑδενὶ
1470 2863 1671 2935 ἑτέρῳ,
1700 2863 1875 2917 ταῦτα
1906 2866 2007 2934 χά-

342 2964 538 3032 ριεῖται
570 2961 680 3021 τοῖς
718 2955 953 3027 ἱερεῦσιν
974 2970 989 2986 ·
1014 2954 1225 3016 ἔπειτα,
1267 2954 1351 3006 ὅτι
1378 2953 1474 3006 καὶ
1503 2953 1644 3022 μετὰ
1682 2952 1880 3006 πολλοῦ
1912 2953 2015 3007 τοῦ

341 3048 537 3117 τάχους
566 3047 664 3115 τὴν
708 3045 868 3115 χάριν
898 3042 1086 3105 ἔδωκε,
1132 3042 1227 3095 καὶ
1271 3040 1372 3111 τὴν
1402 3040 1572 3111 ὀργὴν
1611 3039 1822 3094 ἔλυσεν.
1864 3039 2009 3093 Ἀλλ’

342 3134 431 3187 ἔθα
457 3132 788 3202 σαφέστερον
809 3131 906 3183 καὶ
930 3128 1025 3182 τοῦ
1051 3127 1312 3199 βασιλέως
1338 3126 1436 3198 τὴν
1461 3126 1883 3197 μεγαλοψυχίαν,
1915 3128 2010 3180 καὶ

341 3218 434 3272 τοῦ
468 3218 657 3289 ἱερέως
686 3216 785 3286 τὴν
817 3215 1030 3284 σοφίαν,
1067 3215 1162 3267 καὶ
1191 3212 1296 3284 πρὸ
1327 3213 1532 3265 τούτων
1559 3212 1894 3284 ἀμφοτέρων
1912 3211 2007 3265 τοῦ

339 3302 479 3357 Θεοῦ
503 3302 711 3373 μάθητε
726 3301 824 3372 τὴν
845 3299 1274 3372 φιλανθρωπίαν,
1303 3299 1420 3351 δότε
1449 3314 1537 3369 μοι
1555 3296 1703 3369 [2W]
1722 3300 1892 3371 μικρά
1907 3300 2011 3370 τῆς

342 3392 459 3445 ἐκεῖ
489 3387 861 3459 γεγενημένης
904 3385 1246 3459 δημηγορίας
1283 3384 1642 3456 διηγήσασθαι
1674 3384 1811 3455 πρὸς
1841 3386 2008 3456 ὑμᾶς.

425 3477 566 3548 Ἐρῶ
584 3477 642 3529 δέ
665 3475 700 3529 ἀ
728 3475 884 3547 παρά
912 3491 1060 3537 τινος
1092 3473 1201 3527 τῶν
1233 3472 1380 3527 ἔνδον
1410 3471 1664 3526 ἑστώτων
1694 3472 1898 3543 ἔμαθον
1920 3491 1933 3505 ο
1982 3476 2011 3528 6

352 3564 451 3634 μὲν
477 3564 586 3631 γὰρ
616 3562 802 3631 πατὴρ
829 3560 952 3613 οῦτε
990 3560 1183 3630 μικρὸν
1207 3558 1330 3611 οὔτε
1364 3558 1506 3629 μέγα
1529 3554 1649 3611 εἶπε
1676 3559 1811 3630 πρὸς
1838 3562 2007 3631 ἡμᾶς,

344 3649 479 3702 ἀλλά
520 3648 617 3718 τὴν
663 3646 879 3699 Παύλου
923 3644 1329 3717 μεγαλοψυχίαν
1381 3644 1716 3715 μιμούμενος
1741 3687 1757 3711 ,
1801 3648 1889 3700 ἀεὶ
1943 3647 2011 3700 τὰ

340 3739 520 3793 οἰκεῖα
557 3734 785 3807 κρύπτει
814 3732 1236 3805 κατορθώματα,
1269 3732 1515 3804 καὶπρὸς
1542 3736 1668 3797 τοὺς
1691 3734 2011 3803 ἐρωτῶντας

344 3822 641 3892 πανταχοῦ,
683 3820 736 3873 τί
770 3820 905 3893 πρὸς
938 3820 1029 3874 τὸν
1061 3819 1285 3890 βασιλέα
1328 3815 1470 3884 εἶπε,
1518 3820 1613 3872 καὶ
1655 3820 1777 3883 πῶς
1801 3820 2009 3884 ἔπεισε,

344 3911 441 3965 καὶ
466 3909 582 3973 πῶς
600 3907 766 3961 αὑτοῦ
796 3908 894 3979 τὴν
918 3906 1088 3979 ὀργὴν
1116 3906 1369 3971 ἐξέϐαλεν
1402 3906 1641 3971 ἀπασαν,
1658 3908 1828 3961 ταῦτα
1858 3908 2011 3978 ἔλεγε

341 4000 414 4053 τά
449 4001 698 4069 ῥήματαο
740 3994 909 4051 Οὑδὲν
941 3998 1111 4067 ἡμεῖς
1132 3997 1212 4058 είς
1241 3996 1300 4049 τὸ
1326 3997 1557 4065 πρᾶγμα
1590 3996 2019 4067 είσηνέγκαμεν,

343 4086 461 4140 ἀλλ’
484 4086 645 4148 αὑτὸς
683 4086 711 4137 6
741 4083 1014 4154 βασιλεὺς,
1045 4082 1137 4136 τοῦ
1173 4081 1309 4135 Θεοῦ
1350 4081 1682 4152 μαλάξαντος
1719 4083 1891 4137 αὑτοῦ
1915 4084 2012 4155 τὴν

344 4172 593 4243 καρδίαν,
625 4171 721 4223 καὶ
744 4170 849 4240 πρὸ
876 4170 984 4224 τῶν
1007 4169 1291 4241 ἡμετέρων
1332 4169 1595 4240 ῥημάτων
1627 4172 1805 4225 πᾶσαν
1830 4173 2010 4243 ἀφῆκε

344 4260 442 4332 τὴν
475 4257 665 4329 ὀργὴν,
694 4257 788 4311 καὶ
815 4257 906 4309 τὸν
935 4256 1106 4327 θυμὸν
1135 4256 1314 4319 ἔλυσε,
1346 4258 1439 4309 καὶ
1469 4256 1598 4327 περὶ
1631 4257 1739 4310 τῶν
1776 4276 2012 4332 γεγενηγ

348 4347 525 4417 μένων
547 4341 950 4411 διαλεγόμενος,
971 4342 1047 4406 ὼς
1081 4343 1268 4413 ἐτέρου
1298 4342 1443 4405 τινὸς
1473 4342 1841 4414 ὑϐρισθέντος,
1868 4345 2011 4402 οὑτω

344 4433 414 4485 τά
445 4432 728 4503 συμϐάντα
763 4430 977 4484 ἅπαντα
1009 4429 1178 4502 χωρὶς
1203 4430 1372 4500 ὀργῆς
1402 4429 1659 4500 διηγεῖτο.
1697 4431 1835 4485 Ἀλλ’
1865 4432 2011 4509 ἀπερ

347 4517 506 4591 οὗτος
533 4519 849 4591 ἀπέκρυψεν
879 4517 988 4571 ἀπὸ
1017 4518 1534 4591 ταπεινοφροσύνης,
1586 4520 1761 4576 ταῦτα
1805 4525 1835 4577 6
1878 4523 2011 4590 Θεὸς

345 4611 426 4673 εἰς
488 4608 652 4679 μέσον
699 4608 985 4678 ἐξήνεγκε.
1039 4606 1174 4660 Τίνα
1235 4607 1294 4660 δέ
1352 4609 1472 4663 ἐστι
1527 4607 1737 4678 ταῦτα;
1798 4612 2013 4685 Μικρὸν

344 4697 604 4766 ἀνωτέρω
645 4696 735 4748 τὸν
779 4694 939 4763 λόγον
972 4692 1196 4764 ἀγαγὼν
1234 4694 1365 4766 ὑμῖν
1393 4694 1748 4768 διηγήσομαι.
1792 4698 2010 4773 Ἐπειδὴ

343 4783 455 4855 γάρ
481 4781 671 4854 ἐξῆλθε
697 4782 795 4852 τῆς
838 4781 1047 4846 πόλεως
1075 4782 1285 4846 πάντας
1327 4783 1385 4837 ἐν
1426 4782 1663 4856 τοσαύτῃ
1695 4785 2013 4843 καταλιπὼν

344 4870 573 4942 ἀθυμίᾳ,
627 4868 807 4939 πολλῷ
831 4869 1105 4941 δεινότερα
1150 4869 1307 4941 ἡμῶν
1347 4868 1552 4942 ἔπασχε
1595 4872 1706 4926 τῶν
1726 4874 1784 4928 ἐν
1828 4874 2014 4939 αὐτοῖς

344 4959 516 5013 ὄντων
541 4960 653 5021 τοῖς
673 4956 887 5021 δεινοῖς.
917 4956 1140 5029 Πρῶτον
1183 4957 1281 5028 μέν
1310 4956 1422 5028 γὰρ
1451 4960 1846 5030 συγγενόμενος
1870 4964 2012 5017 κατά

348 5045 646 5117 μέσπηνκτὴν
677 5046 796 5099 ὁδὸν
830 5046 941 5110 τοῖς
966 5047 1062 5099 ἐπὶ
1090 5046 1190 5118 τὴν
1214 5044 1460 5110 ἐξέτασιν
1487 5047 1596 5102 τῶν
1629 5051 2011 5121 γεγενημένων

346 5134 500 5204 παρά
532 5133 625 5187 τοῦ
682 5133 942 5204 βασιλέως
977 5132 1297 5204 πεμφθεῖσι,
1331 5133 1426 5185 καὶ
1477 5132 1665 5196 μαθὼν
1694 5139 1824 5209 παρ’
1858 5139 2007 5192 ἐκεί-

347 5237 474 5285 νων,
513 5222 599 5292 ἐφ’
620 5216 702 5285 οἷς
727 5217 868 5292 ἦσαν
921 5221 1344 5291 ἀπεσταλμένοι,
1372 5221 1468 5275 καὶ
1491 5220 1559 5275 τὰ
1588 5222 2009 5296 καταληψόμενα

343 5309 444 5381 τὴν
488 5310 638 5365 πόλιν
684 5310 1137 5380 ἀναλογιζόμενος
1168 5308 1340 5373 δεινά,
1385 5310 1519 5373 -τοὺς
1571 5309 1853 5381 θορύϐους,
1911 5317 2011 5380 τὰς

347 5399 610 5468 ταραχὰς,
660 5397 759 5469 τὴν
808 5396 1009 5469 φυγὴν,
1065 5397 1157 5451 τὸν
1206 5394 1390 5464 φόϐον,
1437 5396 1536 5467 τὴν
1570 5399 1827 5466 ἀγωνίαν,
1881 5405 2009 5467 τοὺς

345 5482 645 5548 κινδύνους,
672 5483 855 5555 πηγὰς
885 5484 1035 5555 mpm
1058 5481 1330 5554 δακρύων,
1352 5481 1460 5535 τῶν
1495 5483 1819 5554 σπλάγχνων
1858 5488 2007 5562 αὑτῷ

342 5568 780 5640 διακοπτομένων
805 5581 827 5609 ο
851 5586 867 5601 ·
889 5572 1001 5633 τοῖς
1027 5569 1134 5640 γάρ
1167 5568 1440 5639 πατράσιν
1463 5567 1583 5634 ἔθος
1614 5571 1793 5643 πολλῷ
1823 5575 2007 5644 μεῖζον

405 5656 433 5719 _‘
458 5657 553 5704 Alii
578 5658 739 5719 φόϐον.
758 5657 878 5719 ,Εἷδε
898 5655 1040 5705 τοῦτο
1059 5658 1237 5712 καλῶς.

406 5717 435 5757 b
459 5717 607 5784 ειμι-η’.
637 5726 689 5765 οι
725 5718 911 5784 a_l_iquol
937 5730 1050 5765 mss.
1078 5719 1204 5765 ὥστε
1235 5723 1368 5781 κοινῇ
1410 5722 1507 5781 μεθ’
1532 5723 1685 5784 ἡμῶν.
1716 5723 1868 5775 Iidem
1893 5741 2001 5778 mox

343 5777 420 5828 ἕνα
440 5778 520 5825 καὶ
546 5782 629 5838 τῆς
644 5778 923 5838 προθέσεως.

413 5841 439 5872 ι
460 5837 609 5888 δεμ-ιι.
634 5837 691 5886 ει
720 5844 820 5886 [res
839 5851 957 5888 mss.
980 5839 1106 5899 αύτῷ
1129 5841 1486 5903 διασπωμένων.

1108 301 1166 356 S.
1190 299 1475 358 JOANMS
1510 297 2000 356 CIIRYSOSTOMI

2185 299 2362 356 HIEP.
2399 300 2533 356 (ΖοΝ
2543 299 2954 358 STA‘NTiNOP.

3668 300 3768 357 2ῖὶ

2103 417 2311 485 ἀλγεῖν,
2341 417 2472 471 ὅταν
2514 417 2649 489 μηδὲ
2682 419 2940 488 παρεῖναι
2967 415 3232 471 δύνωνται
3261 414 3626 487 κακουμένοις
3660 420 3776 481 τοῖς

2100 503 2308 556 ἑαυτῶν
2360 504 2572 558 παισίν.
2636 505 2702 557 Ὃ
2749 503 2815 575 δὴ
2869 504 2964 557 καὶ
3005 506 3034 557 6
3083 501 3571 574 φιλοστοργότατος
3618 497 3777 568 οὗτος

2099 589 2360 660 ἔπασχεν,
2382 590 2443 644 οὑ
2460 590 2530 645 τά
2559 591 2987 661 καταληψόμενα
3009 591 3156 661 ἡμᾶς
3179 590 3331 644 δεινὰ
3347 590 3564 662 θρηνῶν
3588 592 3791 661 μόνον,-

2099 674 2236 727 ἀλλά
2268 676 2362 729 καὶ
2390 675 2451 728 τὸ
2472 676 2661 747 πόρρω
2693 675 2866 731 ταῦτα
2891 676 3211 747 πασχόντων
3244 675 3403 745 ἡμῶν
3423 673 3567 729 εἶναι
3585 695 3597 706 ·
3634 675 3798 746 πλὴψ

2101 761 2240 814 ἀλλά
2283 763 2379 815 καὶ
2421 762 2581 816 τοῦτο
2618 763 2759 834 ὑπὲρ
2783 762 3183 834 τῆςήμετέρας
3224 762 3435 830 ἐγίνετο
3475 763 3776 833 σωτηρίας.

2116 846 2332 918 Ἐπειδὴ
2360 847 2471 918 γὰρ
2519 846 2689 916 ἔμαθε
2724 847 2900 900 ταῦτα
2939 849 3070 919 παρ’
3120 847 3380 911 ἐκείνων,
3434 845 3780 917 θερμοτέρας

2099 933 2249 1002 ἠφίει
2294 933 2475 1003 πηγὰς
2507 933 2778 1005 δακρύων,
2805 935 2901 988 καὶ⁵
2935 934 3073 1005 μετά
3103 934 3350 997 πλείονος
3376 933 3615 1004 δεήσεως
3639 934 3780 1004 πρὸς

2100 1020 2230 1073 Θεὸν
2261 1020 2593 1089 κατέφευγε,
2625 1020 2723 1074 καὶ
2774 1020 2872 1086 τὰς
2919 1020 3121 1084 νύκτας
3162 1024 3371 1084 ἄϋπνος
3399 1022 3553 1092 διῆγε
3594 1039 3782 1093 παρα-

2101 1105 2304 1170 καλῶν,
2344 1108 2438 1160 καὶ
2470 1110 2536 1178 τῇ
2573 1107 2728 1160 πόλει
2780 1108 3187 1177 παραγενέσθαι
3237 1106 3413 1159 ταῦτα
3461 1108 3783 1177 πασχούσῃ,

2101 1197 2197 1248 καὶ
2227 1194 2321 1247 τοῦ
2356 1194 2620 1266 βασιλέως
2658 1196 2972 1266 πραοτέραν
3013 1196 3237 1266 ποιῆσαι
3260 1194 3649 1265 τὴνδιάνοιαν.
3692 1196 3780 1256 Ὠς

2100 1278 2156 1332 δὲ
2194 1276 2364 1349 ἐπέϐη
2408 1278 2506 1348 τῆς
2539 1277 2784 1349 μεγάλης
2824 1278 3036 1343 πόλεως
3089 1277 3344 1347 ἐκείνης,
3383 1278 3478 1329 καὶ
3533 1278 3615 1339 είς
3674 1277 3777 1340 τάς

2104 1360 2388 1432 βασιλικάς
2423 1360 2671 1432 εἰσῆλθεν
2716 1362 2905 1425 αὑλάς,
2941 1362 3185 1433 εἱστήκει
3231 1361 3322 1415 τοῦ
3363 1360 3630 1431 βασιλέως
3652 1361 3782 1431 πόρο

2104 1446 2312 1517 ῥαθεν,
2350 1446 2595 1514 ἄφωνος,
2643 1446 2931 1517 δακρύων,
2978 1447 3130 1500 κάτω
3173 1445 3416 1509 κύπτων,
3442 1444 3779 1514 ἐγκαλυπτόο

2106 1546 2286 1599 μενος,
2319 1529 2508 1599 ὥσπερ
2542 1529 2707 1593 αὐτὸς
2760 1527 2834 1583 ὢν
2876 1530 2904 1582 6
2948 1529 3126 1583 πάντα
3161 1529 3538 1600 ἐργασάμενος
3569 1529 3773 1582 ἐκεῖνα.

2120 1611 2405 1665 Ἐποίειδέ
2430 1611 2609 1679 τοῦτο,
2646 1611 2725 1683 τῷ
2762 1614 3021 1684 σχήματι,
3061 1612 3139 1682 τῷ
3174 1612 3467 1682 βλέμματι,
3504 1614 3620 1675 τοῖς
3644 1610 3777 1683 θρή-

2103 1710 2213 1758 νοις
2241 1695 2506 1767 πρότερον
2533 1696 2938 1749 ἐπισπάσασθαι
2970 1694 3288 1765 βουλόμενος
3310 1695 3469 1748 αὑτὸν
3496 1698 3577 1758 είς
3607 1695 3779 1759 ἔλεον,

2102 1784 2199 1836 καὶ
2230 1783 2352 1837 τότε
2382 1783 2651 1855 ἄρξασθαι
2669 1784 2770 1854 τῆς
2807 1782 3140 1855 ὑπέρλὴμῶν
3166 1782 3461 1851 ἀπολογίας
3480 1798 3496 1811 ·
3533 1784 3633 1852 μία
3670 1781 3781 1851 γάρ

2102 1872 2216 1932 τοῖς
2244 1869 2652 1941 ἁμαρτάνουσιν
2680 1868 3035 1922 ἀπολείπεται
3071 1866 3392 1938 συγγνώμη.
3417 1867 3478 1920 τὸ
3502 1869 3665 1937 σιγᾷν
3686 1867 3782 1920 καὶ

2108 1956 2276 2028 μηδὲν
2310 1957 2451 2028 ὑπὲρ
2508 1957 2617 2009 τῶν
2646 1957 3032 2027 γεγενημένων
3081 1955 3434 2024 φθέγγεσθαι.
3493 1955 3805 2007 Ἐὃούλετοσ

2104 2038 2213 2108 γὰρ
2252 2037 2315 2109 δὴ
2360 2037 2530 2102 πάθος
2568 2038 2627 2090 τὸ
2653 2039 2750 2108 μὲν
2786 2040 3109 2107 ἐξενεγκεῖν,
3162 2038 3223 2091 τὸ
3262 2038 3321 2091 δέ
3368 2040 3703 2106 εἰσενεγκεῖν
3730 2034 3781 2097 δ,

2105 2120 2356 2173 ἐκϐαλεῖν
2401 2120 2499 2191 μὲν
2544 2121 2635 2174 τὸν
2677 2120 2871 2191 θυμὸν,
2916 2123 3231 2189 εἰσαγαγεῖν
3280 2120 3337 2174 δὲ
3371 2119 3640 2191 ἀθυμίαν,
3697 2119 3791 2171 ἵνα

2104 2207 2249 2263 οὑτω
2277 2209 2826 2282 προοδοποιήσῃ,τοῖς
2871 2210 2971 2280 τῆς
3004 2208 3302 2278 ἀπολογίας
3327 2209 3568 2280 ῥήμασιν
3594 2224 3609 2238 ⁸
3644 2209 3785 2278 ὅπερ

2104 2292 2197 2350 οὖν
2248 2298 2342 2351 καὶ
2387 2296 2624 2366 ἐγένετο,
2663 2296 2773 2350 Καὶ
2805 2296 3056 2369 καθάπερ
3115 2297 3361 2367 Μωῦσῆς
3415 2297 3497 2357 εἰς
3545 2294 3608 2347 τὸ
3658 2294 3787 2364 ὅρος

2106 2384 2339 2454 ἀναϐὰς,
2382 2382 2484 2440 τοῦ
2509 2385 2639 2438 λαοῦ
2694 2384 3242 2458 προσκεκρουκότοςν
3269 2384 3481 2453 ἄφωνος
3536 2383 3787 2453 εἱστήκει

2106 2471 2302 2536 αὐτὸς,
2359 2471 2463 2535 ἔως
2511 2473 2540 2524 6
2585 2471 2718 2537 Θεὸς
2767 2471 2928 2525 αὑτὸν
2978 2470 3333 2536 ἐξεκαλέσατο
3365 2466 3557 2533 εἰπὼν,
3604 2470 3805 2537 Ἄρες.

2099 2577 2197 2629 με,
2223 2559 2321 2613 καί
2367 2559 2669 2628 ἐξαλείψω
2717 2561 2826 2614 τὸν
2852 2560 3007 2614 λαὸν
3037 2559 3259 2614 τοῦτο)⁴
3278 2576 3292 2590 ο
3323 2558 3467 2612 οῦτω
3497 2558 3592 2610 καὶ
3628 2552 3787 2619 οὗτος

2107 2648 2376 2718 ἐποίησεν.

2189 2735 2349 2789 Ἰδὼν·
2376 2736 2556 2789 τοίνυν
2606 2737 2781 2791 αὑτὸν·
2802 2738 2830 2790 ὁ
2866 2736 3117 2807 βασιλεὺς
3147 2735 3451 2808 δακρύοντα
3486 2736 3585 2789 καὶ
3634 2737 3788 2791 κάτω

2107 2818 2403 2886 κύπτεντα,
2458 2820 2759 2893 προσῆλθεν
2792 2823 2974 2886 αὑτὸς,
3018 2825 3113 2876 καὶ
3162 2824 3297 2894 ὅπερ
3332 2822 3502 2876 ἔπαθε
3548 2823 3640 2877 διὰ
3674 2822 3787 2876 τῶν

2107 2907 2359 2978 δακρύων
2402 2907 2496 2962 τοῦ
2543 2910 2753 2983 ἱερέως,
2788 2909 2947 2963 τοῦτο
2981 2911 3188 2964 ἐδείκνυ
3220 2911 3309 2964 διὰ
3356 2909 3465 2964 τῶν
3515 2912 3788 2982 ῥημάτων

2106 2995 2213 3048 τῶν
2239 2995 2375 3067 πρὸς
2396 2995 2556 3049 αὑτόν
2574 3014 2588 3027 ο
2622 2998 2682 3050 οὑ
2709 2997 2816 3068 γὰρ
2837 2997 3179 3070 θυμουμένου
3203 2999 3323 3052 οὑδέ
3342 2997 3787 3067 ἀγανακτοῦντος

2107 3079 2248 3154 ἦσαν
2292 3085 2340 3136 οί
2375 3084 2543 3153 λόγοι,
2572 3083 2686 3137 ἀλλ’
2715 3085 3009 3154 ἀλγοῦντος
3034 3102 3048 3115 ·
3094 3087 3201 3139 ούκν
3235 3084 3618 3159 ὀργιζομένου,
3662 3086 3789 3139 ἀλλ’

2108 3169 2446 3240 ἀθυμοῦντος
2478 3170 2629 3244 [217]
2661 3172 2755 3225 καὶ
2785 3173 3096 3245 περιοδυνίᾳ
3130 3173 3495 3243 κατεχομένου
3528 3172 3740 3243 μᾶλλον
3764 3189 3787 3203 ⁴

2109 3258 2201 3311 καὶ
2223 3258 2306 3311 ὅτι
2325 3257 2481 3313 τοῦτό
2509 3260 2656 3313 ἐστιν
2685 3259 2905 3331 ἀληθὲς,
2932 3260 3072 3314 αὑτὰ
3099 3260 3169 3314 τά
3198 3262 3419 3331 ῥήματα
3446 3260 3791 3325 ἀκούσαντες

2109 3345 2343 3399 εἴσεσθε.
2368 3347 2442 3399 Ού
2473 3345 2579 3419 γὰρ
2603 3342 2746 3400 εἴπεο
2771 3346 2837 3400 Τί
2867 3365 2997 3401 ποτε
3019 3347 3178 3401 τοῦτό
3202 3350 3377 3412 ἐστιν;
3404 3347 3545 3418 ὑπὲρ
3570 3346 3791 3418 ἀνθρώρ

2110 3451 2228 3487 πων
2266 3433 2479 3505 μιαρῶν
2514 3434 2609 3489 καὶ
2654 3437 3014 3507 παμμιάρων,
3051 3437 3145 3489 καὶ
3195 3434 3290 3499 οῦς
3335 3434 3460 3489 οὔτε
3497 3436 3597 3506 ζῇν
3648 3435 3786 3503 ἔδεις

2111 3520 2409 3594 πρεσϐείαν
2440 3521 2595 3592 ἥκεις
2620 3520 2882 3593 κομίζων,
2917 3522 3027 3577 τῶν
3052 3523 3353 3595 τυράννων,
3390 3522 3499 3576 τῶν
3519 3539 3787 3594 νεωτερο-

2112 3608 2281 3663 ποιῶν
2308 3609 2418 3663 τῶν
2451 3610 2630 3679 πάσης
2657 3610 2824 3676 ἀξίων
2865 3610 3168 3676 κολάσεως;
3211 3610 3372 3665 Ἀλλά
3401 3610 3580 3664 πάντα
3605 3611 3799 3666 ταῦτα·

2111 3702 2269 3771 ἀφεὶς
2292 3703 2359 3757 τά
2380 3705 2618 3774 ῥήματα,
2646 3704 2942 3774 ἀπολογίαν
2964 3704 3261 3776 συνέθηκεν
3290 3707 3559 3780 ἐντροπῆς
3584 3710 3790 3777 γέμου-

2113 3806 2210 3843 σαν
2241 3791 2332 3843 καὶ
2355 3788 2680 3862 βαρύτητος,
2720 3792 2813 3844 καὶ
2840 3791 2940 3856 τὰς
2989 3792 3184 3847 ἑαυτοῦ
3234 3794 3527 3862 κατέλεγεν
3556 3795 3790 3866 εὐεργε-

2113 3872 2266 3938 σίας,
2318 3874 2447 3938 ὅσας
2485 3874 2637 3945 παρὰ
2677 3876 2854 3929 πάντα
2882 3876 2976 3930 τὸν
3015 3876 3205 3948 καιρὸν
3242 3875 3344 3945 τῆς
3376 3876 3656 3946 βασιλείας
3680 3878 3787 3946 τὴν

2111 3960 2262 4014 πόλιν
2291 3962 2447 4031 ἡμῶν
2475 3962 2831 4033 εὐηργέτησε,
2863 3962 2957 4016 καὶ
2981 3962 3066 4031 ἐφ’
3084 3963 3298 4031 ἑκάστῳ
3325 3962 3506 4032 ἔλεγεν
3527 3974 3574 4002 ε’
3594 3962 3786 4016 Ταῦτά

2115 4064 2182 4117 με
2214 4048 2328 4101 ἀντ’
2374 4048 2596 4101 ἐκείνων
2651 4048 2845 4103 παθεῖν
2899 4049 3041 4115 ἔδει;
3093 4050 3262 4104 ποίων
3312 4050 3671 4121 ἀδικημάτων
3714 4067 3791 4120 με.

2110 4133 2315 4206 ταύτην
2361 4136 2669 4204 ἐπράξαντο
2708 4137 2898 4208 δίκην;
2934 4136 3000 4190 Τί
3051 4137 3247 4209 μικρὸν
3284 4138 3317 4210 ἢ
3351 4139 3497 4209 μέγα
3525 4136 3784 4206 ἐγκαλεῖν

2112 4221 2347 4292 ἔχοντες,
2371 4223 2473 4276 οὑκ
2504 4224 2584 4287 είς
2608 4223 2708 4294 ἐμὲ
2735 4226 2919 4294 μόνον,
2961 4224 3096 4279 ἀλλά
3127 4226 3222 4279 καὶ
3254 4227 3334 4290 είς
3364 4227 3490 4290 τοὺς
3517 4225 3785 4279 ἀπελθόν-

2114 4327 2212 4373 τας
2244 4309 2569 4381 ἐνύϐρισαν;
2599 4313 2697 4364 οὑκ
2727 4313 2885 4383 ἤρκει
2925 4312 3016 4366 τὸν
3046 4312 3219 4384 θυμὸν
3255 4313 3445 4385 στῆναι
3478 4314 3642 4384 μέχρι
3673 4312 3798 4369 τῶν

2113 4396 2369 4462 ζώντωνς
2402 4396 2515 4451 ἀλλ’
2544 4399 2593 4451 εί
2627 4398 2701 4468 μὴ
2749 4399 2842 4451 καὶ
2889 4400 3014 4463 τοὺς
3047 4399 3319 4467 ταφέντας
3368 4399 3784 4472 καθυϐρίσαιεν,

2113 4484 2264 4547 οὑδέν
2288 4485 2549 4555 ἐνόμισαν
2570 4486 2814 4539 νεανικὸν
2841 4488 3035 4543 ποιεῖν.
3080 4486 3446 4558 Ἦδικήκαμεν
3478 4488 3640 4558 ἡμεῖς
3658 4529 3672 4551 ,
3706 4486 3786 4551 ὡς

2112 4572 2266 4626 αὑτοὶ
2300 4570 2583 4643 νομίζουσι
2600 4587 2616 4605 ⁸
2645 4572 2840 4626 οὑκοῦν
2861 4572 2969 4627 τῶν
2990 4573 3197 4646 νεκρῶν
3229 4573 3516 4643 φείσασθαι
3541 4572 3648 4626 ἔδει
3672 4574 3785 4627 τῶν

2112 4655 2265 4708 οὑδέν
2291 4655 2656 4726 ἠδικηκότωνυ
2681 4656 2743 4708 οὑ
2775 4656 2884 4728 γὰρ
2913 4655 2978 4728 δὴ
3020 4657 3299 4721 κάκείνοις
3326 4656 3497 4711 ταῦτα
3523 4656 3785 4726 ἐγκαλεῖν

2114 4737 2279 4812 εἶχον.
2312 4742 2448 4813 Οὑχὶ
2477 4741 2679 4812 ταύτην
2732 4743 2951 4797 πάντων
3004 4743 3291 4819 προῦθηκα
3333 4745 3435 4818 τὴν
3479 4745 3638 4798 πόλιν
3669 4746 3793 4809 ἀεὶ,

2115 4831 2206 4884 καὶ
2250 4829 2349 4900 τῆς
2399 4829 2728 4901 ἐνεγκούσης
2760 4831 3143 4903 ποθεινοτέραν
3184 4828 3326 4887 εἶναι
3377 4832 3649 4905 ἐνόμιζον,
3686 4834 3787 4887 καὶ

2114 4916 2279 4987 εὐχῆς
2303 4933 2392 4985 μοι
2433 4916 2715 4986 διηνεκοῦς
2754 4918 2911 4990 ἔργον
2945 4915 3037 4990 ἦν,
3068 4920 3168 4991 τὴν
3202 4920 3359 4974 πόλιν
3387 4921 3603 4991 ἐκείνην
3626 4921 3793 4991 ίδεῖνν

2114 5003 2208 5057 καὶ
2236 5003 2425 5057 τοῦτον
2454 5003 2753 5077 ἐποιούμην
2783 5007 2943 5077 ὅρκον
2970 5008 3106 5077 πρὸς
3140 5007 3385 5073 πάντας;

2182 5095 2253 5158 γ’.
2270 5088 2533 5143 Ἐνταῦθα
2550 5090 2743 5163 πικρὸν
2767 5091 3071 5162 ἀνοιμώξας
3090 5095 3119 5146 6
3139 5093 3338 5163 ίερεὺς,
3361 5093 3454 5146 καὶ
3472 5094 3793 5167 Θερμότερα

2113 5175 2271 5245 ἀφεὶς
2303 5175 2533 5247 δάκρυα,
2565 5177 2747 5230 οὐκέτι
2786 5177 2970 5232 λοιπὸν
3010 5180 3198 5247 ἐσίγα·
3233 5179 3379 5251 ἐώρα
3411 5180 3522 5252 γάρ
3548 5181 3649 5252 τὴν
3683 5184 3799 5235 τοῦ·

2069 5319 2077 5327 .
2114 5261 2379 5332 βασιλέως
2410 5263 2707 5332 ἀπολογίαν
2760 5264 2984 5334 μείζονα
3019 5264 3277 5318 ποιοῦσαν
3305 5267 3403 5337 τὴν
3444 5269 3789 5340 κατηγορίαν

2109 5349 2143 5418 η
2154 5349 2296 5416 μῶν·
2320 5349 2457 5403 ἀλλά
2480 5350 2736 5429 στενάξας
2766 5351 3013 5405 κάτωθεν
3042 5352 3181 5423 βαρὺ
3214 5355 3309 5408 καὶ
3355 5356 3572 5425 πικρὸν,
3621 5357 3787 5429 Ὁμο-

2110 5433 2397 5504 λογοῦμεν,
2432 5434 2615 5503 φησὶν,
2648 5428 2693 5487 ὦ
2720 5435 2963 5503 βασιλεῦ,
3002 5438 3099 5491 καὶ
3144 5438 3243 5492 οὑκ
3293 5438 3360 5491 ἀν
3408 5428 3787 5512 ἀρνηθείημεν

2111 5517 2202 5569 τὸν
2252 5516 2429 5588 ἔρωτα
2473 5516 2680 5580 τοῦτον,
2726 5518 2783 5572 ὃν
2815 5521 2942 5591 περὶ
2985 5520 3086 5592 τὴν
3121 5523 3355 5594 πατρίδα
3388 5522 3656 5589 ἐπεδείξω
3682 5527 3797 5597 τὴν

2113 5606 2407 5677 ἡμετέραν,
2436 5607 2528 5659 καὶ
2566 5606 2655 5661 διὰ
2693 5607 2851 5662 τοῦτο
2898 5609 3133 5679 μάλιστα
3167 5611 3495 5683 θρηνοῦμεν,
3540 5614 3625 5668 ὃτι
3680 5616 3787 5687 τὴν

2115 5692 2259 5747 οὑτω
2292 5692 2620 5763 φιλουμένην
2671 5695 2976 5768 ἐϐάσκηναν
3028 5698 3313 5771 δαίμονες,
3366 5700 3460 5754 καὶ
3506 5701 3638 5774 περὶ
3688 5704 3787 5759 τὸν

2177 5792 2201 5859 (ξ
2224 5791 2368 5859 §a\’i_|_.
2395 5796 2448 5838 cl
2467 5792 2659 5859 qgidam
2682 5793 2763 5843 alii
2786 5797 2840 5843 τὸ
2859 5798 2914 5859 ,δὲ
2935 5797 3213 5859 εἰσαγαγεῖν.

2179 5854 2203 5883 ⁸
2224 5851 2373 5902 δωιι.
2402 5860 2451 5902 cl
2469 5851 2653 5915 aliquot
2671 5869 2780 5907 mss.
2803 5854 2868 5917 ἐρ’
2893 5851 3079 5921 ἑκάστη)
3100 5851 3249 5907 imbro:
3267 5854 3473 5920 ἐπέλεγε.
