3896 6230
179 300 291 356 213

179 428 376 468 verum
407 413 554 468 omni
581 413 1024 484 consanguinitati
1053 415 1149 471 Dei
1179 417 1422 473 timorem
1469 419 1780 489 prteferens,

182 506 330 562 bene
357 521 416 561 se
445 520 606 561 nosse
644 507 998 573 monstravit,
1031 506 1172 577 quod
1207 507 1346 563 sicut
1368 509 1784 579 gubernatorem

181 607 568 668 tempestates,
599 607 655 654 et
697 599 891 655 ducem
940 601 1194 669 pericula,
1223 601 1300 656 sic
1355 612 1409 657 et
1451 607 1782 659 sacerdotem

179 691 420 746 teutatio
473 691 806 760 comprobet.
849 691 1074 756 Omnes,
1108 691 1307 762 inquit,
1338 692 1405 747 ad
1461 709 1560 749 nos
1610 695 1783 761 respi-

180 781 341 835 ciunt
361 789 426 837 et
449 780 619 836 Judaei
646 790 702 836 et
731 780 902 837 Graeci
939 800 950 836 :
981 797 1050 837 ne
1081 785 1242 853 igitur
1270 784 1507 854 ipsorum
1539 785 1607 841 de
1633 787 1792 842 nobis

179 873 625 944 exspectationes
660 872 1012 938 frustremus,
1040 890 1140 930 nec
1174 884 1381 930 tantum
1413 879 1560 946 parvi
1584 877 1786 948 penda-

178 981 309 1022 mus
344 965 678 1038 naufragium
703 1008 718 1033 ,
749 966 843 1021 sed
878 976 1060 1021 nostra
1090 967 1201 1022 Deo
1226 969 1545 1024 mandantes
1572 971 1783 1036 ontnia,

179 1059 364 1126 ipsam
415 1059 647 1114 animam
699 1059 989 1113 tradamus.
1047 1058 1114 1113 Et
1168 1060 1449 1116 considera
1519 1061 1788 1130 pontificis

180 1151 712 1223 magnanimitatem,
745 1161 800 1206 et
831 1151 924 1206 Dei
965 1151 1348 1221 benignitatem
1379 1168 1394 1217 ;
1425 1153 1674 1207 omnibus
1703 1153 1786 1208 his

180 1259 314 1313 qua:
343 1244 590 1314 despexit
611 1244 813 1314 potitus
841 1253 923 1299 cst
949 1284 966 1309 ,
999 1252 1056 1298 ιιι
1084 1254 1140 1299 ει
1180 1244 1475 1300 alacritatis
1507 1247 1784 1315 prazmium

180 1344 439 1405 caperet,
469 1346 524 1390 et
547 1335 798 1406 potiendo
821 1344 1017 1406 ριιειτιει·
1039 1337 1495 1406 exSpectationem
1525 1339 1785 1406 majorem

181 1440 574 1500 assequeretur
619 1431 969 1499 voluptatem.
1041 1430 1220 1500 Elegit
1273 1431 1668 1486 solemnitatem
1732 1433 1787 1486 in

182 1521 366 1576 aliena
390 1532 529 1576 terra
551 1565 565 1587 ,
605 1531 660 1577 et
690 1523 881 1591 procul
910 1539 938 1576 a
970 1524 1080 1578 suis
1120 1532 1342 1594 propter
1367 1525 1604 1578 civitatis
1639 1525 1785 1578 salu-

183 1623 304 1670 tem
335 1613 608 1667 celebrare
632 1630 646 1676 ;
679 1613 820 1668 Deus
847 1621 1024 1668 autem
1052 1599 1176 1667 ante
1200 1615 1402 1670 Pascha
1429 1617 1600 1685 ipsum
1631 1614 1786 1668 nobis

182 1705 441 1766 reddidit,
472 1712 528 1757 ut
555 1719 894 1758 communem
923 1704 1197 1759 nobiscum
1236 1705 1632 1760 solemnitatem
1661 1720 1787 1773 age-

181 1806 315 1862 ret,
351 1808 409 1851 ut
453 1804 508 1850 et
555 1797 811 1866 pr0positi
860 1797 1165 1851 mercedem
1218 1797 1471 1863 haberet;
1498 1805 1554 1852 et
1595 1797 1784 1866 majori

184 1887 387 1941 Izetitia
433 1885 719 1940 frueretur.
753 1885 869 1939 Non
919 1887 1092 1940 timuit
1143 1888 1268 1940 anni
1321 1895 1566 1956 tempus,
1599 1896 1652 1941 et
1693 1903 1786 1955 per

183 1987 363 2033 totum
390 1977 834 2048 peregrinationis
858 1986 1066 2046 tempus
1091 1987 1250 2032 testas
1281 1977 1412 2032 fuit:
1444 1995 1548 2033 non
1572 1980 1782 2033 curavit

188 2077 431 2134 :rtatem,
471 2077 526 2122 et
571 2078 844 2138 tamquam
885 2069 1100 2138 juvenis
1148 2078 1203 2124 et
1244 2070 1447 2140 vigens,
1492 2070 1570 2124 sic
1620 2079 1784 2126 totam

186 2161 334 2217 hanc
361 2163 498 2216 viam
521 2162 672 2217 facile
700 2163 1000 2232 percurrit:
1031 2164 1234 2217 sororis
1262 2171 1488 2218 mortem
1510 2179 1615 2218 non
1641 2164 1785 2233 cogi-

189 2257 348 2321 tavit,
382 2270 482 2311 nec
503 2256 682 2310 carnis
709 2255 992 2311 aifeetione
1031 2257 1204 2311 victus
1239 2267 1319 2312 est
1356 2275 1369 2310 :
1403 2267 1458 2312 et
1505 2272 1783 2328 regressus

184 2350 464 2404 viventem
488 2349 661 2419 ipsam
691 2348 1068 2420 deprehendit,
1091 2359 1143 2404 et
1169 2351 1348 2405 omnia
1371 2367 1489 2422 qua:
1511 2352 1780 2423 despexit,

181 2451 513 2512 asseqnutus
537 2451 638 2497 est.

260 2535 318 2588 2.
359 2533 424 2588 Ει
451 2533 684 2604 pontifex
711 2533 927 2604 quidem
977 2533 1048 2588 ita
1097 2535 1439 2605 splendorem
1467 2545 1520 2591 ct
1549 2537 1776 2592 celebri-

191 2632 360 2680 tatem
405 2640 525 2680 cum
570 2624 710 2694 apud
755 2625 943 2694 Deum,
978 2633 1087 2681 tum
1121 2627 1258 2696 apud
1303 2629 1545 2684 homines
1588 2645 1778 2684 conse-

179 2728 389 2790 quutus
419 2728 538 2784 est;
572 2718 955 2789 Imperatorem
1003 2736 1132 2774 vero
1173 2723 1440 2791 negotium
1489 2721 1590 2776 hoc
1636 2721 1782 2776 omni

181 2811 488 2867 diademate
511 2811 841 2882 splendidius
860 2814 1087 2867 ornavit.
1121 2813 1355 2869 Primum
1379 2815 1611 2884 quidem,
1636 2816 1782 2886 quod

184 2913 303 2958 tum
335 2904 506 2973 palam
552 2903 745 2958 factum
777 2912 881 2971 est,
909 2919 1030 2959 eum
1057 2920 1176 2974 quae
1217 2907 1346 2960 nulli
1387 2907 1538 2961 alteri
1583 2922 1781 2963 conce-

177 2995 376 3064 deret,
409 2996 526 3051 haec
555 2997 920 3052 sacerdotibus
944 2997 1364 3053 condonaturnm
1388 3015 1507 3054 esse
1527 3019 1540 3054 :
1563 3001 1777 3066 deinde,

180 3103 310 3142 cum
337 3088 499 3142 multa
551 3088 826 3143 celeritate
875 3090 1100 3158 gratiam
1149 3089 1380 3156 dedisse,
1409 3100 1460 3145 et
1497 3091 1651 3146 irasci
1683 3091 1780 3147 de-

176 3182 366 3237 siisse.
395 3181 499 3237 Sed
529 3190 583 3236 ut
612 3182 946 3238 manifestius
973 3192 1028 3238 et
1047 3182 1390 3252 Imperatoris
1421 3185 1775 3255 magnanimi-

177 3281 373 3338 tatem,
399 3281 452 3327 et
479 3273 772 3328 sacerdotis
797 3274 1111 3344 sapientiam
1135 3317 1149 3340 ,
1181 3283 1234 3328 et
1263 3285 1386 3330 ante
1411 3275 1527 3330 hmo
1556 3287 1780 3347 utraque

179 3363 281 3418 Dei
305 3363 522 3419 discatis
553 3363 955 3434 benignitatem,
980 3365 1102 3420 date
1127 3365 1257 3420 mihi
1281 3375 1344 3420 ut
1360 3380 1526 3436 pauca
1555 3383 1618 3421 ex
1649 3382 1778 3423 con-

173 3458 343 3512 cionc
368 3457 474 3513 illic
501 3457 677 3512 habita
707 3457 858 3513 vobis
882 3473 1167 3528 exponam.

257 3549 494 3605 Flaviani
514 3549 777 3604 modestia.
806 3578 880 3591 -—
915 3550 1092 3606 Dicam
1119 3558 1295 3605 autem
1341 3566 1459 3621 qua:
1488 3567 1518 3606 a
1547 3551 1778 3622 quodam

172 3659 396 3710 eorum,
422 3643 512 3714 qui
560 3643 702 3698 intus
745 3641 1102 3707 adstiterant,
1147 3641 1308 3698 didici
1343 3661 1356 3697 :
1389 3651 1541 3714 pater
1587 3657 1779 3715 nempe

178 3735 344 3800 nihil,
372 3749 543 3804 neque
573 3747 793 3803 parvum
825 3748 997 3802 neque
1026 3748 1296 3803 magnum,
1328 3735 1482 3789 nobis
1503 3733 1658 3801 dixit,
1681 3735 1778 3789 sed

179 3826 339 3881 Pauli
368 3840 581 3894 semper
605 3823 1094 3894 magnanimitatem
1126 3823 1364 3888 imitans,
1399 3824 1612 3894 propria
1639 3825 1780 3879 celat

179 3919 400 3984 merita,
433 3925 487 3973 et
521 3916 758 3986 undique
807 3916 1259 3986 interrogantibus
1285 3916 1411 3987 quid
1458 3915 1778 3986 Imperatori

177 4011 403 4075 dixerit,
430 4018 485 4064 et
520 4009 790 4079 quomodo
819 4008 1167 4079 persuaserit,
1212 4017 1265 4062 et
1293 4008 1566 4077 quomodo
1608 4007 1776 4077 ipsius

176 4117 402 4157 omnem
444 4100 734 4155 excluserit
761 4099 916 4166 iram,
947 4099 1063 4154 hzec
1094 4099 1256 4155 verba
1285 4098 1554 4154 referebat
1585 4117 1598 4152 :
1631 4098 1774 4154 Nihil

179 4207 286 4250 nos
310 4193 376 4248 ad
407 4208 520 4246 rem
551 4191 894 4258 contulimus,
927 4189 1023 4245 sed
1053 4191 1166 4262 ipse
1190 4189 1506 4260 Imperator,
1546 4189 1776 4245 leniente

176 4286 297 4340 Deo
323 4299 419 4340 cor
444 4284 632 4352 ipsius,
662 4290 716 4337 et
741 4290 867 4336 ante
890 4281 1053 4336 verba
1101 4291 1282 4336 nostra
1325 4295 1542 4336 omnem
1569 4279 1777 4336 remisit

175 4379 317 4432 iram
341 4374 600 4444 solvitque
623 4372 856 4428 furorem
896 4380 988 4428 :et
1017 4371 1085 4426 de
1113 4371 1282 4442 gestis
1316 4370 1608 4435 disserens,
1642 4379 1777 4424 tam-

172 4481 342 4537 quam
366 4465 470 4520 alio
495 4463 815 4520 contumelia
839 4462 1051 4530 aﬂ’eeto,
1080 4463 1152 4517 ita
1178 4472 1370 4518 cuncta
1399 4478 1520 4532 qua:
1557 4462 1772 4518 accide-

171 4567 309 4615 runt
333 4559 448 4614 sine
474 4557 552 4612 ira
579 4555 1059 4612 commemorabat.
1097 4554 1202 4610 Sed
1229 4569 1350 4624 quae
1375 4555 1571 4610 celavit
1593 4554 1681 4610 hic
1707 4569 1775 4609 ex

173 4649 505 4712 humilitate,
534 4647 651 4702 lucc
682 4648 825 4703 Deus
860 4647 914 4702 in
944 4645 1179 4702 medium
1211 4646 1452 4717 protulit.
1483 4645 1613 4713 Qua:
1641 4659 1771 4701 vero

168 4749 306 4795 sunt
328 4738 482 4794 lucc?
509 4738 678 4793 Paulo
719 4739 968 4809 superius
995 4751 1298 4794 sermonem
1339 4746 1586 4808 repetens
1622 4736 1773 4792 vobis

168 4830 432 4886 referam.
453 4829 739 4900 Postquam
765 4829 907 4884 enim
934 4844 998 4884 ex
1021 4829 1154 4884 urbe
1177 4842 1423 4899 egressus
1451 4838 1553 4894 est,
1583 4841 1772 4883 omnes

166 4923 226 4976 in
243 4930 390 4976 tanta
416 4920 718 4992 relinquens
733 4920 967 4988 tristitia,
985 4920 1152 4974 multo
1175 4919 1418 4990 graviora
1449 4919 1766 4990 patiebatur,

160 5028 335 5084 quant
362 5014 452 5083 qui
482 5014 532 5068 in
563 5014 692 5082 ipsis
728 5021 884 5068 erant
911 5012 1192 5069 molestiis.
1226 5013 1462 5068 Primum
1493 5027 1686 5082 nempe
1717 5012 1768 5069 in

161 5108 255 5160 via
288 5105 467 5161 media
493 5106 819 5163 conveniens
858 5121 974 5174 eos,
1004 5107 1094 5177 qui
1129 5106 1194 5161 ad
1232 5114 1502 5176 gestorum
1541 5121 1768 5161 examen

164 5199 243 5253 ab
267 5197 597 5266 Imperatore
616 5197 764 5252 missi
785 5205 958 5262 erant,
983 5197 1128 5252 etab
1154 5197 1258 5252 illis
1283 5197 1488 5261 doctus,
1511 5213 1766 5267 quorsum

159 5297 356 5346 essent
385 5288 560 5356 missi,
608 5298 665 5345 et
691 5288 830 5344 mala
860 5289 1130 5344 civitatem
1171 5289 1441 5356 invasura,
1487 5289 1764 5355 tumultus,

1184 303 1276 358 AD
1313 304 1636 364 POPULUM
1672 305 2164 366 ANTIOCHENUM
2229 308 2458 365 IIOMIL.
2503 309 2640 364 XXI.

3373 319 3481 374 2N

1893 433 2098 482 tantum
2124 441 2221 482 nos
2269 427 2516 484 invasura
2548 426 2858 497 deplorans,
2895 429 2991 486 sed
3027 439 3083 487 et
3128 435 3272 502 quod
3328 440 3485 495 nobis

1894 515 2010 571 [nec
2035 517 2358 586 patientibus
2397 520 2580 589 procul
2611 521 2858 590 abesset;
2891 538 3078 580 verum
3129 533 3184 582 et
3229 525 3335 584 hoc
3385 545 3483 601 pro

1895 618 2078 662 nostra
2108 609 2284 664 salute
2307 608 2502 665 factum
2533 621 2634 667 est.
2666 612 2733 668 Ut
2779 613 2895 669 ham
2937 617 3079 670 enim
3109 618 3177 674 ab
3204 617 3311 673 illis
3348 620 3487 675 didi-

1891 700 1986 768 cit,
2018 702 2298 758 calidiores
2343 703 2696 777 lacrymatum
2743 707 2918 764 fontes
2947 711 3242 776 emittebat,
3279 720 3479 767 etcum

1894 793 2087 860 majori
2116 794 2506 864 supplicatione
2533 796 2602 851 ad
2623 798 2787 853 Deum
2810 799 3165 870 confugiebat,
3201 812 3256 856 et
3297 812 3486 860 noctes

1893 885 2166 941 insomnes
2193 887 2422 943 ducebat
2451 890 2773 960 supplicans,
2799 900 2857 946 ut
2881 891 2996 947 bzec
3018 895 3235 962 patienti
3267 909 3491 950 succut-

1894 989 2036 1033 reret
2053 979 2275 1046 civitati,
2306 990 2360 1036 et
2387 989 2445 1036 ut
2467 981 2813 1052 Imperatoris
2843 995 3074 1040 mentem
3105 987 3357 1042 redderet
3380 989 3484 1042 mi-

1895 1070 2106 1123 tiorem.
2142 1069 2212 1125 Ut
2244 1087 2372 1127 vero
2399 1087 2648 1143 magnam
2671 1075 2938 1130 civitatem
2985 1077 3131 1132 illam
3155 1077 3398 1134 ascendit
3433 1089 3491 1133 et

1892 1160 2065 1230 regias
2093 1161 2366 1230 ingressus
2389 1173 2471 1218 est
2486 1164 2654 1229 aulas,
2691 1167 2876 1236 procul
2902 1167 3228 1237 Imperatore
3249 1170 3488 1224 constitit

1890 1263 2091 1320 mutus,
2123 1254 2446 1324 Iaerymans,
2470 1256 2720 1312 deorsum
2748 1259 3051 1325 inclinatus,
3081 1261 3318 1329 latitans,
3343 1271 3482 1316 tam-

1892 1360 2048 1413 quam
2073 1345 2186 1414 ipse
2206 1355 2347 1400 esset
2376 1348 2466 1416 qui
2494 1349 2673 1402 omnia
2706 1350 2794 1403 illa
2820 1360 3101 1418 pati-asset.
3147 1353 3258 1406 Iloc
3302 1363 3481 1407 autem

1893 1435 2136 1500 faciebat,
2163 1434 2363 1499 habitu,
2391 1447 2628 1507 aspectu,
2659 1439 2885 1494 luctibus
2936 1441 3082 1510 prius
3134 1457 3352 1498 movere
3390 1458 3485 1495 vo-

1892 1524 2008 1579 lens
2036 1525 2208 1594 ipsum
2238 1526 2304 1580 ad
2345 1528 2792 1596 misericordiam,
2849 1540 2904 1585 et
2952 1540 3060 1585 tum
3115 1531 3484 1588 defensionem

1891 1632 1987 1686 pro
2007 1617 2440 1688 nobisincipere.
2481 1619 2606 1675 Sola
2650 1635 2879 1691 namque
2926 1623 3271 1691 peccantibus
3315 1623 3485 1678 relin-

1890 1708 2069 1776 quitur
2095 1709 2265 1773 venia,
2299 1717 2475 1764 tacere
2497 1720 2551 1764 ει
2583 1711 2713 1764 nihil
2738 1727 2834 1781 pro
2873 1713 3037 1782 gestis
3063 1713 3227 1783 loqui.
3258 1712 3484 1768 Volebat

1889 1800 2032 1854 enim
2065 1799 2312 1854 allectum
2359 1801 2500 1855 hunc
2543 1803 2757 1872 quidem
2789 1803 3003 1873 ejicere,
3037 1805 3188 1859 illum
3217 1821 3344 1860 vero
3393 1807 3478 1859 in-

1889 1891 2172 1946 troducere
2201 1909 2215 1944 :
2249 1892 2445 1961 ejicere
2465 1894 2661 1963 quippe
2690 1895 2846 1961 iram,
2881 1896 3149 1949 tristitiam
3197 1906 3372 1952 autem
3404 1900 3486 1951 in-

1890 1981 2192 2048 troduccre,
2221 1992 2278 2037 ut
2307 1983 2376 2036 ita
2395 1985 2532 2038 viam
2559 1995 2884 2056 prmpararet
2905 1985 3234 2042 defensionis
3263 1989 3438 2043 verbis
3469 2007 3482 2042 :

1888 2075 2030 2142 quod
2056 2075 2268 2143 quidem
2294 2085 2348 2131 et
2375 2076 2568 2131 factum
2597 2087 2701 2132 est.
2731 2077 2798 2132 Et
2846 2079 2983 2133 sicut
3014 2079 3189 2134 Moses
3233 2081 3283 2134 in
3325 2097 3482 2136 mon-

1889 2173 1998 2220 tem
2025 2165 2342 2231 ascendens,
2375 2168 2570 2236 populo
2619 2168 2790 2237 lapso,
2847 2179 3023 2222 mutus
3062 2171 3176 2239 ipse
3221 2171 3483 2236 constitit,

1888 2259 2060 2314 donec
2084 2259 2254 2327 ipsum
2303 2260 2441 2314 Deus
2469 2260 2779 2328 provocavit
2805 2261 3028 2315 dicens:
3063 2260 3268 2316 Dimitte
3299 2279 3397 2328 me,
3435 2271 3483 2316 et

1888 2350 2062 2404 delebo
2093 2353 2337 2421 populant
2367 2350 2712 2425 hunc(Ea:od.
2737 2351 2823 2407 52.
2864 2352 2955 2422 10)
2991 2371 3004 2407 :
3039 2353 3107 2407 ita
3136 2363 3189 2408 et
3219 2353 3303 2408 hic
3337 2353 3481 2408 fecit.

1959 2439 2231 2496 Theodosii
2279 2441 2348 2494 ad
2393 2441 2699 2498 Flavianum
2746 2445 2912 2498 verba.
2963 2476 3032 2485 —
3079 2445 3253 2514 Ipsum
3307 2446 3484 2516 itaque

1889 2532 2184 2601 Imperator
2211 2536 2548 2604 conspicatus
2589 2536 2858 2606 Ingentem
2901 2546 2954 2591 et
2982 2537 3231 2591 deorsum
3262 2537 3482 2591 inclina-

1890 2635 2022 2692 tum,
2050 2628 2275 2682 accessit
2306 2629 2440 2697 ipse,
2474 2629 2683 2698 etquod
2709 2630 3008 2698 patiebatur
3034 2641 3252 2699 propter
3299 2645 3483 2685 sacer-

1887 2719 2028 2775 dotis
2055 2719 2333 2790 lacrymas,
2362 2719 2462 2774 hoc
2490 2721 2668 2776 verbis
2694 2721 2758 2775 ad
2781 2723 2951 2791 ipsum
2984 2721 3200 2776 directis
3226 2721 3482 2796 ostendit.

1886 2811 2002 2866 Non
2031 2813 2174 2867 enim
2201 2811 2523 2884 indignantis
2547 2829 2648 2868 nec
2674 2813 2968 2877 irascentis,
2998 2813 3088 2868 sed
3120 2813 3398 2868 mcerentis
3423 2821 3478 2867 et

1886 2903 2072 2958 dolore
2095 2904 2264 2973 magis
2290 2903 2493 2960 detenti
2529 2921 2542 2956 :
2575 2914 2627 2960 et
2651 2905 2791 2974 quod
2827 2905 2929 2959 hoc
2982 2905 3051 2960 sit
3098 2921 3306 2968 verum,
3363 2906 3476 2974 ipsa

1886 2995 2159 3050 audientes
2184 2995 2346 3050 verba
2375 2997 2572 3050 scietis.
2628 2997 2743 3051 Non
2786 2997 2926 3051 enim
2977 2997 3148 3052 dixit:
3197 2997 3333 3065 Quid
3361 3005 3480 3050 tan-

1885 3086 2006 3141 dem
2039 3086 2140 3140 hoc
2167 3094 2250 3140 est
2275 3086 2298 3140 ?
2327 3101 2425 3156 pro
2451 3087 2755 3142 hominibus
2781 3089 3021 3143 scelestis
3069 3099 3122 3142 et
3171 3089 3478 3144 secleratis~

1884 3180 2053 3245 simis,
2078 3192 2129 3235 et
2157 3195 2291 3250 quos
2337 3196 2438 3236 nec
2481 3182 2715 3253 oportuit
2747 3181 2948 3248 vivere,
2977 3183 3124 3236 venis
3158 3183 3478 3252 legationem

1885 3273 2093 3340 obiens,
2125 3273 2387 3344 tyrannis,
2419 3274 2786 3340 novatoribus,
2817 3273 2962 3327 omni
2990 3273 3252 3342 supplicio
3277 3273 3478 3342 dignis?

1883 3362 1990 3419 Sed
2020 3363 2134 3418 haec
2157 3363 2335 3417 omnia
2365 3363 2639 3418 dimittens
2664 3363 2860 3428 verba,
2917 3363 3284 3418 defensionem
3333 3377 3480 3417 com-

1884 3454 2379 3526 posuitrevercntia
2411 3455 2619 3524 plenam
2647 3466 2700 3510 et
2721 3455 3000 3525 gravitate.
3029 3461 3082 3508 et
3110 3470 3138 3508 a
3182 3468 3240 3508 se
3289 3453 3479 3509 collata

1883 3548 2339 3603 commemorabat
2388 3547 2666 3613 beneficia,
2714 3548 2906 3617 quibus
2948 3561 3046 3617 per
3103 3561 3264 3602 omne
3329 3547 3478 3616 regni

1886 3648 2094 3709 tempus
2118 3639 2387 3708 civitatem
2416 3649 2652 3695 nostram
2681 3649 3032 3710 prosequutus
3060 3646 3161 3704 est,
3199 3646 3253 3692 et
3279 3637 3344 3692 ad
3372 3639 3482 3693 sin-

1883 3732 2003 3801 gula
2035 3731 2149 3787 haec
2171 3732 2445 3802 repetebat
2471 3748 2484 3784 :
2525 3732 2772 3786 Ilmceiue
2795 3746 2881 3786 me
2908 3745 3006 3800 pro
3029 3730 3132 3784 illis
3175 3729 3280 3799 pati
3321 3744 3481 3800 Opor-

1883 3822 1984 3876 tuit
2003 3823 2026 3877 ?
2047 3838 2272 3894 quarum
2299 3839 2329 3878 a
2355 3839 2442 3879 me
2471 3822 2784 3893 iujuriarum
2817 3826 2912 3876 has
2937 3837 3122 3892 ptenas
3144 3820 3480 3890 exegerunt?

1883 3913 2008 3982 quid
2036 3929 2275 3983 parvum,
2308 3914 2501 3984 quidve
2523 3930 2770 3984 maguum
2801 3911 3161 3967 accusandum
3191 3911 3473 3977 habentes,

1881 4018 1989 4059 non
2008 4020 2094 4058 me
2124 4005 2318 4072 solum,
2346 4020 2530 4059 verum
2554 4013 2608 4060 et
2631 4003 2915 4059 defunctos
2959 4002 3298 4057 contumeliis
3336 4001 3472 4055 affe-

1882 4094 2116 4149 cerunt?
2140 4109 2316 4149 annon
2341 4095 2470 4150 satis
2500 4104 2617 4148 erat
2655 4095 2706 4148 in
2756 4093 2894 4147 vivis
2950 4093 3184 4146 furorem
3231 4091 3425 4146 satiare
3449 4089 3476 4144 τ

1881 4184 1978 4240 sed
2029 4186 2131 4240 nisi
2185 4187 2422 4256 sepultos
2461 4202 2673 4256 quoque
2715 4185 3100 4240 contumeliose
3152 4191 3472 4250 tractarent,

1881 4275 1959 4329 nil
1989 4291 2238 4347 magnum
2281 4277 2458 4333 facere
2503 4285 2772 4347 putarunt.
2828 4274 2994 4344 Iniqui
3049 4273 3308 4328 fuerimus
3353 4287 3472 4338 nos,

1882 4374 1940 4420 ut
1963 4366 2062 4436 ipsi
2092 4367 2500 4437 putantzigitur
2545 4367 2768 4420 mortuis
2820 4379 3059 4434 parcere,
3117 4363 3205 4434 qui
3266 4363 3465 4418 nullam

1881 4457 2179 4514 intulerunt
2205 4459 2476 4527 injuriam,
2502 4458 2780 4528 Oportebat
2814 4475 2826 4510 :
2857 4472 2961 4510 nou
2985 4453 3127 4511 enim
3149 4463 3204 4510 ct
3233 4455 3336 4508 illis
3359 4454 3474 4508 lure

1882 4550 2146 4621 imputare
2186 4551 2458 4606 valebant.
2532 4550 2720 4605 Nonne
2768 4564 2982 4619 semper
3033 4547 3171 4602 hanc
3224 4546 3473 4602 omnibus

1879 4643 2145 4713 pr:eposui
2167 4643 2465 4709 civitatem,
2494 4654 2548 4696 et
2587 4641 2757 4711 patria
2807 4638 3300 4696 desiderabiliorem
3352 4652 3473 4692 esse

1880 4735 2132 4805 putabam
2160 4753 2172 4788 :
2196 4743 2248 4789 et
2270 4743 2450 4788 votum
2482 4733 2611 4788 mihi
2639 4733 2955 4804 continuum,
2973 4741 3088 4786 erat
3110 4732 3295 4785 urbem
3325 4729 3471 4784 illam

1878 4836 2142 4896 spectare,
2175 4836 2230 4882 et
2261 4829 2364 4883 hoc
2392 4827 2533 4897 apud
2565 4842 2754 4882 omnes
2778 4826 3037 4881 faciebam
3063 4825 3426 4894 juramentum
3447 4823 3473 4877 ?

1956 4921 2010 4975 5.
2043 4920 2282 4978 Flaviani
2324 4921 2392 4976 ad
2418 4920 2782 4989 Imperatorem
2801 4919 2962 4972 oratio
2991 4934 3082 4987 pro
3122 4914 3468 4970 Antiocltenis.

1874 5049 1946 5060 —
1962 5017 2060 5072 llic
2080 5029 2260 5071 amare
2282 5014 2557 5083 ingemens
2573 5010 2834 5082 pontifex,
2855 5018 2910 5066 et
2933 5008 3283 5064 ferventiores
3307 5007 3469 5063 emit-

1875 5120 1996 5167 tens
2044 5110 2330 5180 lacrymas,
2381 5122 2489 5160 non
2534 5105 2762 5176 amplius
2807 5105 3014 5160 tacuit:
3064 5102 3278 5157 videbat
3325 5101 3467 5154 enim

1874 5201 2219 5273 Imperatoris
2263 5199 2631 5255 defensionem
2659 5199 2868 5270 culpam
2919 5199 3178 5268 majorem
3229 5205 3468 5250 nostram

1873 5295 2049 5350 facere
2073 5311 2087 5361 ;
2113 5293 2207 5349 sed
2243 5294 2478 5364 graviter
2504 5300 2558 5346 et
2585 5307 2767 5346 amare
2811 5290 2878 5345 de
2911 5288 3174 5360 profundo
3221 5298 3463 5357 gemens,

159 5381 527 5448 turbationes,
563 5381 762 5452 fugam,
811 5382 1080 5449 timorem,
1131 5381 1478 5449 anxietatem,
1529 5381 1833 5474 periculro
1873 5386 2226 5454 conﬁtemur,
2255 5385 2448 5456 inquit,
2478 5384 2795 5454 Imperator,
2820 5395 2920 5437 nec
2946 5395 3144 5450 negare
3174 5389 3460 5449 possumus

157 5475 434 5547 cogitans,
466 5473 827 5545 Iacrymarum
868 5477 1044 5530 fontes
1072 5475 1371 5541 emittebat,
1404 5489 1526 5530 cum
1559 5475 1765 5529 viscera

159 5570 270 5642 ipsi
304 5568 743 5625 dissecarentur:
771 5568 1010 5639 patribus
1033 5569 1176 5624 enim
1207 5583 1324 5624 mos
1348 5576 1432 5623 est
1455 5567 1622 5623 multo
1652 5582 1765 5622 ma-

155 5663 244 5734 gis
273 5660 485 5728 dolerc,
515 5675 637 5715 cum
659 5659 779 5716 filiis
805 5660 917 5716 suis
941 5659 1080 5716 male
1095 5660 1419 5717 habentibus
1447 5674 1547 5716 nec
1573 5659 1764 5715 adesse

156 5755 372 5828 possint
400 5772 411 5808 :
446 5751 590 5824 quod
634 5761 688 5808 ct
715 5753 983 5822 piissimus
1014 5751 1100 5810 hic
1128 5768 1316 5824 passus
1357 5761 1460 5822 est,
1491 5768 1596 5809 non
1623 5753 1759 5808 mala

1871 5493 2106 5533 amorem
2139 5477 2297 5533 istum
2346 5491 2505 5547 quem
2533 5491 2658 5547 erga
2688 5474 2913 5546 patriam
2961 5481 3202 5527 nostram
3232 5469 3461 5524 demon-

1870 5569 2072 5637 atrasti,
2100 5576 2155 5624 et
2172 5567 2294 5623 ideo
2313 5568 2545 5622 maxime
2585 5566 2848 5637 lugemus,
2887 5561 3136 5633 quoniam
3165 5560 3242 5615 sic
3269 5568 3462 5614 amate

1871 5659 2143 5716 daemones
2164 5659 2489 5724 inviderunt,
2514 5665 2568 5712 et
2593 5671 2717 5728 erga
2739 5653 3132 5711 benefactorem
3155 5653 3343 5724 ingrati
3368 5667 3459 5705 su-

1876 5769 1995 5808 mus
2025 5753 2142 5820 visi,
2185 5769 2246 5807 ae
2275 5764 2617 5820 summopere
2657 5763 2753 5804 nos
2795 5755 3060 5802 amantem
3107 5745 3450 5801 exacerbavi-
