3894 6226
386 336 490 394 Illi

394 464 533 505 mus.
565 445 690 502 Sive
714 444 915 508 diruas,
938 440 1058 497 sive
1107 436 1377 500 incendas,
1409 434 1520 489 sive
1573 429 1807 494 occidas,
1858 439 1971 480 srve

399 538 770 609 quodcumque
805 532 946 589 aliud
974 527 1396 599 facias,nondum
1447 525 1660 595 dignam
1700 521 1767 576 de
1821 518 1976 574 nobis

391 646 613 701 poenam
640 626 920 696 exegeris:
951 638 1073 678 nam
1104 636 1200 675 nos
1231 621 1374 690 ipsos
1396 616 1784 688 przevenientes
1811 611 1972 667 innu-

403 726 567 777 meris
591 719 850 775 mortibus
879 715 1125 770 miserius
1153 710 1450 766 affecimus.
1481 706 1619 776 Quid
1648 704 1792 761 enim
1825 715 1977 756 ama-

405 814 518 867 rius
533 825 652 866 esse
679 808 865 878 possit,
897 820 1054 875 quam
1083 818 1202 857 cum
1230 799 1626 855 benefactorem
1654 803 1709 851 et
1729 795 1807 849 sic
1857 792 1982 847 dili-

402 911 619 971 gentem
668 899 862 969 injuste
898 894 1278 952 exacerbantes
1307 904 1678 961 appareamus,
1717 894 1773 941 et
1809 884 1985 939 omnis

404 993 508 1047 ltnc
525 990 752 1045 mundus
774 989 963 1052 discat,
991 995 1046 1042 et
1071 1000 1170 1040 nos
1197 993 1255 1039 ut
1279 981 1566 1038 admodum
1596 980 1828 1048 ingratos
1847 990 1981 1030 con-

400 1079 661 1135 demnet?
689 1079 745 1134 Si
774 1078 981 1133 barbari
1023 1076 1292 1130 civitatem
1337 1079 1573 1127 nostram
1622 1070 1986 1127 incursantes,

408 1169 607 1226 mania
635 1168 941 1233 diruissent,
971 1174 1027 1221 et
1055 1164 1413 1220 incendissent
1438 1160 1646 1220 domos,
1673 1167 1727 1212 et
1750 1153 1991 1211 abductis

413 1260 634 1329 captivis
659 1260 942 1322 abiissent,
974 1258 1148 1310 minus
1169 1264 1284 1310 erat
1315 1253 1533 1307 malum.
1561 1252 1735 1317 Quare
1778 1247 1990 1302 tandem

410 1349 524 1403 ita!
552 1348 812 1417 Quoniam
850 1357 901 1403 te
924 1349 1129 1400 vivente
1158 1356 1212 1399 et
1251 1353 1446 1397 tantam
1475 1342 1527 1394 in
1556 1355 1654 1395 nos
1674 1337 1995 1393 benevolen-

418 1438 543 1493 tiam
571 1438 854 1492 exhibente
875 1478 890 1501 ,
921 1451 1043 1506 spes
1075 1443 1191 1490 erat
1216 1434 1300 1487 illa
1330 1442 1520 1487 cuneta
1555 1430 1735 1500 gravia
1762 1428 1995 1482 solutum

412 1528 481 1582 iri
502 1568 516 1591 .
542 1538 595 1582 et
621 1542 717 1582 nos
755 1528 947 1581 iterum
977 1525 1044 1579 ad
1083 1526 1312 1592 priorem
1351 1521 1575 1575 formam
1609 1519 1874 1573 redituros
1897 1558 1912 1582 ,
1944 1524 1999 1570 et

418 1618 698 1672 clariorem
739 1626 1044 1686 recepturos
1073 1616 1401 1676 libertatem;
1426 1625 1567 1664 nunc
1585 1620 1794 1675 autem,
1826 1608 1998 1661 ablata

419 1707 791 1762 benevolentia
833 1717 951 1772 tua,
999 1717 1054 1761 et
1101 1704 1299 1759 amoris
1337 1702 1546 1757 vinculo
1588 1700 1820 1764 violato,
1862 1697 2002 1767 quod

426 1797 574 1852 omni
604 1813 755 1851 muro
784 1797 934 1851 nobis
959 1804 1073 1851 erat
1102 1796 1262 1849 tutius
1281 1835 1295 1860 ,
1324 1792 1390 1847 ad
1417 1807 1573 1861 quem
1593 1790 1702 1859 jam
1730 1788 2001 1858 confugie-

428 1890 579 1944 mns?
599 1904 703 1959 quo
729 1889 1020 1958 poterimus
1042 1888 1145 1941 alio
1173 1887 1457 1956 respicere,
1492 1894 1597 1938 tam
1622 1883 1762 1937 dulci
1790 1881 2007 1935 domino

426 1990 486 2035 et
507 1981 645 2035 facili
666 1981 981 2035 exacerbato
1009 1978 1190 2048 patre?
1220 1978 1397 2047 ltaqne
1429 1975 1672 2030 videntur
1691 1972 1907 2044 quidem
1931 1973 2011 2025 in-

432 2072 727 2128 tolerabilia
759 2070 965 2135 fecisse,
988 2071 1079 2125 sed
1105 2070 1242 2138 passi
1275 2076 1397 2123 sunt
1416 2068 1651 2122 omnium
1674 2065 2008 2135 gravissima,

430 2164 500 2218 ad
532 2164 734 2217 nullum
779 2163 1047 2216 hominem
1079 2160 1333 2214 audentes
1374 2160 1669 2227 reSpicerc,
1703 2172 1800 2212 nec
1840 2156 2013 2226 ipsum

431 2263 679 2324 spectare
722 2253 888 2308 solem
920 2252 1100 2306 liberis
1127 2251 1363 2304 valentes
1384 2250 1580 2313 oculis,
1612 2248 1811 2318 pudore
1853 2248 2013 2301 undi-
2046 2254 2051 2259 '

438 2361 542 2416 que
583 2346 860 2416 palpebras
894 2347 1241 2399 contrahente
1281 2350 1336 2397 et
1359 2343 1609 2397 occultari
1648 2351 1870 2412 cogente
1902 2359 1915 2395 :
1949 2341 2015 2394 li-

436 2438 645 2494 bertate
673 2438 801 2508 ipsis
821 2438 1026 2503 ablata,
1060 2438 1279 2506 captivis
1312 2438 1557 2491 omnibus
1600 2451 1741 2491 nunc
1773 2435 2017 2490 miserius

439 2527 614 2585 allecti
642 2538 795 2594 sunt,
828 2538 882 2584 et
923 2537 1212 2583 extremam
1255 2528 1523 2583 sustinent
1555 2528 1896 2598 ignominiam
1926 2544 1941 2581 :
1967 2535 2022 2581 et

442 2620 704 2673 malorum
751 2618 1168 2688 magnitudinem
1209 2618 1530 2685 cogitantes,
1575 2627 1630 2672 ct
1667 2620 1719 2671 itt
1764 2628 2019 2687 quantum

445 2710 781 2767 contumelia:
808 2710 1137 2774 resilierunt,
1181 2724 1280 2763 nec
1324 2709 1586 2777 respirare
1622 2718 1872 2776 possunt,
1900 2723 2020 2762 cum

445 2816 638 2856 omnes
668 2812 862 2856 terram
894 2800 1192 2855 habitantes
1218 2801 1269 2853 in
1293 2800 1374 2854 sui
1401 2800 1849 2854 vehementiorem
1876 2814 2026 2853 accu-

443 2893 706 2947 sationem
734 2892 803 2947 ob
822 2907 944 2946 eum
982 2891 1071 2962 qui
1103 2890 1293 2960 injuria
1322 2888 1542 2945 allectus
1568 2898 1651 2944 est
1691 2889 2023 2944 attraxerint.

449 2982 554 3039 Sed
580 2983 625 3039 si
653 2983 816 3049 velis,
842 2983 1155 3051 imperator,
1182 2990 1264 3035 est
1291 2981 1496 3035 vulneri
1533 2980 1793 3035 medicina
1832 2988 1888 3034 et
1913 2987 2029 3033 tan-

453 3076 521 3129 tis
550 3074 703 3128 malis
738 3073 1050 3128 remedium.
1095 3071 1301 3141 Saepius
1340 3080 1392 3126 et
1422 3070 1560 3140 apud
1600 3071 1829 3140 privatos
1860 3068 2031 3123 homi-

453 3182 549 3220 nes
573 3167 675 3219 hoc
701 3164 894 3220 factum
925 3172 1040 3230 est;
1069 3178 1272 3233 magna:
1310 3172 1364 3218 et
1386 3162 1746 3217 intolerabiles
1773 3159 2028 3216 offensio-

452 3270 552 3310 nes
594 3271 795 3325 magna:
820 3255 1055 3310 caritatis
1096 3254 1315 3308 materia
1362 3252 1516 3307 facta:
1560 3262 1723 3307 sunt:
1752 3252 1831 3307 sic
1886 3260 1941 3307 ct
1977 3252 2031 3306 in

455 3358 641 3403 natura
666 3357 841 3402 nostra
879 3348 1075 3403 evenit.
1098 3347 1228 3402 Cum
1255 3346 1395 3399 enim
1424 3345 1693 3400 hominem
1724 3344 1864 3399 Deus
1884 3342 2029 3408 fecit,

454 3450 510 3495 et
549 3442 602 3495 in
630 3440 928 3510 paradisum
977 3438 1215 3505 induxit,
1247 3446 1302 3492 et
1322 3437 1488 3492 multo
1515 3437 1733 3508 dignum
1772 3436 1899 3491 fecit
1934 3435 2033 3491 ho-

459 3546 624 3596 nore,
679 3539 875 3583 tantam
922 3529 1166 3584 diabolus
1214 3530 1618 3598 prosperitatem
1668 3542 1775 3584 non
1822 3526 2033 3593 ferens,

460 3620 644 3673 invidit
672 3637 685 3671 :
716 3628 772 3673 et
798 3620 943 3673 illum
972 3634 1001 3673 a
1040 3618 1158 3673 data
1186 3619 1388 3688 expulit
1426 3619 1699 3688 dignitate.
1741 3617 1848 3673 Sed
1896 3618 2036 3672 Deus

461 3725 566 3765 non
592 3718 793 3764 tantum
838 3710 1008 3779 ipsum
1046 3724 1153 3763 non
1179 3709 1384 3778 reliquit
1409 3750 1424 3775 ,
1448 3724 1631 3763 verum
1660 3716 1715 3763 et
1753 3722 1849 3778 pro
1878 3722 2038 3777 para-

464 3801 582 3856 diso
607 3802 791 3855 ca-lnm
813 3802 1040 3870 aperuit,
1075 3802 1173 3856 hoc
1200 3803 1315 3871 ipso
1340 3801 1497 3855 simul
1523 3802 1787 3872 propriam
1813 3800 2039 3856 demon-

464 3901 638 3948 strans
665 3894 1058 3963 benignitatem,
1087 3903 1140 3947 et
1164 3892 1430 3947 diabolum
1456 3894 1622 3962 magis
1651 3893 1895 3962 puniens.
1931 3892 2042 3947 lloe

463 3995 518 4041 et
547 3996 600 4041 tu
645 3987 805 4042 facias
848 4004 864 4041 :
905 4002 1043 4041 nunc
1091 3986 1267 4041 omnia
1313 3996 1593 4041 moverunt
1633 3986 1943 4054 diemones,
1987 3994 2043 4040 ut

462 4078 700 4132 omnium
745 4078 836 4131 tibi
881 4077 1233 4148 gratissimam
1282 4078 1548 4132 civitatem
1598 4092 1628 4131 a
1678 4077 2042 4133 benevolentia

469 4179 554 4224 tua
606 4178 948 4240 separarent;
992 4168 1094 4224 hoc
1135 4184 1263 4224 vero
1317 4179 1371 4223 tu
1415 4185 1553 4224 nunc
1599 4170 1793 4236 sciens,
1834 4185 2043 4239 poenam

467 4259 707 4328 quamvis
734 4261 935 4329 exigas,
967 4261 1126 4329 priori
1157 4261 1384 4314 amicitia
1412 4275 1479 4315 ne
1506 4274 1602 4314 nos
1633 4260 1902 4314 extrudas.
1932 4260 2039 4315 Sed

472 4359 526 4403 et
555 4350 598 4403 si
622 4358 812 4418 prmter
854 4351 1152 4419 opinionem
1191 4351 1390 4420 aliquid
1433 4366 1571 4405 nunc
1615 4351 1795 4405 dicere
1823 4351 1902 4405 fas
1929 4361 2044 4419 est,

471 4440 632 4495 etiam
655 4456 792 4494 nunc
818 4441 953 4495 inter
993 4441 1301 4495 dilectarum
1344 4442 1541 4511 primas
1569 4443 1737 4511 ipsam
1765 4443 1937 4497 scribe
1956 4484 1972 4505 ,
2000 4443 2048 4498 si

469 4532 631 4587 modo
656 4534 924 4586 dtemonas
948 4532 1062 4586 haec
1098 4544 1347 4601 operatus
1391 4534 1469 4587 vis
1515 4533 1715 4588 ulcisci.
1757 4533 1813 4589 Si
1858 4548 2050 4603 nempe

471 4622 714 4678 destruas
734 4621 1024 4676 etsubruas
1048 4631 1102 4675 et
1122 4623 1320 4688 deleas,
1341 4638 1458 4693 qua:
1485 4624 1629 4692 prius
1653 4623 1726 4678 illi
1748 4624 2047 4694 voluerunt,

473 4713 589 4766 haec
617 4712 836 4777 cfiicies;
863 4713 909 4767 si
939 4727 1063 4767 vero
1093 4714 1222 4767 iram
1251 4713 1483 4770 dimittes
1507 4724 1562 4770 et
1587 4725 1637 4771 te
1665 4732 1848 4772 rursus
1880 4717 2049 4787 ipsam

472 4819 676 4870 amare,
700 4805 838 4860 sicut
860 4805 1005 4873 prius
1019 4805 1255 4870 amabas,
1285 4806 1586 4863 contearis
1603 4849 1618 4872 ,
1651 4808 1899 4864 lethalem
1925 4809 2053 4879 ipsis

476 4894 682 4963 plagam
730 4894 1002 4961 intuleris,
1034 4904 1089 4949 et
1117 4895 1352 4959 ultimam
1396 4896 1464 4951 ab
1501 4898 1629 4967 ipsis
1658 4898 1914 4953 ultionem
1955 4915 2057 4954 ex-

479 4987 686 5056 egeris,
715 4986 1085 5041 demonstrans
1109 5000 1213 5042 non
1242 4995 1445 5042 tantum
1474 4988 1606 5043 nihil
1643 4990 1869 5058 amplius
1912 4990 2056 5060 ipsos

475 5093 571 5148 per
592 5077 807 5131 insidias
833 5075 1117 5146 perfecisse
1137 5117 1154 5142 ,
1183 5092 1369 5133 verum
1398 5090 1452 5135 et
1479 5088 1665 5135 cuncta
1703 5080 1832 5151 ipsis
1847 5090 2058 5136 contra-

475 5171 585 5238 ria,
617 5184 774 5240 quam
803 5169 1081 5236 volebant,
1103 5170 1381 5226 accidisse.
1411 5169 1645 5240 Equum
1673 5180 1848 5226 autem
1874 5171 2053 5237 fuerit,

477 5275 534 5319 ttt
565 5263 680 5318 lucc
705 5262 867 5317 facias
893 5272 946 5317 ct
973 5263 1201 5318 civitatis
1225 5265 1546 5331 miserearis,
1570 5266 1655 5320 cui
1682 5276 1899 5336 propter
1925 5265 2059 5319 ami-

475 5354 658 5408 citiam
708 5361 850 5407 tuam
896 5351 1169 5408 daemones
1213 5354 1542 5421 inviderunt;
1576 5355 1674 5409 nisi
1716 5356 1857 5409 enim
1889 5356 2061 5424 ipsam

478 5457 583 5501 tant
616 5446 961 5502 vehementer
982 5461 1253 5513 amasses,
1292 5463 1390 5501 nec
1422 5448 1586 5517 ipsam
1614 5447 1688 5501 illi
1717 5455 1859 5501 tanta
1912 5446 2060 5501 inse-

479 5541 605 5593 elati
633 5539 858 5595 fuissent
885 5538 1099 5593 invidia.
1129 5538 1307 5608 Itaque
1344 5540 1443 5594 etsi
1472 5539 1768 5593 mirandum
1806 5549 1888 5594 est
1921 5538 2062 5607 quod

480 5628 693 5696 dicitur,
725 5638 806 5684 est
828 5637 1005 5683 tamen
1031 5643 1211 5683 verum
1235 5670 1249 5693 ,
1283 5629 1421 5697 quod
1471 5643 1684 5700 propter
1717 5642 1766 5688 te
1795 5640 1849 5688 et
1875 5633 2062 5687 amici-

485 5719 609 5774 tiam
638 5731 779 5775 tuam
810 5722 924 5777 hmc
954 5735 1105 5791 passa
1136 5722 1225 5777 sit.
1258 5721 1397 5789 Qnot
1423 5725 1700 5792 incendiis,
1725 5736 1917 5797 quanta
1937 5728 2063 5798 sub-

1096 325 1155 380 S.
1194 315 1472 381 JOANNIS
1509 304 1991 373 CHRYSOSTOMI
2021 354 2024 363 .

2131 304 2330 362 IlllEP.
2371 300 2899 363 CONSTANTlNOP.

3556 300 3669 360 816

2082 424 2331 478 versione
2355 431 2479 478 sunt
2505 422 2620 478 haec
2638 422 2801 478 verba
2845 420 3117 477 acerbiora
3142 462 3158 487 ,
3186 431 3304 490 quae
3333 415 3672 491 respondeas

2079 514 2335 570 dicebas?
2358 514 2509 569 Nunc
2538 522 2590 570 te
2613 514 2934 569 contumelia
2958 511 3201 567 all'ectum
3228 511 3379 576 dicis,
3402 520 3458 567 et
3480 521 3671 581 pertu-

2082 605 2210 661 lisse
2236 622 2355 676 qua;
2383 606 2559 662 nullus
2598 619 2846 676 umquam
2876 604 3208 674 superiorum
3234 603 3621 673 lmpcratorum
3656 623 3672 658 :

2084 696 2177 751 sed
2203 697 2248 751 si
2277 697 2407 751 velis
2427 737 2444 763 ,
2524 696 2906 751 humanissime
2932 703 2987 750 et
3007 695 3395 763 sapientissime
3419 705 3474 749 et
3500 695 3677 749 multa

2088 788 2284 857 pietate
2308 788 2499 858 plene,
2524 787 2822 843 diademate
2861 788 2963 841 isto
3009 785 3289 841 clariorem
3312 794 3373 840 et
3412 785 3679 856 majorem

2091 881 2182 936 tibi
2225 895 2480 937 coronam
2533 881 2648 935 haec
2693 880 2879 934 afferet
2916 879 3265 934 contumelia.
3319 878 3430 933 Hoc
3476 894 3681 948 nempe

2092 972 2337 1028 diadema
2362 980 2446 1027 est
2473 981 2526 1027 et
2550 980 2653 1027 tua:
2677 972 2887 1025 virtutis
2916 970 3122 1041 insigne
3139 1011 3155 1037 ,
3182 980 3245 1026 et
3269 970 3382 1041 ejus
3408 970 3502 1040 qui
3526 971 3687 1026 dedit

2095 1067 2424 1122 liberalitatis
2447 1067 2732 1129 indicium;
2764 1068 2857 1122 sed
2886 1082 3082 1123 corona
3122 1084 3190 1123 ex
3218 1068 3320 1123 hac
3352 1068 3687 1126 humanitate

2096 1166 2343 1214 contexta
2388 1167 2537 1213 tuum
2581 1157 2748 1213 solius
2772 1159 2875 1213 erit
2912 1168 2967 1214 et
3005 1159 3352 1230 philosophiae
3375 1169 3478 1216 tuae
3514 1162 3689 1217 meri-

2099 1256 2208 1302 tum
2237 1266 2251 1302 :
2282 1263 2382 1303 nec
2422 1258 2479 1303 te
2524 1257 2725 1303 tantum
2773 1264 2960 1304 omnes
3006 1249 3407 1305 admirabuntur
3462 1260 3693 1321 propter

2101 1339 2231 1394 istos
2284 1340 2487 1408 lapides
2528 1340 2823 1410 pretiosos,
2845 1351 3102 1411 quantum
3145 1350 3364 1411 propter
3403 1343 3687 1398 victoriam

2103 1427 2170 1483 de
2209 1428 2567 1500 indignatione
2614 1438 2860 1499 superata
2889 1439 3208 1500 reportatam
3249 1431 3559 1487 laudabunt.
3591 1435 3693 1488 De-

2101 1520 2345 1590 jecernnt
2382 1528 2583 1575 statuas
2625 1522 2776 1577 tuas?
2815 1521 2910 1577 sed
2952 1522 3057 1577 illis
3105 1522 3356 1578 clariores
3401 1524 3695 1579 restituere

2108 1611 2201 1665 tibi
2242 1612 2384 1668 licet.
2417 1613 2473 1669 Si
2503 1614 2644 1668 enim
2677 1614 2884 1684 injuria:
2919 1616 3225 1671 auctoribus
3254 1615 3477 1671 crimina
3504 1616 3696 1672 remit-

2110 1712 2190 1758 tas
2212 1745 2228 1771 ,
2258 1717 2308 1759 et
2332 1705 2529 1760 nullam
2561 1706 2688 1777 ipsis
2726 1705 2923 1762 inferas
2958 1721 3169 1777 ptenam
3195 1707 3234 1773 ,
3264 1723 3366 1761 non
3410 1724 3612 1764 :eream
3639 1710 3698 1765 in

2112 1797 2225 1851 foro
2277 1798 2369 1852 tibi
2400 1806 2626 1852 statuam
2672 1798 2912 1868 erigent,
2951 1813 3049 1852 nec
3092 1813 3304 1852 auream
3327 1840 3340 1863 ,
3371 1813 3470 1853 nec
3498 1799 3701 1869 lapillis

2112 1889 2690 1959 coagmentatamzsed
2722 1889 2867 1943 omni
2911 1889 3131 1943 materia
3178 1891 3477 1958 pretiosiori
3529 1890 3697 1946 indu-

2114 1987 2253 2047 tam,
2296 1980 2622 2035 immanitate
2666 1980 2869 2034 scilicet
2890 1988 2944 2034 ct
2991 1979 3373 2035 misericordia.
3425 1980 3612 2036 Talem
3646 1981 3701 2036 in

2117 2081 2294 2126 mente
2323 2073 2546 2142 quisque
2572 2087 2667 2127 sua
2697 2081 2751 2128 te
2774 2074 3003 2143 erigent,
3033 2081 3088 2128 et
3119 2082 3195 2127 tot
3223 2072 3439 2127 habebis
3468 2080 3702 2139 statuas,

2117 2171 2248 2234 quot
2291 2165 2478 2221 orbem
2520 2164 2758 2220 habitant
2810 2165 3053 2221 homines
3090 2175 3144 2220 et
3197 2165 3526 2220 habitabunt.
3583 2165 3706 2221 Non

2119 2256 2263 2311 enim
2303 2271 2401 2311 nos
2428 2265 2629 2311 tantum
2651 2298 2666 2324 ,
2702 2271 2886 2312 verum
2915 2264 2972 2313 et
3002 2264 3122 2328 post
3146 2272 3243 2312 nos
3270 2257 3426 2311 futuri
3448 2297 3463 2321 ,
3495 2265 3551 2313 et
3582 2268 3706 2327 post

2107 2348 2244 2402 .illos
2263 2363 2450 2403 omnes
2496 2349 2611 2403 haec
2635 2348 2884 2415 audient,
2907 2356 2961 2403 et
2987 2356 3253 2418 tamquam
3300 2347 3399 2418 ipsi
3424 2348 3563 2403 bene
3592 2347 3712 2402 fue-

2128 2439 2235 2492 rint
2261 2438 2423 2493 habiti
2448 2481 2463 2506 ,
2496 2439 2573 2494 sic
2600 2448 2652 2494 te
2670 2439 3072 2493 admirabuntur
3099 2446 3153 2493 et
3179 2439 3448 2492 amabunt.
3476 2439 3543 2493 Et
3559 2439 3711 2508 quod

2127 2528 2241 2585 hrec
2265 2545 2371 2584 non
2394 2539 2672 2584 assentans
2691 2529 2862 2584 dicam
2878 2569 2893 2595 ,
2936 2529 3029 2584 sed
3068 2529 3146 2583 sic
3172 2526 3407 2584 futurum
3431 2528 3502 2584 sit
3529 2528 3712 2583 cinni-

2126 2635 2224 2685 no,
2263 2621 2538 2689 antiquum
2567 2618 2659 2674 tibi
2701 2619 2927 2675 referam
2974 2633 3275 2674 sermonem
3301 2618 3587 2688 quemdam
3609 2657 3628 2685 ,
3654 2627 3716 2672 ut

2128 2711 2302 2768 discas
2331 2726 2435 2766 non
2468 2720 2669 2766 tantum
2699 2711 2959 2766 exercitus
2977 2751 2993 2778 ,
3022 2725 3199 2777 arma,
3228 2711 3497 2780 pecunias,
3520 2711 3719 2764 subdi-

2131 2812 2305 2858 torum
2329 2802 2723 2858 multitudinem
2749 2811 2803 2857 et
2834 2802 2934 2856 alia
2970 2800 3272 2871 hujusmodi
3296 2800 3608 2869 splendidos
3638 2800 3718 2853 fa~

2130 2909 2253 2950 cere
2278 2908 2430 2965 reges
2456 2893 2817 2959 consuevisse,
2850 2900 3103 2962 quantum
3138 2890 3298 2944 animi
3321 2889 3717 2960 philosophiam

2132 2993 2187 3041 et
2216 2984 2691 3040 mansuetudinem.

2207 3075 2484 3130 Pulchrum
2505 3071 2816 3130 Constantini
2838 3075 3046 3128 dictum.
3153 3073 3342 3129 Fertur
3357 3071 3542 3127 beatus
3564 3072 3715 3127 Con-

2140 3168 2424 3233 smutinus,
2448 3165 2622 3235 effigie
2643 3182 2734 3221 sua
2757 3164 3041 3235 aliquando
3063 3164 3310 3234 lapidata,
3333 3163 3511 3217 multis
3538 3163 3720 3233 ipsum

2139 3258 2511 3329 instigantibus
2533 3257 2599 3312 ad
2628 3256 2942 3326 supplicium
2963 3255 3030 3311 de
3050 3256 3353 3335 auctoribus
3377 3256 3723 3309 contumelia:

2139 3351 2452 3407 sumendum
2475 3392 2490 3415 ,
2528 3359 2586 3406 et
2626 3350 2927 3405 dicentibus
2963 3364 3057 3404 eos
3093 3363 3304 3404 omnem
3336 3347 3499 3416 ipsius
3530 3348 3723 3402 faciem

2143 3441 2287 3496 saxis
2311 3442 2622 3495 vnlnerasse
2641 3481 2657 3506 ,
2700 3454 2860 3494 manu
2892 3437 3078 3495 faciem
3108 3438 3325 3508 palpans
3354 3447 3406 3492 et
3431 3437 3621 3492 leniter
3650 3438 3727 3491 ri-

2141 3534 2275 3588 dens
2319 3533 2559 3591 dixisse:
2591 3532 2702 3602 Ego
2745 3546 2875 3586 vero
2917 3544 3177 3601 nusquam
3216 3529 3407 3584 vulnus
3451 3529 3502 3583 in
3547 3527 3727 3583 fronte

2145 3624 2339 3680 factum
2367 3624 2549 3686 video,
2579 3624 2672 3679 sed
2700 3638 2885 3678 sanum
2913 3622 3127 3693 quidem
3153 3630 3334 3691 caput,
3358 3636 3485 3675 sana
3511 3637 3641 3675 vero
3669 3630 3729 3676 et

2145 3714 2308 3769 facies
2333 3724 2461 3768 tota.
2498 3712 2576 3767 llli
2619 3729 2744 3769 vero
2771 3713 2980 3768 reveriti
3014 3719 3070 3767 et
3090 3711 3294 3767 confusi
3317 3710 3387 3765 ab
3416 3710 3516 3765 hoc
3543 3710 3729 3779 iniquo

2146 3806 2397 3862 destitere
2434 3806 2656 3861 consilio
2683 3822 2697 3859 :
2728 3815 2781 3861 et
2825 3805 2925 3859 hoc
2962 3804 3179 3860 verbum
3229 3803 3485 3857 hactenus
3526 3810 3730 3857 canunt

2148 3912 2334 3953 Otones
2362 3914 2375 3950 :
2406 3913 2505 3951 nec
2551 3905 2757 3951 tantum
2804 3896 3058 3963 temporis
3106 3893 3385 3959 labefecit,
3433 3902 3524 3948 aut
3568 3893 3731 3961 hujus

2152 3987 2502 4058 philosotihia:
2545 3987 2855 4041 memoriam
2897 3985 3168 4040 exstinxit.
3207 3985 3346 4051 Quot
3383 3999 3487 4038 non
3526 3983 3735 4039 sithoc

2152 4079 2364 4148 tr0preis
2409 4077 2767 4147 splendidius?
2812 4076 3000 4130 Multas
3038 4077 3401 4145 magnasque
3445 4075 3604 4131 urbes
3641 4076 3737 4131 ille

2152 4170 2389 4226 Condidit
2413 4178 2467 4225 et
2491 4169 2686 4223 multos
2721 4168 2975 4223 barbaros
3019 4167 3320 4236 superavit,
3362 4165 3454 4220 sed
3483 4166 3738 4222 memini-

2153 4279 2272 4318 mus
2304 4263 2512 4317 illorum
2544 4261 2704 4326 nihil;
2737 4260 2837 4314 hoc
2863 4267 3039 4314 autem
3071 4257 3290 4313 verbum
3321 4273 3487 4327 usque
3514 4259 3565 4312 in
3595 4274 3741 4328 pra:-

2154 4362 2364 4411 sentem
2408 4353 2550 4409 diem
2596 4352 2824 4416 canitur,
2868 4361 2924 4407 et
2969 4351 3166 4421 posteri
3214 4350 3384 4405 nostri
3432 4358 3487 4404 et
3531 4351 3741 4418 posteri

2156 4448 2374 4502 illorum
2398 4460 2585 4501 omnes
2614 4445 2840 4514 idipsum
2866 4443 3101 4497 audient.
3134 4441 3243 4495 Nec
3264 4442 3436 4495 solum
3461 4449 3542 4495 est
3568 4439 3744 4494 adrni-

2156 4539 2402 4603 randum,
2427 4538 2567 4609 quod
2595 4537 2830 4598 audient,
2869 4534 3216 4591 verumetiam
3247 4532 3389 4602 quod
3417 4531 3662 4587 laudibus
3685 4541 3747 4587 et

2158 4630 2344 4686 faustis
2368 4630 2546 4685 verbis
2572 4637 2958 4699 prosequentur
2974 4667 2988 4692 ,
3033 4625 3377 4692 dicentesque
3409 4621 3703 4677 laudabam
3724 4660 3743 4687 ,

2159 4731 2215 4779 et
2242 4723 2518 4777 audientes
2546 4730 2692 4790 grate
2719 4719 3010 4789 suseipient
3033 4734 3048 4772 :
3075 4731 3174 4771 nec
3219 4714 3357 4770 ullus
3396 4722 3481 4770 est
3508 4713 3598 4783 qui
3626 4712 3749 4768 haec

2160 4814 2406 4879 audiens,
2451 4812 2611 4867 silere
2642 4810 2842 4881 possit,
2875 4809 3000 4880 quin
3031 4807 3230 4877 pariter
3253 4806 3516 4861 exclamet
3538 4813 3592 4859 et
3619 4805 3749 4859 talia

2162 4907 2426 4963 dicentem
2454 4905 2663 4967 laudet.
2696 4915 2750 4959 et
2782 4904 3058 4957 innumera
3087 4901 3185 4970 ipsi
3208 4900 3294 4955 vel
3320 4898 3573 4956 defuncto
3605 4897 3748 4951 bona

2164 5008 2428 5071 precetur.
2456 4996 2609 5065 Quod
2634 4995 2679 5051 si
2705 5005 2921 5065 propter
2944 4993 3072 5049 illud
3093 4993 3311 5047 verbum
3336 4989 3474 5060 apud
3500 4989 3751 5044 homines

2164 5099 2308 5145 tanta
2346 5088 2543 5160 potitus
2568 5096 2651 5144 est
2677 5088 2843 5158 gloria
2863 5126 2879 5153 ,
2923 5094 3054 5155 quot
3080 5082 3218 5154 apud
3263 5082 3547 5151 benignum
3575 5079 3750 5134 Deum

2166 5198 2394 5243 coronas
2420 5179 2776 5251 assequetur?

2237 5275 2508 5332 Theodosii
2538 5274 2842 5328 humanitas.
2871 5268 3095 5338 Quid
3125 5277 3303 5322 autem
3333 5278 3467 5335 opus
3493 5272 3577 5319 est
3599 5262 3752 5317 Con-

2166 5369 2455 5425 stantinum
2482 5376 2535 5421 et
2560 5365 2733 5420 aliena
2761 5361 3003 5431 exempla
3043 5372 3464 5414 commemorare
3485 5395 3502 5418 ,
3544 5368 3668 5408 cum
3701 5362 3759 5408 te

2168 5461 2236 5517 de
2261 5460 2491 5531 propriis
2515 5457 2719 5516 meritis
2746 5454 2849 5510 tuis
2872 5466 3006 5522 opus
3024 5452 3094 5505 sit
3112 5446 3424 5505 exhortari?
3444 5443 3759 5500 Recordare

2169 5556 2404 5626 priorum
2430 5593 2445 5619 ,
2475 5549 2685 5622 quando
2711 5544 3048 5603 solemnitate
3083 5540 3184 5595 hac
3207 5535 3618 5609 superveniente
3661 5549 3758 5605 per

2287 5664 2427 5718 savii.
2449 5678 2464 5714 :
2493 5667 2545 5713 Et
2571 5659 2678 5712 illos
3261 5650 3407 5700 sinas.

2289 5715 2482 5787 vocem,
2500 5737 2713 5789 ningues,
2738 5734 2768 5772 e
2784 5718 2954 5771 Savilio
2976 5715 3259 5778 adiecimus.
