3896 6230
57 335 202 390 215

54 452 405 525 εὐεργέτην
432 451 745 522 ἀγνώμονες
783 449 1085 519 ἐφάνημεν,
1114 450 1208 503 καὶ
1235 451 1325 504 τὸν
1361 453 1585 524 σφοδρὸν
1625 455 1783 526 ημῶν

50 556 158 594 στα
169 541 512 610 ρωξύναμεν
531 538 789 610 ἐραστήν.
804 536 926 591 Κάν
943 534 1324 609 κατασκάψῃς,
1340 537 1442 592 κᾶν
1466 541 1781 614 ὲμπρήσῃς,

55 629 197 682 κᾶν
240 628 602 698 ἀποκτείνῃς,
638 625 740 680 κᾶν
768 624 951 678 ὁτιοῦν
972 624 1158 694 ἓτερον
1184 626 1417 698 πράξῃς,
1452 626 1666 681 οὐδέπω
1687 627 1786 699 τὴν

51 715 259 780 ἀξίαν
280 717 434 786 ἡμᾶς
466 713 754 786 ἀπῄτησας
776 712 932 781 δίκην
950 726 962 739 ⁸
997 711 1305 780 φθάσαντες
1332 712 1444 783 γὰρ
1472 714 1633 785 ἡμεῖς
1660 715 1785 767 ἐαυ-

54 806 226 867 τοὺς
266 805 483 875 μυρίων
516 803 765 856 θανάτων
788 799 1145 871 χαλεπώτερα
1174 801 1530 872 διεθήκαμεν.
1574 802 1640 855 Τί
1676 802 1783 873 γὰρ

53 889 145 942 ἂν
173 892 409 959 γένοιτο
446 889 791 960 πικρότερον,
844 887 961 941 ἀλλ’
994 887 1028 957 ἦ
1067 889 1197 951 ὅταν
1228 888 1322 941 τὸν
1364 890 1660 961 εὐεργέτην
1690 890 1785 943 καὶ

55 975 245 1028 οὕτω
263 976 529 1045 φιλοῦντα
552 975 816 1046 φανῶμεν
838 974 1043 1039 ἀδίκως
1063 993 1138 1028 πα
1147 975 1491 1047 ροξύναντες,
1509 976 1606 1030 καὶ
1624 976 1786 1029 τοῦτο

58 1066 255 1117 στᾶσα
289 1065 327 1134 ἡ
377 1064 668 1135 οἰκουμένη
724 1062 995 1135 μανθάνῃ,
1047 1064 1143 1116 καὶ
1195 1063 1298 1135 τήν
1351 1065 1587 1135 ἐσχάτην
1626 1065 1784 1135 ήμῶν

57 1151 504 1224 ἀγνωμοσύνην
566 1151 988 1223 καταγινώσκῃ;
1052 1152 1116 1204 Εἰ
1174 1151 1441 1224 βάρϐαροι
1486 1152 1584 1224 τήν
1630 1152 1785 1206 πόλιν

56 1240 261 1310 ἡμῶν
322 1241 768 1312 καταδραμόντες
812 1240 1165 1309 κατέσκαψαν
1206 1241 1275 1295 τά
1307 1241 1497 1311 τείχη,
1558 1241 1654 1294 καὶ
1687 1241 1786 1304 τὰς

56 1328 282 1392 οἰκίας
318 1328 651 1399 ἐνέπρησαν,
690 1328 787 1381 καί
816 1327 1072 1392 λαϐόντες
1106 1328 1489 1399 αἰχμαλώτους
1521 1329 1782 1400 ἀπῆλθον,

58 1414 333 1469 ἔλαττον
352 1412 421 1487 ἦν
453 1429 479 1457 α
512 1416 574 1470 τὸ
599 1416 790 1470 δεινόν.
815 1416 880 1468 Τί
911 1415 1109 1487 δήποτε
1131 1433 1144 1479 ;
1167 1417 1289 1470 Ὅτι
1316 1416 1409 1469 σοῦ
1444 1415 1668 1481 ζῶντος,
1692 1417 1786 1470 καὶ

53 1503 381 1576 τοσαύτην
424 1504 867 1574 ἐπιδεικνυμένου
905 1505 1032 1575 περί
1077 1505 1225 1575 ἡμᾶς
1255 1504 1491 1571 εὔνοιαν,
1524 1504 1678 1568 ἐλπὶς
1716 1500 1785 1574 ἦν

54 1592 290 1645 ἐκεῖνα
330 1592 506 1647 πάντα
538 1591 863 1663 λυθήσεσθαι
894 1590 960 1645 τά
984 1591 1155 1655 δεινά,
1196 1592 1291 1645 καὶ
1321 1592 1483 1646 πάλιν
1513 1594 1662 1663 ἡμᾶς
1691 1593 1787 1645 ἐπὶ

53 1679 138 1732 τὸ
196 1680 483 1751 πρότερον
510 1678 802 1752 ἐπανήξειν
838 1681 1041 1751 σχῆμα,
1094 1680 1189 1734 καί
1217 1679 1600 1752 λαμπροτέραν
1646 1682 1783 1734 ἀπο-

56 1766 378 1838 λήψεσθαι
427 1766 525 1838 τὴν
576 1766 922 1839 ἐλευθερίανο
977 1765 1071 1820 νῦν
1122 1767 1209 1830 δὲ,
1275 1768 1368 1836 τῆς
1421 1765 1520 1836 σῆς
1573 1768 1785 1832 εὐνοίας

54 1856 477 1929 ἀφῃρημένης
529 1854 757 1909 καὶτοῦ
814 1855 1040 1926 φίλτρου
1106 1854 1461 1920 σϐεσθέντος,
1516 1853 1544 1908 ὃ
1583 1855 1785 1920 παντὸς

54 1942 323 2013 τείχους
366 1938 434 2012 ἦν
473 1943 607 2013 ήμῖν
636 1941 1073 2013 ἀσφαλέστερον,
1126 1941 1262 2012 πρὸς
1300 1941 1421 1994 τίνα
1465 1940 1652 1994 λοιπὸν
1686 1958 1787 1995 κα-

56 2030 495 2101 ταφευξόμεθα
514 2049 529 2098 ;
550 2030 652 2083 ποῦ
673 2030 1014 2101 δυνησόμεθα
1035 2030 1162 2082 ἰδεῖν
1190 2029 1444 2100 ἑτέρωσε,
1473 2030 1564 2083 τὸν
1581 2030 1785 2099 γλυκδέν

56 2118 245 2173 οὕτω
274 2118 545 2190 δεσπότην
584 2118 678 2172 καὶ
734 2118 946 2189 πατέρα
1000 2117 1247 2190 προσηνῆ
1299 2118 1782 2189 παροργίσαντες;

64 2207 273 2259 ’Ὥστε
337 2205 554 2259 δοκοῦσι
606 2205 706 2276 μὲν
748 2206 997 2276 ἀφόρητα
1054 2206 1416 2275 πεποιηκέναι
1443 2219 1456 2234 ·
1494 2205 1691 2259 ἔπαθον
1729 2206 1784 2260 δὲ

62 2294 331 2347 πάντων
374 2292 668 2365 δεινότερα,
714 2293 852 2365 πρὸς
879 2291 1068 2347 οὐδένα
1113 2292 1417 2364 ἀνθρώπων
1466 2293 1785 2363 ἀντιϐλέψαι

62 2381 417 2452 τολμῶντες
440 2419 456 2445 ,
507 2381 629 2435 οὐδέ
658 2381 823 2435 αὑτὸν
856 2381 983 2434 ἰδεῖν
1012 2379 1301 2451 δυνάμενοι
1331 2381 1422 2435 τὸν
1458 2381 1609 2452 ἥλιον
1636 2381 1788 2435 ἐλευ-

65 2470 292 2541 θέροις
349 2469 669 2541 ὀφθαλμοῖς,
714 2470 814 2541 τῆς
861 2467 1015 2542 [218]
1064 2468 1327 2540 αἰσχύνης
1361 2471 1638 2540 πανταχοῦ
1687 2489 1789 2525 κα-

65 2556 511 2627 ταστελλούσης
571 2556 640 2610 τά
688 2556 935 2627 βλέφαρα
999 2558 1093 2610 καὶ⁵
1156 2557 1596 2625 ἐγκαλύπτεσθαι
1654 2575 1789 2612 κατ-

65 2643 533 2714 αναγκαζούσης
552 2660 567 2674 ’
605 2644 703 2708 τῆς
732 2644 1043 2716 παρρησίας
1076 2640 1169 2697 οὗν
1193 2645 1377 2707 αὐτοῖς
1406 2645 1787 2717 ἀνῃρημένης,

66 2734 333 2788 πάντων
360 2730 722 2802 αἰχμαλώτων
750 2730 1076 2803 ἀθλιώτερον
1095 2731 1395 2786 διάκεινται
1420 2733 1536 2797 νῦν,
1571 2735 1665 2786 καὶ
1690 2734 1789 2806 τὴν

63 2822 352 2893 ἐσχάτην
403 2819 768 2890 ὑπομένουσιν
821 2819 1078 2889 ἀτιμίαν,
1138 2821 1236 2874 καί
1290 2820 1354 2873 τὸ
1415 2820 1644 2891 μέγεθος
1680 2823 1788 2874 τῶν

67 2907 297 2961 κακῶν
334 2907 661 2970 ἐννοοῦντες,
695 2908 789 2959 καὶ
816 2908 896 2970 εἰς
945 2907 1070 2960 ὅσον
1105 2908 1521 2980 ἀπεσκίρτησαν
1555 2908 1787 2980 ὕϐρεως,

66 2995 223 3050 οὐδὲ
260 2996 528 3047 ἀναπνεῖν
553 2992 807 3048 δύνανται
841 2993 935 3047 τοῦ
961 2994 1247 3059 δοκοῦντος
1274 2996 1532 3068 ὑϐρίσθαι
1567 2998 1791 3070 σφοδρο-

70 3085 304 3155 τέρους
335 3083 463 3146 τοὺς
488 3082 587 3154 τὴν
616 3083 945 3155 οἰκουμένην
990 3082 1276 3148 οἰκοῦντας
1307 3086 1553 3150 ἅπαντας
1583 3086 1793 3159 ἀνθρώ-

75 3190 242 3237 πους
276 3172 717 3243 ἐπισπασάμενοι
769 3173 1130 3243 κατηγόρους.
1169 3166 1309 3226 Ἃλλ*
1365 3175 1462 3228 ἐὰν
1517 3174 1698 3249 θέλῃς,
1747 3169 1794 3229 ὣ

78 3259 364 3331 βασιλεῦ,
401 3259 547 3315 ἔστιν
601 3261 744 3324 ἴασις
773 3260 851 3329 τῷ
878 3257 1179 3331 τραύματι,
1213 3261 1307 3314 καὶ
1359 3262 1651 3333 φάρμακον
1678 3267 1792 3327 τοῖς

72 3348 395 3411 τοσούτοις
417 3350 628 3412 κακοῖς.
658 3347 928 3411 Πολλάκις
958 3349 1053 3402 καί
1105 3350 1199 3402 ἐπὶ
1230 3348 1459 3403 ἰδιωτῶν
1507 3349 1666 3404 τοῦτο
1694 3350 1792 3419 γέ-

75 3450 264 3506 γονεο
294 3434 369 3488 τὰ
410 3434 622 3505 μεγάλα
650 3435 745 3489 καὶ
778 3436 1026 3506 ἀφόρητα
1057 3436 1527 3507 προσκρούσματα
1548 3439 1795 3511 μεγάλης

74 3523 411 3586 διαθέσεως
438 3523 663 3591 γέγονεν
692 3523 980 3585 ὑπόθεσις
1014 3523 1160 3577 οῦτω
1198 3524 1292 3578 καὶ
1322 3525 1416 3577 ἐπὶ
1453 3528 1551 3597 τῆς
1577 3526 1793 3594 φύσεως

78 3610 319 3681 συνέϐη
348 3611 447 3680 τῆς
468 3611 765 3682 ήμετέρας.
803 3611 932 3663 Ὅτε
957 3611 1063 3681 γὰρ
1114 3612 1204 3663 τὸν
1226 3611 1514 3683 ἄνθρωπον
1536 3615 1793 3686 ἐποίησεν

75 3701 112 3752 ὁ
155 3697 314 3761 Θεὸς
352 3697 448 3750 καὶ
497 3699 578 3760 εἰς
630 3698 722 3751 τὸν
768 3698 1100 3769 παράδεισον
1153 3700 1413 3769 εἰσήγαγε
1460 3701 1554 3754 καί¹
1593 3702 1795 3773 πολλῆς

80 3786 316 3857 ἠξίωσε
360 3784 550 3855 τιμῆς,
608 3785 668 3837 οὐ
730 3786 911 3859 φέρων
957 3788 1057 3858 τὴν
1105 3789 1375 3859 τοσαύτην
1428 3790 1727 3862 εὐημερίαν
1769 3794 1798 3845 ὁ

81 3873 368 3936 διάϐολος
421 3873 725 3945 ἐϐάσκηνέν
771 3891 829 3927 τε
886 3875 1035 3947 αύτῷ
1092 3877 1186 3929 καὶ
1242 3878 1341 3947 τῆς
1406 3878 1651 3949 δοθείσης
1712 3880 1798 3946 ἐξ·

88 3962 279 4015 ἔϐαλε
314 3960 626 4033 προεδρίας.
663 3962 802 4014 Ἀλλ’
833 3964 859 4015 ό
889 3963 1017 4027 Θεὸς
1044 3965 1104 4017 ού
1131 3966 1288 4035 μόνον
1311 3966 1471 4019 αὐτὸν
1497 3967 1556 4019 ού
1587 3968 1799 4021 κατέλι-

84 4068 235 4110 ττεν.
267 4048 411 4102 ἀλλά
435 4050 525 4102 καὶ
551 4049 671 4102 ἀντὶ
688 4052 1015 4123 παραδείσου
1040 4052 1131 4105 τὸν
1159 4054 1385 4124 οὐρανὸν
1414 4056 1543 4125 ἡμῖν
1574 4056 1797 4128 ἀνέῳξε,

82 4138 292 4207 τούτῳ
323 4154 385 4189 τε
417 4137 565 4208 αὐτῷ
592 4139 690 4208 τήν
718 4156 776 4192 τε
820 4141 1025 4194 οἰκείαν
1056 4142 1462 4213 φιλανθρωπίαν
1491 4146 1797 4200 ἐπιδεικνύ-

91 4243 303 4298 μενος,
336 4226 432 4278 καὶ⁸
462 4225 554 4280 τὸν
587 4226 831 4282 διάϐολον
859 4228 1117 4298 μειζόνως
1137 4230 1397 4295 κολάζων.
1420 4233 1461 4284 Τ
1464 4232 1587 4287 οῦτο
1612 4235 1706 4288 καὶ
1733 4238 1797 4290 σὺ

91 4315 373 4384 ποίησον
403 4315 582 4369 πάντα
610 4316 870 4386 ἐκίνησαν
914 4318 962 4368 οἰ
987 4316 1239 4388 δαίμονες
1267 4319 1381 4386 νῦν,
1412 4320 1552 4375 ὥστε
1570 4323 1668 4395 τὴν
1690 4342 1798 4379 πα-

91 4402 225 4457 σῶν
245 4418 332 4455 σοι
367 4401 627 4473 φιλτάτην
657 4403 811 4458 πόλιν
849 4406 1154 4477 ἀπορρῆξαί
1184 4424 1277 4459 σου
1303 4407 1399 4478 τῆς
1427 4410 1656 4475 εὐνοίας·
1680 4413 1802 4466 τοῦ-

89 4512 165 4547 το
206 4493 400 4546 τοίνυν
432 4491 610 4557 εἰδὼς,
632 4492 789 4565 δίκην
819 4493 917 4564 μὲν
961 4494 1028 4565 ἢν
1054 4494 1226 4559 θέλεις
1268 4497 1590 4567 ἀπαίτησον,
1624 4499 1723 4569 τῆς
1744 4499 1801 4556 δὲ

91 4582 305 4653 φιλίας
344 4582 419 4652 μὴ
459 4581 695 4654 ἐκϐάλῃς
726 4583 874 4653 ἡμᾶς
907 4582 1007 4652 τῆς
1042 4584 1333 4655 προτέρας.
1384 4586 1523 4641 Ἀλλ’
1557 4589 1606 4641 εἰ
1637 4588 1718 4641 δεῖ
1749 4608 1800 4644 τι

90 4674 207 4727 καὶ
239 4668 560 4741 θαυμαστὸν
616 4671 811 4733 εἰπεῖν,
846 4670 1065 4742 μείζονα
1114 4674 1244 4744 ἡμῖν
1290 4673 1552 4741 ἐπίδειξαι
1585 4676 1682 4748 τὴν
1712 4678 1803 4732 εῦ-

26 4744 29 4755 '
92 4776 268 4814 νοιαν
292 4757 416 4822 νῦν,
439 4760 532 4811 καὶ
563 4758 721 4813 πάλιν
747 4761 825 4823 εἰς
851 4759 951 4824 τὰς
972 4761 1192 4831 πρώτας
1223 4763 1328 4815 τῶν
1345 4763 1682 4835 φιλουμένων
1702 4770 1802 4820 αύ-

88 4849 212 4920 τὴν
245 4845 547 4919 ἔγγραψον,
576 4848 712 4917 εἴγε
742 4847 920 4918 βούλει
949 4849 1077 4913 τοὺς
1091 4848 1266 4905 ταῦτα
1284 4855 1802 4921 κατασκευάσαντας

92 4933 438 5007 ἀμύνασθαι
465 4934 743 5005 δαίμονας.
766 4939 863 4989 "Av
897 4938 995 5007 μὲν
1015 4936 1125 5009 γάρ
1144 4936 1376 5010 καθέλῃς
1409 4941 1502 4994 καί
1526 4944 1803 4998 κατασκά-

95 5026 225 5096 qq};
259 5023 361 5076 καὶ
394 5024 684 5098 ἀφανίσῃς,
719 5025 824 5079 ἀπε
834 5043 864 5097 ρ
891 5029 1087 5079 ἐκεῖνοι
1111 5027 1277 5080 πάλαι
1304 5028 1604 5092 ἐϐούλοντο,
1629 5032 1803 5086 ταῦτα

98 5112 359 5185 ἐργάσῃ·
381 5112 449 5165 ἂν
473 5113 529 5165 δὲ
557 5114 701 5184 ἀφῇς
726 5113 824 5182 τὴν
846 5116 1015 5186 ὀργὴν
1034 5115 1128 5168 καὶ
1151 5115 1312 5167 πάλιν
1341 5118 1683 5192 ὁμολογήσῃς
1711 5139 1802 5191 φι-

99 5202 230 5256 λεῖν
259 5200 437 5271 αὐτὴν
465 5200 656 5273 ὥσπερ
682 5203 947 5274 πρότερον
976 5202 1195 5272 ἐφίλεις.
1222 5205 1436 5275 καιρίαν
1463 5207 1645 5272 αὐτοῖς
1674 5207 1804 5263 ἐδω-

27 5352 37 5367 .
102 5306 222 5354 κας
254 5289 359 5361 τὴν
378 5289 609 5362 πληγὴν,
640 5290 738 5344 καὶ
773 5290 872 5363 τὴν
901 5292 1134 5363 ἐσχάτην
1162 5293 1357 5349 αὐτοὺς
1388 5294 1675 5366 ἀπῄτησας
1721 5297 1796 5350 δίο

105 5396 249 5449 κην,
284 5374 470 5442 δείξας
495 5377 572 5441 ὡς
608 5379 669 5432 οὐ
693 5380 852 5449 μόνον
878 5380 1060 5444 αὐτοῖς
1077 5380 1227 5433 οὐδὲν
1256 5380 1416 5433 πλέον
1443 5381 1665 5451 γέγονεν
1697 5384 1806 5439 ἀπὸ

103 5466 221 5535 τῆς
283 5463 599 5535 ἐπιϐουλῆς,
656 5464 791 5520 ἀλλά
843 5467 938 5520 καὶ
988 5466 1056 5521 τὰ
1105 5467 1323 5521 ἐναντία
1362 5468 1550 5532 αὐτοῖς
1589 5468 1807 5525 ἅπαντα

105 5551 330 5625 ἀπέϐη,
362 5554 508 5625 ῆπερ
540 5554 839 5610 ἐϐούλοντο.
864 5557 1085 5621 Δίκαιος
1106 5557 1152 5611 δ’
1181 5558 1248 5612 ἂν
1288 5559 1406 5628 είης
1436 5557 1605 5612 ταῦτα
1649 5562 1807 5632 ποιῆ-

40 5654 44 5659 '
108 5655 212 5694 σαι
245 5638 347 5691 καὶ
383 5636 605 5709 ἐλεῆσαι
643 5638 819 5705 πόλιν,
905 5640 993 5694 διὰ
1016 5640 1115 5712 τὴν
1146 5641 1245 5712 σὴν
1283 5641 1586 5712 ἐφθόνησαν
1623 5643 1806 5712 φιλίαν

104 5730 159 5785 οἰ
207 5726 493 5798 δαίμονες·
528 5727 575 5779 εἰ
599 5727 708 5799 γὰρ
741 5728 815 5798 μὴ
860 5728 1064 5799 σφόδρα
1099 5728 1266 5797 αὐτὴν
1289 5728 1462 5792 οὕτως
1485 5729 1803 5802 ἠγάπησας,

102 5824 216 5875 οὐκ
246 5818 317 5870 ἀν
342 5815 517 5886 αὐτὴν
536 5815 655 5869 οὐδέ
684 5817 880 5871 ἐκεῖνοι
897 5816 1149 5870 τοσοῦτον
1181 5816 1491 5887 ἐϐάσκηναν
1523 5818 1607 5872 ἄν.
1640 5819 1801 5874 Ὥστε

169 5974 201 6005 ο
224 5967 389 6017 Savil.
423 5969 477 6017 in
499 5979 658 6032 marg.
678 5972 733 6021 et
755 5968 838 6019 alii
855 5967 1126 6032 ἀπήλασαν,
1146 5966 1339 6019 ἰλαττον
1361 5954 1436 6031 ἦνί

1114 335 1206 389 AD
1242 334 1572 392 POPULUM
1612 334 2105 399 ANTIOCHENUM
2164 338 2396 396 HOMIL.
2431 342 2567 399 XXI.

3378 106 3455 161 Χ
3558 100 3563 103 _

3460 164 3763 229 *Ἃ

3434 350 3539 410 2H!

1890 459 1938 510 εἰ
1979 457 2071 510 καὶ
2101 456 2410 527 θαυμαστὸν
2430 457 2815 531 τὸλεγόμενον,
2848 460 2960 513 ἀλλ’
2991 461 3139 532 ὅμως
3162 461 3308 515 ἐστὶν
3338 462 3555 532 ἀληθὲς,

1885 543 1967 596 ὅτι
2000 543 2087 597 διὰ
2131 544 2193 596 σὲ
2224 545 2316 597 καί
2344 544 2443 616 τὴν
2472 544 2570 617 σὴν
2610 545 2790 616 φιλίαν
2813 546 2984 602 ταῦτα
3015 548 3203 604 ἔπαθε.
3238 549 3425 604 Πόσων
3455 551 3557 620 Ep.-

1886 631 2178 703 πρησμῶν,
2211 634 2385 704 πόσης
2426 639 2806 708 καταστροφῆς
2835 637 2864 676 δ
2888 635 2959 690 τά
3001 638 3218 708 ῥήματα
3244 636 3415 690 ταῦτα
3464 651 3560 690 m-

1866 720 2142 791 ,γρότερα,
2161 719 2304 792 άπερ
2325 721 2758 793 ἀπολογούμενος
2776 724 2993 792 έλεγεςς
3015 725 3129 779 Νῦν
3159 725 3407 796 ὑϐρίσθαι
3432 724 3559 796 φὴς,

1884 807 1977 858 καί
2002 806 2327 860 πεπονθέναι
2350 803 2440 860 οἷα
2472 809 2658 878 μηδεὶς
2689 809 2910 863 πώποτε
2950 811 3060 864 τῶν
3098 811 3377 882 προτέρων
3409 811 3561 876 βασι-

1882 892 2044 946 λέωνο
2080 893 2195 947 ἀλλ’
2219 894 2314 947 ἐὰν
2339 894 2520 966 θέλῃς,
2553 889 2599 947 ὧ
2629 896 3105 966 φιλανθρωπότατε
3142 898 3235 950 καί
3272 897 3563 966 φιλοσοφώ-

1883 995 2014 1033 τατε
2039 980 2134 1034 καὶ
2155 981 2354 1051 πολλῆς
2373 982 2651 1044 εὐσεϐείας
2670 983 2731 1050 γέ
2741 1000 2875 1052 μων,
2898 984 2991 1035 τοῦ
3018 984 3347 1054 διαδήματος
3367 983 3559 1037 τούτου

1888 1066 2110 1133 μείζονά
2160 1083 2240 1119 σοι
2277 1068 2371 1121 καί
2420 1067 2858 1139 λαμπρότερονή
2898 1067 3053 1139 ῦϐρις
3092 1069 3231 1137 αὕτη
3274 1070 3560 1141 περιθήσει

1888 1154 2172 1222 στέφανον.
2203 1155 2374 1208 Τοῦτο
2410 1155 2508 1226 μὲν
2552 1156 2660 1228 γὰρ
2688 1156 2747 1209 τὸ
2771 1157 3008 1227 διάδημά
3050 1160 3165 1212 ἐστι
3204 1160 3297 1211 καὶ
3332 1159 3426 1228 μὲν
3464 1159 3560 1228 τῆς

1888 1242 1990 1312 σῆς
2011 1243 2214 1313 ἀρετῆς
2238 1242 2530 1307 ἀπόδειξις·
2555 1243 2671 1296 ἐστι
2697 1244 2754 1298 δὲ
2790 1244 2883 1297 καί
2904 1244 3001 1314 τῆς
3039 1244 3135 1298 τοῦ
3155 1244 3445 1309 δεδωκότος
3476 1264 3563 1314 φι-

1886 1327 2131 1400 λοτιμίας
2150 1329 2469 1400 τεκμήριον
2500 1330 2528 1381 ό
2555 1330 2612 1383 δέ
2645 1329 2754 1384 ἀπὸ
2767 1332 2865 1401 τῆς
2888 1330 3297 1402 φιλανθρωπίας
3325 1350 3407 1385 σοι
3439 1333 3569 1385 ταύ-

1886 1434 1986 1487 της
2024 1418 2353 1487 πλεκόμενος
2394 1419 2654 1487 στέφανος
2702 1419 2793 1472 σὺν
2840 1420 2996 1489 μόνον
3047 1420 3198 1493 ἔσται
3236 1421 3562 1491 κατόρθωμα

1887 1506 1983 1558 καί
2012 1506 2109 1575 τῆς
2136 1505 2453 1574 φιλοσοφίας
2482 1506 2578 1575 τῆς
2610 1506 2728 1575 σῆς
2759 1506 2851 1559 καὶ
2875 1507 2974 1576 οὐχ
3000 1506 3144 1560 οὕτω
3167 1524 3224 1559 σε
3255 1507 3560 1577 θαυμάσον-

1884 1607 1975 1644 ται
2022 1592 2222 1655 πάντες
2264 1592 2351 1645 διὰ
2386 1593 2511 1655 τοὺς
2555 1592 2735 1656 λίθους
2778 1595 2907 1657 τοὺς
2948 1593 3164 1665 τιμίους
3197 1593 3438 1657 τούτους,
3486 1594 3564 1658 ὡς

1885 1676 2262 1730 ἐπαινέσονται
2290 1676 2380 1731 διά
2419 1677 2516 1747 τὴν
2564 1678 2864 1751 ὑπεροψίαν
2904 1680 3002 1751 τὴν
3047 1681 3187 1733 κατά
3230 1680 3331 1750 τῆς
3373 1681 3561 1751 ὀργῆς.

1884 1762 2153 1817 Καθεῖλόν
2178 1780 2272 1816 σου
2317 1764 2446 1827 τοὺς
2472 1764 2825 1834 ἁνδριάνταςς
2868 1765 2982 1819 ἀλλ’
3004 1765 3180 1830 ἔξεστί
3210 1784 3291 1821 σοι
3320 1766 3566 1837 λαμπροο

1883 1849 2078 1921 τέρους
2121 1851 2423 1920 ἀναστῆσαι
2478 1850 2724 1906 ἐκείνων.
2768 1851 2920 1925 [219]
2972 1853 3071 1907 Ἂν
3127 1852 3236 1924 γὰρ
3265 1855 3409 1923 ἀφῇς
3452 1857 3566 1917 τοῖς

1882 1937 2171 2006 ἠδικηκόσι
2213 1938 2282 1991 τά
2315 1936 2657 2008 ἐγκλήματα,
2714 1940 2810 1992 καί
2844 1940 3114 2010 μηδεμίαν
3147 1940 3457 2011 άπαιτήσῃς
3484 1940 3564 1994 δί-

1885 2041 1987 2094 κην
2013 2036 2034 2063 ο
2070 2025 2289 2089 αὐτοὺς,
2319 2026 2380 2077 ού
2416 2025 2648 2095 χαλκοῦν
2679 2043 2740 2079 σε
2763 2027 2854 2079 ἐπὶ
2886 2028 2984 2097 τῆς
3007 2028 3212 2098 ἀγορᾶς
3245 2028 3567 2098 ἀναστήσου-

1887 2129 1992 2170 σιν.
2031 2112 2153 2165 οὐδέ
2199 2111 2458 2184 χρυσοῦν,
2492 2113 2614 2165 οὐδέ
2648 2113 3051 2185 λιθοκόλλητον,
3095 2114 3232 2167 ἀλλά
3260 2116 3358 2183 τὴν
3388 2114 3567 2184 πάσης

1887 2197 2019 2269 ῦλης
2045 2199 2374 2269 τιμιωτέραν
2402 2200 2621 2270 στήλην,
2648 2199 3055 2271 φιλανθρωπίαν
3086 2200 3179 2254 καὶ
3199 2200 3568 2271 ἐλεημοσύνην

1885 2287 2341 2357 ἀναϐεϐλημένον.
2397 2287 2583 2349 Οὕτως
2624 2288 2716 2340 ἐπὶ
2749 2287 2848 2358 τῆς
2891 2287 3131 2351 διανοίας
3177 2287 3409 2351 ἕκαστος
3440 2289 3567 2342 ἀνα-

1889 2375 2147 2447 στήσουσί
2178 2391 2238 2427 σε
2260 2375 2361 2445 τῆς
2386 2374 2617 2439 ἑαυτῶν,
2638 2376 2732 2429 καὶ
2763 2375 3049 2439 τοσούτους
3070 2376 3209 2442 ἕξεις
3227 2375 3566 2446 ἀνδριάντας,

1884 2464 1999 2517 ὅσοι
2035 2462 2131 2533 τὴν
2164 2459 2488 2532 οἰκουμένην
2514 2461 2755 2515 οἰκοῦσιν
2785 2460 3082 2532 ἄνθρωποι,
3111 2464 3207 2516 καὶ
3232 2464 3564 2532 οἰκήσουσιν.

1886 2551 1962 2604 Οὐ
1978 2549 2085 2621 γὰρ
2101 2551 2261 2620 ἡμεῖς
2274 2550 2455 2621 μόνον,
2471 2549 2608 2602 ἀλλὰ
2623 2549 2718 2602 καί
2736 2550 2785 2602 οί
2802 2549 2921 2620 μεθ’
2938 2551 3110 2620 ἡμᾶς,
3131 2551 3223 2603 καί
3235 2553 3282 2603 οἰ
3301 2551 3417 2621 μετ’
3433 2554 3522 2604 ὲκε
3533 2552 3566 2604 ἰ-

1885 2655 2011 2701 νους
2044 2637 2280 2700 ἅπαντες
2295 2636 2472 2692 ταῦτα
2504 2637 2850 2690 ἀκούσονται’
2876 2638 2971 2690 καὶ
3011 2637 3261 2708 καθάπερ
3281 2634 3339 2692 εὖ
3373 2638 3568 2692 παθόν-

1886 2743 1979 2789 τες
2003 2726 2178 2790 αὐτοί,
2219 2725 2363 2778 οὕτω
2393 2742 2453 2778 σε
2485 2725 2858 2795 θαυμάσονται
2906 2725 3001 2779 καὶ
3028 2725 3335 2796 φιλήσουσι.
3360 2727 3469 2780 Καὶ
3487 2727 3567 2780 ὅτι

1887 2812 2063 2867 ταῦτα
2089 2813 2149 2865 οὐ
2182 2812 2495 2866 κολακεύων
2516 2812 2678 2881 λέγω,
2703 2812 2817 2866 ἀλλ’
2833 2810 3007 2875 οὕτως
3023 2811 3174 2866 ἔσται
3206 2813 3438 2876 πάντως,
3458 2813 3569 2885 ἐρῶ

1890 2915 1971 2950 σοι
2008 2897 2236 2951 παλαιόν
2259 2910 2379 2951 τινα
2424 2898 2600 2967 λόγον,
2633 2898 2722 2953 ἵνα
2758 2898 2957 2972 μάθῃς,
2993 2898 3076 2952 ὅτι
3108 2898 3208 2969 οὐχ
3232 2896 3374 2950 οὕτω
3409 2914 3568 2969 στρα-

1887 2985 2091 3040 τόπεδα
2119 2986 2212 3039 καὶ
2238 2987 2378 3039 ὅπλα
2404 2987 2498 3039 καὶ
2537 2987 2797 3058 χρήματα
2832 2987 2925 3040 καὶ
2950 2986 3205 3055 ὑπηκόων
3235 2985 3439 3057 πλῆθος
3476 2986 3569 3039 καὶ

1888 3075 1959 3127 τὰ
1981 3073 2115 3127 ἄλλα
2151 3074 2214 3141 δὴ
2248 3073 2318 3127 τά
2348 3074 2573 3128 τοιαῦτα
2607 3073 2892 3145 λαμπροὺς
2934 3075 3108 3128 ποιεῖν
3151 3072 3276 3136 τοὺς
3332 3072 3569 3143 βασιλεῖς

1891 3162 2100 3227 εἴωθεν,
2127 3161 2203 3224 ώς
2230 3161 2518 3231 φιλοσοφία
2545 3161 2726 3231 ψυχῆς
2761 3163 2854 3216 καὶ
2874 3163 3166 3233 ἡμερότης.

1975 3247 2032 3300 Ὁ
2058 3246 2326 3318 μακάριος
2357 3248 2577 3316 λέγεται
2597 3249 3023 3311 Κωνσταντῖνος,
3049 3250 3148 3317 τῆς
3182 3247 3388 3311 εἰκόνος
3405 3244 3569 3301 αὐτοῦ

1895 3332 2361 3403 καταλευσθείσης
2390 3335 2542 3398 ποτὲ,
2593 3332 3001 3406 παροξυνόντων
3049 3333 3209 3386 αὐτὸν
3245 3334 3454 3387 πολλῶν
3478 3334 3571 3386 ἐπ·

1893 3420 2126 3487 εξελθεῖν
2153 3424 2264 3484 τοῖς
2294 3421 2546 3492 ὐϐρικόσι
2573 3422 2669 3474 καὶ
2713 3421 2869 3493 δίκην
2900 3421 3224 3492 ἀπαιτῆσαι,
3260 3423 3356 3474 καὶ
3384 3420 3570 3488 λεγόνι

1891 3526 2020 3567 των,
2049 3509 2130 3562 ὅτι
2161 3510 2342 3561 πᾶσαν
2372 3509 2536 3563 αὐτοῦ
2559 3508 2659 3580 τὴν
2682 3509 2805 3579 ὄψιν
2832 3509 3077 3581 ἔτρωσαν
3109 3513 3234 3573 τοὺς
3270 3510 3450 3574 λίθους
3484 3508 3597 3577 ἐξ)

1893 3594 2287 3660 ἀκοντίζοντες,
2345 3594 2673 3665 ςηλαφήσας
2723 3598 2788 3667 τῇ
2839 3597 2986 3667 χειρὶ
3033 3596 3095 3649 τὸ
3127 3598 3441 3666 πρόσωπον,
3479 3599 3571 3651 καὶ
3600 3609 3611 3619 ’

1893 3684 2082 3755 ἠρέμα
2129 3684 2439 3755 μειδιάσας,
2474 3682 2647 3751 εἶπεν,
2684 3687 2766 3739 ὅτι
2810 3685 3062 3756 Οὐδαμοῦ
3095 3686 3308 3759 πληγὴν
3335 3688 3429 3740 ἐπὶ
3475 3688 3568 3741 τοῦ

1898 3771 2151 3840 μετώπου
2183 3771 2559 3843 γεγενημένην
2599 3772 2732 3845 ὁρῶ,
2768 3772 2882 3826 ἀλλ’
2941 3773 3099 3844 ὑγιὴς
3136 3775 3232 3844 μὲν
3267 3776 3299 3844 ή
3336 3774 3570 3845 κεφαλὴ,

1896 3860 2054 3929 ὑγιὴς
2075 3861 2132 3913 δὲ
2155 3864 2188 3932 ὴ
2213 3862 2335 3930 ὅψις
2364 3862 2572 3925 ἅπασα,
2592 3861 2878 3925 κάκείνους
2909 3861 3339 3932 ἐρυθριάσαντας
3366 3863 3458 3916 καί
3486 3864 3572 3915 αἰ-

1898 3947 2230 4019 σχυνθέντας
2263 3949 2564 4019 ἀποστῆναι
2620 3948 2721 4018 τῆς
2766 3949 2951 4002 ἀδίκου
2997 3948 3201 4018 ταύτης
3237 3949 3567 4018 συμϐουλῆς.

1898 4036 2009 4088 Καὶ
2042 4033 2103 4088 τὸ
2132 4037 2284 4105 ρῆμα
2312 4034 2471 4087 τοῦτο
2506 4035 2668 4107 μέχρι
2703 4033 2797 4088 νῦν
2826 4035 3041 4106 ᾄδουσιν
3073 4034 3329 4098 ἅπαντες,
3352 4034 3444 4087 καὶ
3483 4053 3574 4089 το·

1900 4121 2089 4186 σοῦτος
2113 4120 2302 4193 χρόνος
2326 4123 2428 4175 οὐκ
2449 4122 2745 4192 ἐμάρανεν,
2774 4122 2873 4175 οὐκ
2905 4121 3094 4175 ἔσϐεσε
3125 4122 3226 4190 τῆς
3253 4122 3571 4191 φιλοσοφίας

1897 4210 2104 4281 ταύτης
2134 4209 2234 4281 τὴν
2263 4210 2505 4281 μνήμην.
2538 4210 2726 4263 Πόσων
2749 4210 2849 4262 οὐκ
2883 4208 2950 4263 ἂν
2979 4210 3062 4280 εἴη
3103 4209 3260 4263 τοῦτο
3295 4210 3572 4280 τροπαίων

1899 4297 2305 4369 λαμπρότερον;
2334 4296 2542 4359 Πολλὰς
2576 4298 2669 4350 καὶ
2699 4296 2940 4367 μεγάλας
2967 4294 2995 4335 ά
3035 4296 3218 4360 πόλεις
3245 4298 3452 4360 ἐκεῖνος
3473 4300 3570 4351 άν-

1901 4383 2117 4456 έστησε,
2151 4385 2245 4437 καὶ
2270 4383 2496 4448 πολλοὺς
2544 4383 2851 4455 βαρϐάρους
2885 4383 3156 4453 ἐνίκησεν,
3202 4383 3317 4436 ἀλλ’
3358 4384 3572 4447 οὐδενὸς

1901 4471 2125 4524 ἐκείνων
2156 4470 2498 4542 μεμνήμεθα·
2532 4469 2592 4523 τὸ
2617 4470 2672 4523 δὲ
2702 4471 2853 4542 ῥῆμα
2880 4470 3040 4523 τοῦτο
3081 4470 3241 4540 μέχρι
3275 4470 3375 4538 τῆς
3405 4472 3571 4540 σήμε-

1907 4574 1996 4628 ρον
2024 4558 2229 4630 ᾅδεται,
2266 4559 2358 4612 καὶ
2390 4558 2438 4611 οί
2469 4557 2585 4629 μεθ’
2627 4559 2778 4629 ἡμᾶς
2823 4557 2954 4611 αὐτὸ
2984 4559 3077 4611 καὶ
3097 4558 3145 4610 οἱ
3185 4558 3302 4628 μετ’
3332 4557 3573 4621 ἐκείνους

1901 4647 2226 4700 ἀκούσονται
2256 4646 2476 4709 πάντες.
2511 4646 2620 4699 Καὶ
2645 4647 2703 4698 οὐ
2728 4644 2886 4700 τοῦτο
2924 4646 3082 4717 μόνον
3116 4646 3231 4698 ἐστὶ
3259 4645 3319 4699 τὸ
3357 4645 3571 4716 θαυμα-

1904 4734 2048 4799 στὸν,
2076 4735 2160 4787 ὅτι
2187 4734 2529 4800 ἀκούσονται,
2562 4732 2675 4787 ἀλλ’
2710 4734 2790 4787 ὅτι
2829 4734 2923 4787 καί
2958 4734 3072 4804 μετ’
3102 4733 3339 4786 ἐπαίνων
3364 4734 3458 4787 καὶ
3482 4733 3575 4788 εὐ·-

1903 4821 2114 4893 φημίας
2142 4821 2198 4874 οῖ
2225 4838 2285 4874 τε
2313 4820 2563 4890 λέγοντες
2598 4820 2868 4890 λέγουσιν,
2901 4821 2955 4874 οἵ
2978 4837 3037 4873 τε
3062 4820 3353 4884 ἀκούοντες
3387 4819 3572 4891 δέχον-

1899 4922 2014 4963 ται*
2038 4908 2134 4962 καὶ
2181 4908 2283 4961 οὐκ
2329 4907 2476 4961 ἐστιν
2501 4908 2696 4971 οὐδεὶς,
2736 4908 2794 4972 ὃς
2842 4907 3087 4975 ἀνέξεται
3144 4907 3368 4977 σιγῆσαι
3416 4906 3575 4961 τοῦτο

1903 4994 2162 5058 ἀκούσας,
2187 4995 2299 5049 ἀλλ’
2327 4995 2463 5066 ὁμοῦ
2508 5013 2569 5048 τε
2602 4994 2891 5069 ἀνέκραξε,
2926 4995 3020 5048 καὶ
3047 4994 3139 5049 τὸν
3183 4995 3442 5066 εἰρηκότα
3471 4996 3571 5048 ἐπα

1902 5082 2083 5155 ῄνεσε,
2112 5083 2209 5137 καὶ
2262 5084 2434 5156 μυρία
2465 5083 2613 5155 αὐτῷ
2645 5084 2739 5138 καί
2783 5082 3068 5137 ἀπελθόντι
3099 5082 3345 5151 γίνεσθαι
3373 5081 3573 5153 ηὔξατο

1901 5168 2102 5238 ἀγαθά.
2130 5169 2193 5222 Εἰ
2221 5168 2278 5221 δὲ
2307 5169 2459 5239 παρά
2484 5168 2791 5244 ἀνθρώποις
2807 5168 3080 5241 τοσαύτης
3103 5169 3383 5239 ἀπήλαυσε
3414 5166 3572 5236 δόξης

1901 5255 1968 5309 δι’
1999 5257 2174 5310 ἐκεῖνο
2196 5256 2255 5310 τὸ
2280 5258 2453 5328 ῥῆμα.
2483 5258 2666 5312 πόσων
2699 5257 3068 5313 ἀπολαύσεται
3106 5256 3260 5328 παρὰ
3286 5255 3361 5326 τῷ
3385 5254 3572 5325 φιλαν⁸

1904 5342 2107 5415 θρώπῳ
2139 5343 2257 5415 Θεῷ
2292 5345 2570 5413 στεφάνων
2589 5363 2604 5411 ;

1976 5430 2087 5482 Καὶ
2144 5430 2199 5483 τί
2252 5430 2361 5503 χρὴ
2386 5431 2566 5500 λέγειν
2603 5433 3013 5486 Κωνσταντῖνον
3047 5430 3144 5484 καὶ
3196 5427 3266 5481 τά
3319 5426 3572 5498 ἀλλότρια

1906 5517 2345 5590 παραδείγματα,
2367 5519 2484 5573 δέον
2513 5519 2722 5574 οἴκοθέν
2751 5537 2811 5573 σε
2840 5520 2933 5573 καὶ
2957 5520 3022 5571 ἐκ
3052 5517 3161 5570 τῶν
3191 5514 3299 5568 σῶν
3325 5532 3575 5586 παρακα-

1966 5601 1995 5642 δ
2018 5604 2104 5654 Sa'v
2115 5605 2168 5654 il.
2194 5611 2247 5653 et
2284 5604 2366 5655 alii
2405 5607 2558 5665 πόσης
2587 5612 2911 5668 κατασκαφῆς.
2937 5603 3062 5653 Infra
3085 5602 3234 5654 iidem
3262 5602 3355 5650 ὅσα
3394 5602 3570 5665 mu,

1907 5670 1961 5714 et
1979 5678 2088 5731 {np}
2109 5668 2358 5731 σοφώτατε
2378 5680 2465 5731 pro
2486 5670 2858 5731 φιλοσοφώτατε.
2885 5698 2900 5710 ο

1968 5728 1995 5797 ξ
2023 5725 2197 5797 Mog-91'.
2223 5725 2455 5797 μηδεμίαν
2497 5725 2762 5797 ἀπαιτήσῃς
2798 5728 2952 5797 δίκην,
2992 5726 3153 5797 δρψ,
3177 5726 3407 5797 μηδεμίαν
3430 5725 3573 5797 ἐάσῃς

1910 5784 2074 5835 δοῦναι
2098 5784 2251 5850 δίκην,
2277 5784 2466 5852 ειίἱιυοῐ
2507 5803 2621 5838 mss.
2662 5784 2903 5852 μηδεμίαν
2924 5790 3046 5851 ἀφῇς
3074 5784 3235 5852 δοῦναι
3256 5784 3407 5844 δίκην.
3425 5784 3576 5852 “Inrita

1912 5853 2155 5914 trqs_lqss.
2178 5843 2459 5914 τιμιωτέραν
2499 5843 2694 5911 στήλην,
2720 5843 2916 5900 ’ωὸιὶυε
2958 5843 3103 5913 ᾴῦἐιω
3133 5850 3303 5899 Morel.
3345 5843 3399 5898 ει
3422 5843 3571 5896 Savil.

1908 5908 1994 5972 qui
2016 5906 2200 5958 habent
2219 5906 2410 5968 ἁτολήύ.

1924 5957 1941 6040 _'
1967 5970 1998 6011 ά
2021 5957 2206 6023 Αἰ)ρηί
2228 5957 2448 6037 μεγάλας,
2466 5984 2554 6023 nos
2573 5984 2602 6023 c
2624 5957 2808 6023 Sai'ilio
2821 5974 3113 6036 recepimus.
3142 5973 3274 6023 Enn.
