3896 6230
190 338 297 390 ΞΠ

187 442 363 487 totum
415 431 599 484 orbem
645 437 905 485 terrarum
950 427 1227 498 epistolam
1275 426 1463 482 misisti
1504 426 1778 496 jubentem

185 541 413 582 carcere
441 524 687 579 delentes
712 518 930 586 dimitti,
961 519 1091 589 ipsis
1117 519 1316 589 ignosci
1344 519 1562 572 crimina
1590 535 1602 571 :
1626 528 1782 588 atque

187 620 298 673 illis
335 613 719 673 humanitatem
764 622 907 664 tuam
933 610 1300 665 demonstrare
1339 624 1443 663 non
1474 607 1784 663 sufﬁcienti-

192 709 316 777 bus,
349 725 442 780 per
469 708 671 762 litteras
704 703 955 759 dicebas:
981 701 1192 758 Utinam
1238 700 1364 755 tnibi
1397 700 1582 756 liceret
1615 710 1668 753 et
1693 700 1787 754 de-

198 802 412 854 functos
441 810 692 853 revocare
730 805 784 849 ct
808 793 1131 848 resuscitare
1151 834 1164 854 ,
1193 801 1244 847 et
1275 791 1340 845 ad
1365 791 1597 861 priurum
1627 790 1784 842 vitam

192 892 456 946 reducere
487 891 502 944 Ξ
545 888 742 943 [lorum
766 900 907 941 nunc
946 885 1290 939 reminiscere
1317 884 1600 938 verborum
1624 900 1638 935 :
1661 896 1789 937 ecce

199 990 416 1050 tempus
458 978 829 1034 defunctorum
869 974 1289 1030 revocandorum
1315 983 1369 1028 et
1397 971 1786 1028 resuscitanda-

198 1090 321 1129 rum
365 1083 420 1128 ct
463 1071 529 1125 ad
577 1072 741 1123 vitam
793 1066 1214 1123 reducendorum
1262 1065 1558 1135 pristinam.
1617 1064 1683 1118 Et
1735 1062 1788 1117 lti

197 1181 434 1236 namque
456 1164 565 1233 jam
594 1161 786 1215 mortui
813 1168 957 1222 sunt,
985 1167 1037 1213 et
1063 1158 1368 1228 priusquam
1387 1156 1642 1225 judicium
1665 1171 1789 1221 pro-

197 1258 427 1323 feratur,
458 1256 524 1311 ad
566 1256 706 1326 ipsas
733 1253 912 1307 tartari
945 1252 1086 1306 fores
1110 1250 1220 1320 jam
1252 1264 1394 1305 nunc
1417 1249 1603 1304 civitas
1625 1249 1789 1302 collo-

196 1361 323 1405 cata
351 1359 455 1404 est.
489 1347 657 1417 Ipsam
707 1345 864 1415 igitur
897 1342 1020 1399 inde
1064 1343 1317 1397 resnscita
1356 1342 1472 1396 sine
1515 1341 1752 1411 pecuniis
1775 1381 1790 1405 ,

198 1442 326 1497 sine
374 1439 665 1511 impendio,
717 1440 833 1492 sine
882 1446 1121 1506 tempore
1173 1444 1229 1490 et
1284 1435 1392 1488 ullo
1434 1434 1635 1488 labore.
1676 1433 1791 1488 Tibi

204 1548 443 1601 namque
470 1531 600 1584 satis
625 1540 705 1584 est
743 1538 944 1582 tantum
976 1527 1142 1595 loqui,
1171 1537 1225 1581 et
1251 1541 1501 1581 revocare
1529 1526 1793 1580 civitatem

203 1625 262 1676 in
294 1623 530 1678 tenebris
555 1619 878 1687 jacentem‘.
918 1618 1070 1673 Nunc
1098 1619 1264 1688 ipsam
1289 1616 1418 1686 jnbe
1445 1621 1512 1670 ab
1548 1616 1794 1671 humani-

200 1723 325 1769 tate
356 1725 440 1769 tua
470 1712 689 1783 posthac
716 1710 972 1780 appellari
998 1728 1010 1762 :
1035 1725 1133 1764 nec
1162 1709 1302 1763 enint
1342 1717 1540 1762 tantam
1584 1707 1795 1761 habebit

207 1806 437 1874 gratiam
465 1803 538 1856 illi
564 1844 578 1864 ,
609 1802 696 1871 qui
729 1802 796 1855 ab
829 1801 978 1854 initio
1003 1814 1061 1854 se
1086 1798 1356 1863 Condidit,
1395 1806 1643 1868 quantam
1670 1812 1794 1850 scn-

203 1897 396 1951 tentia:
427 1905 530 1948 tttte
559 1912 570 1944 :
602 1911 699 1949 nec
739 1893 1022 1947 immerito.
1070 1890 1163 1946 Ille
1208 1890 1348 1945 enim
1398 1890 1658 1959 principio
1697 1889 1795 1958 ipsi

203 1986 343 2041 dato
367 1987 618 2049 recessit;
655 1998 706 2038 tu
740 1999 865 2039 vero
892 1993 1100 2037 auctam
1141 1992 1195 2037 et
1235 1997 1479 2053 magnam
1524 1982 1794 2046 effectam,

202 2088 262 2131 et
299 2087 419 2147 post
457 2076 673 2130 multam
708 2076 845 2128 hanc
880 2074 1310 2142 tranquillitatem
1355 2072 1674 2127 destructum
1709 2089 1797 2125 rc-

205 2168 515 2223 suscitabis.
566 2167 677 2220 Non
725 2166 909 2220 fuisset
952 2164 1087 2219 adeo
1130 2163 1425 2217 mirandum
1472 2162 1515 2217 si
1560 2161 1800 2216 hostibus

205 2263 388 2331 ipsam
403 2259 754 2329 capientibus,
775 2267 828 2311 et
844 2256 1082 2311 barbaris
1102 2255 1491 2325 populantibus,
1514 2271 1542 2308 a
1564 2255 1800 2323 periculo

211 2354 534 2412 liberasses,
588 2365 744 2419 quam
789 2358 870 2403 e.-t
918 2346 1229 2402 admirabile
1274 2361 1415 2400 nunc
1464 2346 1829 2415 pepercisse;

208 2443 347 2497 illud
388 2443 526 2496 enim
572 2456 714 2511 ssrpe
761 2440 910 2494 multi
952 2439 1124 2493 fecere
1172 2453 1358 2507 reges,
1397 2437 1499 2491 hoc
1538 2445 1713 2491 autem
1747 2444 1801 2490 tu

208 2537 367 2591 solus
394 2534 698 2605 Oper-aberis
735 2542 789 2588 et
819 2534 1021 2603 primus
1052 2542 1246 2601 praeter
1271 2546 1483 2586 omnem
1522 2538 1800 2599 exspecta—

212 2627 443 2681 tionem.
468 2626 531 2680 Et
556 2625 684 2679 illud
710 2623 922 2695 quidem
948 2623 1164 2678 minime
1185 2623 1509 2689 mirandum,
1541 2637 1639 2676 nec
1670 2636 1805 2690 prae-

216 2730 309 2772 ter
338 2718 640 2787 opinionem
666 2757 681 2778 ,
723 2717 817 2771 sed
860 2725 944 2771 est
973 2715 1334 2786 quotidianum
1367 2731 1502 2785 opus
1525 2756 1541 2781 ,
1580 2714 1804 2769 subditis

211 2824 482 2879 prmesse;
514 2809 652 2880 quod
679 2819 853 2863 autem
886 2817 1030 2863 totet
1051 2808 1169 2861 talia
1194 2821 1382 2878 passus
1399 2808 1527 2862 iram
1545 2806 1800 2877 deponas,

212 2903 328 2957 hoc
350 2917 559 2955 omnem
591 2910 831 2956 naturam
860 2900 1075 2956 excedit
1117 2901 1423 2953 humanam.
1450 2898 1632 2968 Cogita
1663 2914 1804 2953 nunc

211 3010 331 3048 non
362 2993 427 3048 de
455 2993 669 3048 civitate
710 3002 910 3048 tantutn
953 2993 1039 3046 illa
1091 2991 1181 3045 tibi
1224 2989 1626 3045 consultandum
1654 3003 1799 3052 esse,
1842 3000 1847 3005 ’

212 3099 408 3139 verum
451 3093 505 3138 et
541 3083 607 3137 de
642 3082 810 3152 gloria
837 3091 923 3136 tua
946 3121 962 3148 ,
1009 3081 1116 3135 imo
1153 3096 1279 3135 vero
1306 3079 1374 3134 de
1403 3080 1806 3135 Christianismo

211 3185 357 3230 toto.
385 3173 534 3229 Nunc
561 3184 614 3229 et
640 3173 809 3229 τιυόωὶ
836 3182 889 3228 et
916 3172 1106 3236 Graeci,
1137 3182 1192 3225 et
1212 3181 1351 3226 totus
1378 3180 1638 3225 terrarum
1661 3169 1804 3223 orbis

208 3276 271 3320 et
308 3265 514 3320 barbari
544 3265 760 3334 (etenim
784 3274 837 3319 et
878 3264 951 3317 illi
981 3266 1092 3317 lttec
1122 3262 1420 3332 audierunt)
1452 3262 1517 3315 ad
1560 3271 1609 3315 te
1642 3260 1806 3329 respi-

210 3358 394 3418 ciunt,
427 3367 797 3426 exspectantes
824 3364 879 3409 ut
906 3356 1137 3419 videant,
1165 3355 1369 3423 qualem
1400 3354 1466 3407 de
1491 3353 1653 3422 gestis
1681 3370 1805 3406 seu-

213 3448 446 3502 tentiam
470 3447 636 3500 feras:
656 3461 843 3515 nempe
860 3446 903 3499 si
926 3447 1204 3498 humanam
1226 3443 1507 3514 protuleris
1528 3451 1583 3496 cl.
1604 3444 1804 3509 mitem,

212 3554 417 3591 omnes
445 3537 712 3592 decretum
756 3537 1072 3600 laudabunt,
1120 3546 1173 3589 et
1214 3537 1376 3589 Deum
1407 3536 1804 3605 gloriﬁcabtmt,

210 3642 277 3685 et
313 3631 447 3684 inter
474 3646 531 3684 se
570 3630 747 3684 dicent
774 3647 786 3682 ε
812 3630 1003 3699 Papae,
1055 3639 1248 3698 quanta
1289 3627 1673 3681 Cltristiauismi
1713 3643 1807 3693 to-

216 3722 428 3777 tentia?
475 3721 742 3775 hominem
787 3736 945 3791 super
992 3731 1184 3775 terram
1233 3721 1510 3775 habentem
1551 3720 1808 3788 aequalem

213 3814 516 3879 neminem,
546 3813 722 3867 omnia
750 3812 959 3867 delettdi
985 3822 1039 3866 et
1065 3811 1317 3880 perdendi
1339 3812 1631 3875 dominum,
1657 3811 1807 3866 Cobi-

216 3905 344 3959 httit
373 3916 425 3959 et
451 3903 754 3966 refrenavit,
785 3913 834 3957 et
865 3902 1041 3957 docuit
1072 3901 1490 3970 philosophiam,
1522 3918 1678 3969 quam
1713 3917 1810 3956 nec

220 3997 391 4049 homo
413 3996 644 4064 privatus
665 3994 959 4048 exhiberet.
984 3992 1122 4047 Vere
1145 4008 1367 4062 tttagnus
1387 3990 1809 4046 Christianorum

222 4090 394 4155 Deus,
424 4089 512 4157 qui
541 4103 604 4141 ex
635 4086 937 4140 hominibus
962 4086 1177 4157 angelos
1203 4085 1358 4151 facit,
1376 4095 1440 4150 ,ει
1462 4086 1601 4138 οηιηί
1627 4100 1812 4139 neces-

221 4179 389 4232 sitate
416 4177 638 4231 naturali
681 4177 988 4247 superiores
1031 4174 1323 4229 constituit.
1368 4176 1441 4229 l\'e
1468 4190 1693 4243 namque
1718 4190 1810 4229 su-

224 4270 493 4341 perfluum
525 4272 766 4324 timorem
797 4270 943 4323 illum
973 4269 1178 4333 timeas,
1210 4285 1307 4323 nec
1338 4268 1533 4322 toleres
1558 4268 1810 4336 quosdam

221 4363 488 4420 dicentes.
514 4362 743 4431 reliquas
764 4361 1003 4415 civitates
1026 4360 1232 4430 pejores
1253 4359 1452 4413 futuras
1473 4375 1612 4422 esse,
1636 4370 1692 4414 et
1715 4360 1813 4413 hac

223 4468 338 4506 non
368 4452 547 4521 punita
572 4493 587 4516 ,
628 4450 907 4520 imperium
940 4461 1083 4504 tuum
1116 4451 1280 4521 magis
1309 4461 1726 4519 contempturus.
1758 4451 1812 4505 Si

224 4543 374 4597 enim
404 4542 467 4595 ad
505 4542 757 4597 ultionem
790 4541 1031 4596 inﬁrmus
1057 4541 1276 4607 fuisses,
1311 4552 1365 4595 et
1392 4541 1504 4594 bazc
1533 4542 1731 4610 operati
1764 4550 1815 4595 te

223 4649 279 4687 vt
327 4643 700 4701 superassent,
751 4647 805 4686 et
851 4647 946 4701 par
989 4641 1130 4686 esset
1162 4632 1415 4701 potentia,
1465 4643 1816 4701 congruenter

226 4725 351 4777 haec
397 4724 651 4795 suspicari
697 4723 1014 4792 oportebat:
1043 4721 1088 4776 si
1129 4738 1256 4775 vero
1304 4723 1558 4792 paxefaeti
1605 4738 1817 4791 prtrque

229 4817 426 4870 timore
454 4816 760 4884 praemortui
797 4824 950 4879 sunt,
980 4824 1036 4870 et
1061 4815 1126 4869 ad
1159 4824 1275 4869 tuos
1303 4831 1397 4885 per
1424 4831 1507 4870 tne
1536 4831 1817 4870 cucurrere

225 4905 419 4977 pedes,
441 4920 540 4960 nec
556 4904 698 4959 aliud
721 4905 955 4974 quotidie
976 4914 1287 4974 exspectant
1307 4921 1461 4976 quam
1486 4906 1812 4971 barathrum,

223 5006 282 5050 et
310 4996 720 5065 supplicationes
745 4995 941 5049 faciunt
963 4997 1308 5051 communes"
1345 4997 1394 5050 iu
1427 4997 1615 5051 czelum
1646 4996 1816 5066 respi-

224 5090 435 5144 cientes
455 5129 471 5150 ,
508 5097 562 5142 et
592 5089 754 5142 Deum
784 5088 966 5142 venire
1007 5089 1337 5158 supplicant,
1379 5098 1429 5143 et
1458 5089 1611 5142 simul
1641 5089 1819 5143 nobis-

222 5200 353 5239 cum
389 5184 703 5254 legationem
736 5182 906 5247 obire,
934 5192 987 5237 et
1012 5182 1148 5235 sicut
1179 5183 1231 5234 itt
1254 5182 1505 5235 extremis
1526 5183 1815 5248 constituti,

223 5278 297 5330 tle
328 5275 487 5328 rebus
515 5273 625 5329 suis
646 5272 835 5343 singuli
865 5273 1152 5326 consulunt
1178 5290 1191 5326 :
1215 5271 1481 5341 quomodo
1505 5288 1607 5325 non
1635 5288 1820 5340 super-

226 5370 367 5423 llnns
394 5367 482 5421 hic
511 5367 704 5420 timor?
733 5366 786 5421 Si
813 5365 1039 5436 jngnlari
1070 5365 1293 5419 fuissent
1317 5363 1474 5433 jnssi,
1508 5375 1650 5418 tanta
1681 5366 1818 5432 passi

224 5479 336 5517 non
367 5460 629 5524 fuissent,
668 5470 864 5529 quanta
908 5460 1177 5529 patiuntur
1208 5473 1347 5512 nunc
1370 5499 1384 5523 ,
1438 5466 1514 5511 tot
1551 5456 1736 5511 diebtt-t
1760 5456 1816 5509 in

227 5556 426 5608 timore
448 5560 501 5604 et
526 5561 759 5604 tremore
784 5551 1043 5617 viventes,
1072 5560 1124 5604 et
1144 5551 1553 5619 superveniente
1574 5565 1815 5629 vespere,

292 5690 309 5720 ί
345 5685 489 5737 savil.
517 5692 568 5735 et
592 5683 773 5738 Μαι-ει..
792 5684 879 5735 sub
900 5682 1051 5736 oculis
1061 5692 1319 5745 meantem.

288 5751 311 5783 ³
343 5746 489 5800 Savil.
517 5757 565 5796 et
586 5747 682 5793 duo
705 5754 811 5796 stas.
835 5761 848 5797 :
875 5742 1246 5802 διιυυιίιῖαιὲοηεε
1270 5744 1448 5805 faciunt
1467 5742 1751 5809 [iege-emes.

556 5831 825 5890 Parant.
874 5834 918 5891 (ἲ
933 5853 989 5891 tt.
1037 5835 1089 5894 X
1106 5833 1172 5891 Li
1186 5836 1262 5894 Χ.

1014 330 1108 387 ΑΙ)
1148 328 1471 388 Ροιδειῐιι
1538 326 2028 388 ΑΝΤΙΟὒΙ-ΙΕΝυΜ
2090 331 2321 389 ιιοδιιι.
2364 331 2502 390 XXI.

3398 32 3759 179 \

3361 337 3464 392 ElB

1890 445 2138 485 auroram
2187 432 2364 487 videre
2412 448 2516 487 non
2567 440 2941 504 exspectantes
2974 437 3071 486 :et
3110 427 3198 483 die
3239 435 3360 483 orto
3403 429 3469 483 ad

1892 537 2167 591 veSpcram
2210 527 2487 595 pervenire
2528 540 2632 579 non
2677 534 2911 595 sperant.
2954 521 3101 578 Multi
3143 527 3197 575 et
3235 521 3288 575 in
3332 518 3472 575 feras

1893 613 2213 677 inciderunt,
2247 615 2370 671 dum
2397 626 2669 671 sectantur
2697 616 2928 679 deserta,
2961 615 3015 669 itt
3044 613 3184 667 invia
3211 610 3469 668 translati.

1895 719 1994 759 nec
2021 705 2117 759 viri
2145 714 2346 759 tantum
2372 745 2388 770 ,
2420 721 2600 760 verum
2629 716 2680 760 et
2703 705 2906 775 pueruli
2934 703 3111 773 parvi,
3143 713 3194 757 et
3225 701 3475 756 mulieres

1893 794 2078 849 liberte
2119 807 2173 850 ct
2215 795 2425 851 decora:
2464 811 2560 865 per
2598 798 2789 850 multas
2827 806 3011 850 noctes
3038 801 3094 849 et
3120 793 3235 848 dies
3262 793 3314 846 itt
3355 806 3476 861 spe-

1895 886 2066 940 luncis
2100 897 2155 942 et
2193 889 2523 943 convallibus
2549 898 2603 943 ct
2631 888 2825 943 deserti
2852 886 3200 942 foraminibus
3228 885 3472 939 latentes.

1897 977 1962 1031 Et
1989 993 2157 1033 novus
2184 979 2504 1046 captivitatis
2530 979 2718 1033 modus
2747 978 3013 1033 civitatem
3041 975 3245 1031 detinet
3268 990 3285 1030 :
3307 974 3478 1029 aedili-

1895 1071 1992 1124 ciis
2018 1079 2075 1125 et.
2100 1072 2267 1125 muris
2294 1071 2560 1126 stantibus
2577 1111 2592 1135 ,
2639 1070 2866 1124 incensis
2905 1068 3206 1125 civitatibus
3232 1067 3478 1137 graviora

1899 1164 2204 1231 patiuntur;
2247 1164 2392 1219 nullo
2419 1163 2761 1218 incumbente
2787 1161 3042 1225 barbaro,
3075 1173 3176 1213 nec
3200 1158 3355 1212 hoste
3384 1172 3480 1226 ap.

1901 1264 2137 1323 parente,
2166 1256 2335 1326 captis
2364 1255 2611 1310 miserius
2639 1252 2810 1308 allecti
2842 1261 3001 1316 sunt,
3032 1260 3086 1305 et
3112 1251 3200 1306 vel
3228 1248 3410 1304 folintu
3439 1250 3481 1300 si

1900 1358 2197 1414 moveatur,
2229 1364 2416 1405 omnes
2444 1349 2591 1418 ipsos
2622 1364 2714 1418 per
2740 1347 2978 1415 singulos
3006 1353 3168 1399 terret
3195 1343 3329 1398 dies.
3358 1341 3483 1396 lltrc

1900 1455 2088 1496 omnes
2122 1442 2296 1496 sciunt
2318 1459 2331 1496 :
2353 1449 2406 1496 et
2441 1441 2485 1495 si
2517 1440 2824 1494 subversam
2856 1441 3024 1510 ipsam
3052 1435 3339 1499 vidissent,
3378 1448 3483 1487 ttOu

1900 1534 1979 1587 sic
2019 1541 2198 1587 essent
2233 1532 2511 1603 castigati,
2539 1540 2596 1584 ut
2624 1545 2764 1584 nunc
2792 1544 2912 1583 eum
2956 1531 3048 1581 has
3077 1525 3241 1596 ipsius
3266 1525 3488 1579 audiere

1901 1623 2163 1677 miserias.
2191 1623 2271 1677 Ne
2296 1623 2455 1693 igitur
2481 1622 2583 1676 hoc
2606 1622 2813 1691 cogites
2834 1661 2847 1682 .
2891 1619 3101 1687 pejores
3129 1618 3330 1671 futuras
3369 1630 3487 1670 esse

1901 1717 2146 1772 civitates
2177 1710 2431 1787 reliquas.
2483 1714 2598 1770 Non
2642 1714 2785 1769 enim
2825 1714 2871 1767 si
2909 1713 3149 1768 civitates
3177 1710 3309 1763 alias
3333 1723 3489 1762 ever-

1905 1811 2061 1865 tisses
2080 1851 2094 1874 ,
2127 1810 2204 1864 sic
2233 1825 2325 1866 cas
2352 1809 2670 1878 castigasscs
2690 1848 2705 1873 ,
2737 1817 2794 1860 ut
2824 1820 2965 1860 nunc
2995 1820 3088 1875 per
3119 1804 3372 1857 incertam
3405 1800 3487 1854 fu.

1906 1911 2141 1955 turornm
2173 1900 2625 1971 exspectationem
2656 1898 2800 1952 omni
2831 1896 3090 1966 supplicio
3120 1891 3489 1948 vehementius

1906 1993 2047 2062 ipsos
2079 1992 2252 2061 puttis.
2291 1990 2367 2045 Ne
2406 1991 2565 2060 igitur
2593 1990 2724 2059 ipsis
2753 1987 2974 2042 ulterius
3013 1984 3341 2040 calamitates
3371 1996 3493 2052 pro-

1904 2083 2067 2137 ducas
2088 2125 2101 2145 ,
2142 2082 2238 2138 sed
2275 2081 2384 2151 jam
2412 2082 2675 2150 respirare
2706 2079 2989 2133 concedas.
3018 2074 3272 2130 Subditos
3301 2086 3493 2142 nempe

1905 2174 2165 2241 castigare
2205 2181 2257 2226 et
2283 2182 2553 2243 gestorum
2583 2170 2794 2239 exigere
2819 2181 3033 2238 pmnas,
3081 2165 3233 2219 facile
3281 2163 3493 2232 penitus

1907 2275 1957 2319 et
1986 2272 2324 2335 promptum;
2355 2264 2419 2318 iis
2455 2278 2583 2316 vero
2626 2261 2716 2332 qui
2766 2259 3114 2314 contumelias
3168 2257 3490 2321 intulerunt,

1906 2373 2147 2428 parcere,
2176 2365 2230 2412 et
2260 2357 2324 2412 iis
2346 2357 2435 2426 qui
2465 2356 2619 2410 venia
2647 2354 2860 2424 indigna
2891 2359 3252 2422 patravcrunt,
3280 2350 3489 2403 veniam

1907 2450 2058 2514 dare,
2091 2449 2249 2503 unius
2278 2457 2333 2501 et
2359 2447 2443 2501 vix
2471 2447 2688 2501 alterius
2714 2454 2817 2511 est,
2846 2454 2896 2498 et
2921 2443 3150 2497 maxime
3175 2457 3296 2496 cum
3326 2441 3494 2509 impe-

1907 2552 2056 2595 rator
2078 2541 2149 2595 sit
2176 2539 2552 2594 contumeliam
2601 2551 2806 2607 passus.
2854 2535 2921 2590 Et
2966 2535 3232 2590 civitatem
3278 2533 3491 2602 quidem

1910 2644 2054 2688 metu
2083 2632 2315 2689 subdere
2345 2631 2529 2693 facile;
2561 2644 2749 2685 omnes
2778 2638 2954 2683 autem
2985 2629 3065 2682 sui
3096 2635 3337 2681 amantes
3363 2641 3494 2681 con-

1909 2727 2164 2791 stituere,
2209 2725 2379 2793 iisque
2420 2722 2743 2793 persuadere
2791 2728 2849 2774 ut
2892 2720 2944 2774 in
2989 2733 3207 2788 regnum
3251 2727 3395 2770 tuum
3436 2731 3495 2771 se

1908 2817 2164 2872 benevole
2189 2815 2454 2881 habeant,
2498 2824 2548 2868 et
2578 2828 2680 2867 non
2713 2822 2912 2865 tantum
2938 2823 3246 2864 communes
3268 2851 3281 2871 ,
3307 2819 3491 2861 verum

1909 2917 1963 2961 et
1993 2908 2222 2978 privatas
2257 2921 2351 2976 pro
2382 2916 2471 2960 tuo
2499 2919 2688 2977 preces
2719 2902 2943 2972 itnpcrio
2971 2901 3211 2966 fundant,
3240 2898 3491 2953 difﬁcile:

1911 2999 2033 3053 licet
2059 2998 2289 3051 inﬁnitas
2319 3000 2435 3067 quis
2464 2995 2733 3066 expendat
2768 2993 3019 3064 pecunias
3039 3033 3052 3056 ,
3095 3001 3150 3046 et
3186 2992 3494 3044 innumeros

1913 3090 2178 3144 exercitus
2217 3097 2463 3150 moveat,
2511 3094 2566 3140 et
2604 3084 2858 3155 quidquid
2886 3094 3136 3151 cperetur
3158 3122 3173 3147 ,
3209 3096 3311 3134 non
3343 3079 3495 3134 facile

1913 3191 1987 3235 tot
2018 3180 2290 3233 hominum
2323 3174 2570 3231 allectum
2601 3175 2666 3230 ad
2702 3177 2932 3244 scipsum
2965 3173 3234 3227 attrahere
3264 3170 3453 3239 poterit
3476 3210 3492 3236 ,

1911 3270 2049 3342 quod
2082 3284 2225 3324 nunc
2263 3269 2353 3322 tibi
2387 3267 2541 3321 facile
2586 3266 2688 3321 erit
2725 3274 2780 3319 et
2823 3264 3015 3318 nullius
3042 3262 3258 3332 negotii.
3289 3260 3417 3315 Nam
3443 3270 3496 3314 et

1915 3362 2187 3417 beneﬁciis
2223 3360 2436 3424 affecti,
2479 3369 2533 3412 et
2579 3358 2670 3428 qui
2717 3356 2980 3410 audierint
3019 3356 3215 3424 pariter
3243 3369 3362 3407 cum
3393 3353 3454 3405 iis
3476 3392 3493 3420 ,

1914 3456 2000 3525 qui
2032 3454 2285 3508 beneﬁcia
2311 3450 2634 3519 acceperint,
2664 3463 2788 3517 erga
2817 3457 2865 3501 te
2896 3445 3150 3500 benevole
3172 3443 3491 3498 afﬁcientur.

1915 3548 2053 3615 Quot
2084 3544 2319 3614 pecuniis
2346 3544 2590 3605 emisses,
2622 3550 2750 3609 quot
2779 3538 3001 3591 emisses
3028 3534 3317 3599 laboribus,
3349 3533 3495 3587 brevi

1919 3636 2172 3706 letnporis
2204 3643 2471 3689 momento
2504 3641 2671 3686 totum
2702 3630 2886 3684 urbem
2914 3626 3209 3697 acquirere,
3240 3632 3296 3679 ct
3321 3623 3494 3676 omni-

1916 3730 2013 3782 bus
2040 3727 2127 3797 qui
2158 3736 2296 3779 nunc
2333 3735 2455 3778 sunt
2486 3724 2780 3792 futurisque
2819 3720 3159 3790 persuadere,
3219 3725 3274 3769 ut
3301 3722 3497 3785 quanta

1918 3821 2036 3873 [iliis
2066 3819 2175 3872 suis
2203 3825 2408 3887 optant,
2435 3825 2576 3869 tanta
2599 3823 2651 3869 ct
2668 3814 2823 3883 capiti
2850 3823 2937 3865 tuo
2958 3819 3222 3879 optarent.
3245 3808 3298 3863 Si
3320 3816 3495 3861 autem

1916 3912 1982 3965 ab
2011 3911 2311 3965 hominibus
2335 3910 2467 3974 lttec,
2492 3909 2661 3976 cogita
2685 3916 2931 3975 quantam
2957 3919 2985 3956 a
3017 3903 3123 3956 Deo
3152 3901 3331 3969 capies
3357 3914 3499 3952 mer-

1917 4002 2125 4065 cedem,
2172 4015 2277 4053 non
2319 4006 2520 4052 tantum
2549 4011 2734 4050 eorum
2760 4037 2775 4060 ,
2807 4009 2924 4062 qua!
2956 4007 3095 4044 nunc
3127 3992 3274 4052 littnt,
3316 4004 3497 4042 verum

1918 4102 1968 4145 ct
2011 4107 2127 4159 quae
2176 4096 2294 4158 post
2337 4089 2452 4141 lucc
2485 4087 2551 4140 ab
2592 4086 2712 4140 aliis
2758 4093 3096 4151 peragcntur.
3144 4080 3199 4134 Si
3252 4094 3496 4147 umquam

1919 4185 2058 4239 enim
2088 4184 2355 4251 contingat
2384 4179 2497 4235 ﬁeri
2525 4179 2627 4233 tale
2653 4177 2795 4247 quid,
2831 4176 2983 4243 quale
3014 4186 3152 4227 nunc
3180 4173 3372 4225 factum
3396 4180 3498 4234 est,

1921 4275 2059 4344 quod
2109 4275 2246 4327 Dens
2275 4279 2512 4333 avertat,
2559 4279 2609 4324 ct
2657 4268 2901 4336 injuriam
2939 4278 3210 4333 passorum
3259 4260 3418 4331 aliqui
3450 4261 3500 4314 in

1923 4369 2297 4424 Contumeliam
2329 4374 2576 4436 operatus
2602 4364 2880 4431 insurgere
2911 4358 3096 4423 velint,
3130 4355 3425 4424 benignitas
3450 4365 3503 4408 et

1923 4459 2256 4531 philosophia
2303 4467 2390 4511 tua
2434 4471 2528 4525 pro
2564 4454 2706 4508 otutti
2753 4452 2882 4521 ipsis
2908 4450 3010 4505 crit
3037 4449 3307 4516 disciplina
3334 4455 3387 4499 et
3411 4446 3501 4498 ad-

1922 4552 2215 4606 monitione
2241 4567 2253 4601 :
2279 4548 2473 4601 rubore
2502 4545 2805 4615 pudoreque
2843 4540 3173 4605 afﬁcientur,
3208 4539 3313 4592 tale
3338 4537 3501 4590 disci-

1924 4643 2079 4712 plina:
2099 4639 2402 4710 exemplum
2428 4638 2701 4700 habentes,
2727 4635 3005 4689 inferiores
3027 4647 3297 4701 apparere.
3325 4629 3504 4694 Itaque

1922 4733 2158 4786 omnium
2193 4738 2525 4800 posterorum
2555 4728 2660 4782 eris
2689 4736 3004 4795 pra-ccptor,
3050 4733 3105 4778 et
3130 4724 3354 4792 palmam
3377 4726 3505 4791 ipsts

1925 4823 2195 4895 prteripies
2215 4863 2231 4888 ,
2278 4821 2399 4876 licet
2427 4821 2492 4874 ad
2524 4820 2695 4890 ipsum
2725 4815 3074 4888 pltiiOsOpIIim
3105 4815 3356 4869 verticem
3391 4828 3507 4882 per-

1925 4914 2155 4967 veniant.
2183 4913 2296 4966 Non
2320 4913 2459 4967 enitn
2486 4927 2579 4982 par
2598 4922 2700 4975 est,
2727 4910 3025 4979 quempiam
3054 4917 3251 4961 tantam
3275 4907 3506 4973 incipere

1925 5006 2301 5075 benignitatem
2335 5006 2582 5074 primum,
2612 5012 2666 5058 et
2686 5002 2749 5055 ad
2775 5002 2910 5055 alios
2933 4999 3300 5069 respicientem
3324 5012 3505 5051 eorum

1924 5110 2039 5152 aeta
2077 5098 2293 5154 imitari.
2324 5098 2580 5165 Quocirca
2608 5096 2926 5166 quicumque
2955 5104 3069 5162 post
3117 5101 3167 5145 te
3211 5089 3507 5144 humanita-

1929 5202 2034 5246 tem
2064 5200 2118 5245 et
2147 5188 2604 5244 mansuetudinem
2635 5197 3119 5256 quantamcumque
3144 5180 3498 5242 exhibtterint,

1928 5294 1981 5337 tu
2020 5299 2139 5337 eum
2184 5282 2287 5336 illis
2334 5280 2633 5335 mercedem
2662 5278 2919 5348 accipies;
2960 5278 3049 5346 qui
3089 5276 3229 5329 enim
3277 5272 3507 5325 radicem

1928 5374 2171 5445 praebuit,
2203 5372 2285 5425 ltic
2312 5372 2493 5441 utique
2524 5377 2579 5425 ct
2603 5369 2863 5424 fructuum
2887 5378 3071 5420 auctor
3091 5374 3193 5420 est.
3220 5362 3507 5429 Propterea

1928 5481 2066 5520 nunc
2114 5465 2325 5534 quidem
2378 5477 2534 5517 nemo
2588 5473 2759 5515 tecum
2815 5457 3157 5512 humanitatis
3207 5449 3508 5507 mercedem

1929 5557 2106 5625 partiri
2133 5566 2303 5625 potest
2326 5573 2337 5608 :
2363 5565 2505 5608 tuntn
2525 5554 2667 5607 enim
2698 5549 2862 5604 solius
2889 5548 3133 5602 meritum
3167 5553 3280 5597 est:
3306 5554 3359 5596 tu
3384 5556 3509 5596 vero

1924 5663 2044 5700 cum
2087 5646 2332 5699 omnibus
2373 5644 2599 5713 posteris
2624 5682 2639 5704 ,
2679 5643 2722 5693 si
2772 5639 2858 5708 qui
2893 5638 3025 5691 tales
3055 5649 3303 5704 umquam
3347 5648 3511 5703 appa-

1926 5745 2076 5790 reant
2098 5776 2112 5802 ,
2141 5750 2208 5789 ex
2237 5750 2391 5805 tequo
2423 5734 2668 5787 meritum
2696 5729 2933 5784 dividere
2964 5728 3165 5799 poteris
3186 5766 3202 5790 ,
3229 5735 3282 5781 et
3311 5734 3511 5781 tantam

3076 5818 3147 5881 ﬁt
