3896 6230
439 297 542 350 219

439 419 714 478 reportare
743 422 965 480 partem,
990 422 1240 482 quantam
1263 413 1312 465 in
1335 412 1604 482 discipulis
1629 424 2010 485 praeceptores:

441 512 493 555 et
523 503 568 556 si
599 518 756 557 nemo
793 505 909 558 talis
935 503 1126 570 fuerit,
1159 519 1367 558 rursum
1407 505 1498 560 libi
1527 508 2017 564 commendationes

442 600 496 645 et
523 591 704 647 Iaudes
734 608 827 662 per
853 596 1084 663 singulas
1110 597 1427 663 proveniunt
1451 599 1840 668 generationes.
1875 601 2017 654 Con-

446 679 620 736 sidera
647 698 870 752 namque
900 684 1052 752 quale
1077 685 1146 738 sit
1171 696 1411 754 posteros
1439 703 1623 742 omnes
1652 691 1856 756 audire,
1881 691 2017 760 quod

443 781 549 824 tam
590 787 774 841 magna
815 773 1026 829 civitate
1056 789 1226 844 poena:
1255 783 1311 828 et
1340 775 1526 830 ultioni
1555 777 1781 832 obnoxia
1801 820 1816 844 ,
1864 795 2016 848 pave-

447 862 595 916 factis
623 864 868 918 omnibus
889 905 902 928 ,
946 873 999 919 et
1039 864 1352 921 horrefactis
1398 867 1618 922 ducibus
1637 911 1650 933 ,
1683 869 1942 938 praefectis
1971 880 2024 924 et

441 950 744 1019 judicibus,
798 969 861 1008 ac
907 970 976 1009 ne
1029 971 1211 1011 vocem
1259 957 1471 1026 quidem
1515 973 1612 1028 pro
1663 960 1870 1014 miseris
1923 961 2024 1015 illis

446 1043 690 1098 emittere
719 1045 1060 1112 audentibus,
1090 1063 1225 1103 unus
1252 1049 1510 1104 accedens
1539 1065 1703 1106 senex
1729 1052 1819 1106 Dei
1846 1067 2026 1107 sacer-

448 1131 650 1185 dotium
681 1149 870 1202 gerens
892 1178 906 1202 ,
950 1151 1013 1192 ex
1041 1138 1154 1208 ipso
1182 1149 1397 1209 aspectu
1428 1140 1544 1195 solo
1587 1149 1640 1194 et
1667 1142 1932 1211 colloquio
1961 1142 2025 1196 ad

449 1225 798 1278 reverentiam
866 1227 1241 1296 Imperatorem
1313 1232 1523 1286 movit:
1557 1233 1778 1303 etquod
1831 1235 2026 1288 nemini

449 1328 664 1368 suorum
689 1316 1020 1372 subditorum
1049 1322 1333 1388 concessit,
1363 1323 1450 1375 uni
1477 1323 1578 1378 hoc
1603 1325 1715 1378 seni
1742 1326 2027 1393 concessit,

452 1404 546 1459 Dei
596 1406 739 1476 leges
779 1410 1056 1464 reveritus.
1090 1411 1295 1466 Etenim
1342 1414 1441 1468 hoc
1466 1430 1676 1484 quoque
1705 1417 1819 1484 ipso
1846 1432 1951 1471 non
1980 1427 2032 1472 te

455 1513 658 1566 parum,
691 1500 1000 1570 Imperator,
1044 1505 1229 1560 civitas
1262 1505 1575 1572 honoravit,
1607 1509 1746 1579 quod
1777 1525 1860 1564 me
1885 1509 1950 1563 ad
1981 1517 2032 1564 te

455 1589 680 1660 legatum
719 1595 960 1661 miserit;
1006 1597 1322 1651 sententiam
1365 1599 1506 1652 enim
1533 1599 1599 1654 de
1624 1609 1673 1652 te
1701 1601 1951 1668 optimam
1980 1608 2034 1654 et

456 1681 869 1748 pulcherrimam
919 1687 1294 1755 protulerunt,
1343 1689 1485 1758 quod
1537 1691 1681 1744 omni
1723 1691 2031 1760 principatui

459 1770 551 1824 tibi
579 1773 818 1842 subjecto
849 1775 940 1830 Dei
968 1776 1273 1832 sacerdotes
1293 1789 1606 1848 anteponas,
1631 1781 1732 1834 etsi
1763 1782 1892 1836 viles
1916 1796 2035 1836 esse

457 1863 744 1932 contingat.
787 1864 904 1918 Non
955 1867 1022 1920 ab
1068 1867 1176 1922 illis
1229 1884 1356 1923 vero
1404 1877 1604 1923 tantum
1657 1887 1796 1925 nunc
1843 1872 2031 1935 venio,

459 1967 641 2006 verum
677 1964 730 2007 et
771 1963 894 2009 ante
936 1957 1056 2010 illos
1083 1972 1111 2009 a
1143 1959 1408 2013 communi
1457 1961 1765 2029 angelorum
1813 1962 2037 2017 Domino

461 2041 655 2096 missus
679 2059 819 2106 sum,
843 2055 898 2097 ut
922 2047 1035 2100 tunc
1054 2047 1222 2100 dicam
1250 2049 1540 2103 mitissimm
1562 2065 1625 2104 ac
1646 2050 2038 2121 benignissimae

462 2134 654 2188 animae
679 2145 780 2189 tua:
799 2155 812 2186 .-
832 2137 980 2204 Quod
1004 2139 1048 2192 si
1077 2138 1377 2194 hominibus
1399 2141 1634 2210 ipsorum
1664 2143 1838 2198 debita
1855 2145 2035 2199 dimit-

466 2227 587 2278 tatis
608 2266 623 2291 ,
671 2236 720 2280 et
753 2227 911 2282 Pater
940 2231 1166 2284 eazlestis
1188 2231 1362 2301 lapsus
1388 2232 1539 2287 vobis
1567 2232 1796 2290 dimittet
1826 2235 2035 2307 (Matth.

462 2315 511 2370 6.
564 2316 674 2382 14).
721 2318 1019 2375 Recordare
1049 2321 1209 2391 igitur
1253 2323 1394 2376 illius
1435 2323 1572 2390 diei,
1616 2340 1721 2395 quo
1758 2341 1944 2382 omnes
1973 2326 2040 2381 de

461 2407 594 2461 actis
619 2409 877 2464 rationem
911 2410 1198 2468 reddemus
1223 2431 1236 2467 :
1259 2414 1428 2483 cogita
1468 2415 1606 2484 quod
1653 2417 1811 2470 etiam
1842 2418 1886 2471 si
1915 2419 2040 2488 quid

464 2495 518 2548 in
551 2505 602 2551 te
633 2500 906 2566 peccatum
935 2508 1019 2554 est
1043 2540 1058 2564 ,
1113 2516 1300 2556 omnes
1333 2503 1550 2558 abluere
1578 2507 2040 2574 prmvaricationcs

465 2601 562 2654 per
602 2588 861 2656 judicium
914 2600 966 2644 et
1013 2593 1332 2647 sententiam
1381 2594 1535 2648 istam
1590 2598 1790 2665 poteris
1841 2599 2042 2668 absque

468 2675 761 2744 laboribus,
788 2679 985 2749 absque
1007 2681 1309 2736 sudoribus.
1333 2684 1432 2738 Alii
1455 2700 1650 2754 nempe
1670 2687 1827 2757 legati
1851 2704 2040 2743 aurum

465 2777 520 2824 et
545 2778 818 2838 argentum
844 2781 896 2824 et
922 2773 1023 2825 alia
1050 2771 1350 2842 hujusmodi
1381 2774 1516 2828 dona
1545 2775 1761 2844 ferunt;
1795 2794 1893 2848 ego
1917 2796 2043 2834 vero

467 2873 586 2912 cum
628 2860 797 2914 sacris
821 2860 886 2915 ad
918 2861 1196 2931 imperium
1242 2872 1388 2918 tuum
1431 2865 1634 2936 legibus
1669 2869 1819 2934 veni,
1854 2878 1907 2924 et
1946 2885 2044 2939 pro

467 2947 622 3005 donis
648 2952 894 3005 omnibus
925 2952 1019 3005 has
1049 2954 1322 3021 prieteudo
1347 2997 1361 3021 ,
1411 2966 1464 3009 et
1505 2965 1554 3011 te
1585 2955 1877 3012 Dominum'
1897 2969 2043 3014 tuum

415 3028 442 3054 ‘
469 3041 660 3095 imitari
691 3045 930 3112 supplico
957 3086 971 3108 ,
1018 3046 1105 3114 qui
1147 3047 1384 3114 quotidie
1424 3065 1454 3103 a
1489 3049 1643 3104 nobis
1667 3053 2043 3106 contumeliam

470 3132 675 3199 patiens
704 3148 806 3186 non
833 3141 1006 3189 cessat
1041 3135 1172 3189 bona
1201 3151 1295 3190 sua
1338 3137 1584 3192 omnibus
1627 3140 1945 3195 ministrare.
1979 3140 2045 3194 Et

471 3239 537 3278 ne
561 3225 856 3280 confundas
878 3243 1024 3296 spem
1051 3239 1310 3294 nostram,
1333 3246 1432 3286 nec
1459 3233 1839 3301 promissiones
1868 3233 2045 3288 irritas

473 3315 634 3371 facias
655 3319 878 3372 :etenim
909 3329 963 3374 et
990 3320 1090 3374 hoc
1117 3336 1235 3375 cum
1267 3323 1384 3376 aliis
1412 3331 1462 3378 te
1490 3323 1628 3378 scire
1649 3325 1796 3388 volo,
1832 3325 1971 3394 quod
2000 3328 2044 3379 si

475 3407 805 3463 reconciliari
834 3410 967 3463 vllis
997 3420 1045 3464 et
1075 3412 1350 3481 pristinam
1391 3413 1588 3467 civitati
1623 3413 2044 3468 benevolentiam

470 3500 898 3566 communicare,
930 3513 982 3556 et
1012 3501 1151 3557 hanc
1191 3504 1460 3558 remittere
1492 3503 1690 3574 justam
1733 3504 2046 3575 indignatio-

475 3603 616 3652 nem,
648 3605 767 3644 cum
801 3592 964 3645 multa
991 3601 1228 3647 revertar
1254 3594 1475 3661 ﬁducia;
1507 3596 1551 3650 si
1581 3612 1707 3651 vero
1747 3607 1927 3652 mente
1958 3606 2044 3650 tua

474 3678 740 3733 civitatem
770 3684 1092 3749 asperneris,
1115 3699 1220 3738 non
1245 3693 1447 3739 tantum
1473 3687 1636 3755 ipsam
1661 3702 1764 3741 non
1786 3697 2044 3757 repetam,

475 3785 573 3825 nec
603 3771 767 3840 ipsius
795 3774 966 3828 solum
999 3775 1209 3842 videbo,
1239 3792 1422 3831 verum
1454 3788 1507 3832 et
1534 3778 1587 3831 in
1614 3779 1870 3848 reliquum
1898 3794 2048 3848 pror-

472 3876 564 3918 sus
605 3864 842 3932 negabo,
889 3873 944 3919 et
986 3865 1036 3918 in
1080 3865 1237 3920 aliam
1270 3883 1353 3921 me
1397 3868 1661 3924 civitatem
1691 3868 2042 3924 conscribam.

471 3951 548 4006 Ne
576 3953 702 4006 mihi
744 3968 971 4022 namque
1010 3955 1213 4010 accidat
1258 3957 1311 4011 in
1350 3957 1491 4011 illam
1532 3975 1780 4030 umquam
1817 3959 2044 4014 adscribi

473 4043 693 4110 patriam
715 4083 728 4108 ,
760 4059 883 4113 erga
915 4061 1072 4114 quam
1119 4045 1533 4104 humanissimus
1571 4059 1623 4104 tu
1643 4091 1658 4115 ,
1690 4061 1744 4106 et
1773 4052 2045 4106 hominum

470 4140 782 4186 cunctorum
803 4133 1112 4190 mitissimus
1125 4138 1299 4205 pacari
1318 4139 1755 4210 reconciliarique
1773 4157 1873 4195 non
1891 4141 2043 4196 velis.

542 4223 594 4276 4.
638 4222 779 4277 Mitis
808 4228 1062 4294 responsio
1081 4225 1433 4298 Imperatoris,
1462 4230 1546 4298 qui
1584 4232 1744 4299 parcit
1773 4232 2046 4286 Antioche-

473 4311 570 4364 nis.
594 4340 663 4351 —
701 4311 826 4367 Iltee
851 4324 904 4368 et
945 4315 1026 4369 his
1055 4316 1202 4385 plura
1233 4317 1504 4386 loquutus,
1554 4319 1631 4372 sic
1670 4319 2044 4388 Imperatorem

475 4401 756 4469 pudefecit,
779 4412 836 4457 ut
855 4404 992 4458 idem
1023 4405 1193 4474 ﬁeret,
1221 4408 1360 4476 quod
1387 4418 1441 4461 et
1467 4409 1518 4463 in
1545 4408 1739 4479 Ioseph
1765 4410 1890 4464 olim
1915 4426 2045 4466 con-

477 4492 611 4562 tigit.
662 4492 807 4548 Sicut
837 4497 977 4548 enim
1001 4496 1087 4550 ille
1116 4505 1241 4552 tunc
1272 4498 1462 4553 fratres
1488 4501 1839 4570 conspicatus,
1871 4503 2049 4571 lugere

471 4583 682 4652 quidem
706 4585 936 4651 volebat,
958 4586 1050 4641 sed
1068 4587 1306 4643 dolorem
1327 4591 1558 4660 tegebat,
1574 4608 1639 4645 ne
1654 4591 2045 4648 simulationem

476 4675 720 4742 proderet
749 4695 761 4729 :
795 4677 870 4730 sic
885 4677 1810 4752 etImperatorlacrymabatquidem
1843 4691 2043 4750 mente,

475 4781 578 4816 non
604 4764 1003 4822 demonstrabat
1046 4777 1244 4834 autem,
1279 4772 1514 4826 omnium
1553 4774 1642 4843 qui
1670 4783 1794 4828 tunc
1828 4775 2050 4829 aderant

471 4868 650 4907 causa.
681 4854 980 4911 Nectamen
996 4872 1164 4927 usque
1183 4859 1233 4912 in
1263 4860 1420 4915 ﬁnem
1445 4870 1630 4916 arstum
1658 4863 1834 4918 celare
1850 4865 2044 4933 potuit,

475 4959 658 4997 verum
687 4955 743 5000 et
760 4946 952 5000 invitus
977 4946 1346 5017 superabatur.
1370 4949 1498 5004 Post
1523 4950 1659 5006 hanc
1677 4954 1817 5007 enim
1834 4955 2049 5008 concio-

475 5049 596 5089 nem
618 5035 866 5090 secundis
888 5053 991 5090 non
1010 5052 1143 5107 opus
1169 5038 1351 5093 habuit
1366 5041 1564 5108 verbis,
1584 5042 1676 5096 sed
1701 5059 1858 5098 unum
1877 5044 2048 5099 solum

473 5128 723 5199 loquutus
769 5139 850 5183 est
888 5131 1110 5185 verbum
1134 5173 1148 5194 ,
1177 5131 1317 5202 quod
1358 5133 1529 5203 ipsum
1559 5133 1856 5189 diademate
1885 5136 2051 5190 multo

473 5222 640 5291 magis
666 5223 894 5276 ornavit.
922 5223 1057 5290 Quid
1089 5233 1264 5287 autem
1292 5223 1392 5279 hoc
1421 5225 1544 5279 est?
1575 5226 1637 5279 Et
1666 5226 1790 5295 quid
1819 5225 2046 5280 admira-

471 5313 575 5369 bile
601 5323 655 5370 et
673 5331 919 5386 magnum
957 5325 1060 5382 est,
1092 5316 1280 5386 inquit,
1304 5316 1349 5372 si
1373 5317 1457 5384 iis,
1486 5317 1573 5386 qui
1597 5332 1692 5371 nos
1717 5317 2050 5373 contumeliis

471 5407 764 5462 affecerunt
783 5449 798 5473 ,
830 5407 960 5461 iram
989 5408 1322 5462 remittamus
1353 5408 1653 5462 hominibus
1679 5407 2048 5471 existentibus,

473 5513 600 5553 cum
617 5508 670 5555 et
686 5501 781 5571 ipsi
799 5501 1039 5555 homines
1056 5501 1240 5564 simus;
1261 5517 1379 5554 cum
1400 5499 1578 5552 mundi
1601 5500 1914 5554 Dominusin
1947 5511 2053 5555 ter-

481 5606 594 5644 ram
619 5591 969 5659 descendens,
999 5601 1055 5648 et
1084 5601 1296 5662 pr0pter
1324 5605 1422 5645 nos
1458 5605 1645 5644 servus
1676 5592 1866 5656 factus,
1917 5601 1970 5646 et
2021 5607 2049 5644 a

481 5679 740 5739 beneﬁcio
769 5685 970 5740 affectis
1009 5683 1322 5746 cruciﬁxus,
1373 5697 1468 5753 pro
1496 5681 1900 5737 cruciﬁxoribus
1941 5683 2050 5736 suis

1170 297 1224 352 S.
1267 298 1541 356 JOANNIS
1578 299 2051 358 CIIRYSOSTOMI
2090 306 2407 367 ARCHIEP.
2448 315 2977 379 CONST.\NTiNOP.

3593 334 3702 390 29.0

2125 427 2352 500 Patrem.
2390 432 2640 496 oraverit,
2695 434 2922 493 dicens:
2971 438 3184 510 Ignosce
3227 443 3349 509 illis,
3405 463 3509 501 non
3573 453 3706 505 enim

2125 521 2293 574 stituit
2323 523 2448 593 quid
2471 526 2660 594 faciunt
2686 527 2705 598 (
2729 527 2851 584 Luc.
2879 531 2970 587 9.5.
3002 534 3070 587 3i
3101 534 3156 604 )?
3182 537 3303 605 quid
3345 538 3506 610 igitur
3532 542 3707 596 aduri.-

2125 612 2314 678 rabile,
2349 614 2391 668 si
2419 631 2517 671 nos
2540 621 2812 675 conservis
2861 622 3236 692 ignoscamus?
3281 630 3348 684 Et
3397 636 3542 703 quod
3591 635 3709 691 hac

2126 705 2291 759 verba
2320 722 2422 760 non
2450 708 2555 762 sint
2582 711 2867 780 simulatio,
2917 715 3348 777 demonstrarunt
3389 726 3606 794 quidem
3656 738 3711 783 ct

2129 797 2328 866 reliqua
2358 813 2540 867 Opera,
2569 817 2667 856 nec
2692 804 2757 857 iis
2784 807 2956 862 minus
2984 808 3111 863 illud
3137 813 3276 882 quod
3303 831 3444 871 nunc
3471 831 3589 871 sum
3615 836 3710 873 re-

2129 884 2349 942 laturus.
2398 889 2570 959 Ipsum
2609 895 2749 948 enim
2797 895 2936 952 hunc
2986 902 3315 959 sacerdotem
3343 921 3524 962 secum
3572 910 3714 966 hanc

2131 977 2521 1034 solemnitatem
2555 984 2827 1042 celebrare
2849 989 3136 1056 volentem,
3177 995 3394 1051 invitum
3418 1015 3713 1070 properare

2131 1077 2186 1123 et
2215 1071 2465 1128 festinare
2485 1076 2659 1146 coegit
2679 1088 2731 1132 et
2751 1082 3022 1138 secivihus
3039 1085 3308 1142 exhibere.
3335 1090 3491 1159 Novi,
3514 1093 3713 1165 inquit,

2132 1175 2274 1216 nunc
2298 1163 2530 1231 ipsorum
2552 1167 2757 1224 animos
2777 1175 3139 1240 conturbatos,
3181 1188 3232 1232 et
3281 1181 3475 1236 multas
3523 1163 3718 1254 super-

2133 1267 2253 1308 esse
2269 1256 2586 1312 calamitatis
2617 1261 2905 1330 reliquias;
2935 1265 3042 1331 alii,
3069 1269 3365 1325 consolare.
3411 1272 3467 1328 Si
3513 1276 3718 1344 guber-

2135 1356 2376 1400 natorem
2394 1348 2642 1419 viderint,
2663 1368 2758 1407 nec
2776 1357 3057 1422 prtetcritae
3076 1359 3485 1418 reminisceulur
3502 1377 3714 1436 tempe-

2134 1441 2307 1505 statis,
2340 1455 2522 1496 verum
2553 1452 2606 1497 et
2640 1445 2807 1513 ipsam
2855 1448 3080 1502 tristium
3142 1454 3451 1508 memoriam
3497 1471 3714 1512 omnem

2135 1527 2408 1584 delebant.
2438 1530 2509 1586 Ut
2530 1543 2702 1588 autem
2729 1535 2918 1590 institit
2943 1539 3181 1608 pontifex
3209 1552 3416 1610 petens,
3453 1546 3714 1602 ut-Iilium

2137 1634 2289 1674 suum
2315 1621 2572 1686 mitteret,
2605 1626 2789 1680 volens
2818 1626 2907 1682 ille
2930 1630 3206 1685 manifeste
3237 1633 3631 1704 demonstrare,
3654 1653 3718 1694 se

2139 1715 2346 1782 perlitus
2377 1715 2506 1767 iram
2537 1725 2715 1771 mente
2759 1717 3061 1775 dclevisse:
3094 1720 3252 1776 Orate
3279 1766 3293 1789 ,
3340 1726 3552 1796 inquit,
3601 1731 3720 1785 haec

2139 1801 2335 1858 auferri
2366 1805 2656 1873 obstacula,
2690 1807 2804 1861 haec
2849 1809 2983 1865 bella
3013 1813 3265 1882 extingui,
3293 1825 3346 1868 et
3374 1831 3473 1884 ego
3501 1820 3719 1876 veniam

2143 1894 2381 1948 omnino.
2407 1895 2540 1962 Quid
2563 1898 2738 1950 anima
2769 1899 2949 1953 mitius
2973 1899 3060 1953 illa
3089 1917 3207 1958 esse
3235 1906 3442 1973 possit?
3471 1906 3720 1964 Confun-

2139 1983 2332 2039 dantur
2355 1987 2583 2056 gentiles
2606 1988 2673 2044 de
2695 1989 2920 2060 reliquo,
2943 1991 3179 2061 quinimo
3207 2010 3274 2049 ne
3298 1996 3720 2065 confundantur,

2140 2077 2233 2130 sed
2261 2079 2567 2134 erudiantur
2586 2122 2601 2146 ,
2649 2088 2705 2136 et.
2746 2083 3014 2151 proprium
3046 2085 3348 2141 omittentes
3376 2102 3617 2144 errorem
3646 2091 3723 2144 ad

2139 2166 2790 2225 Christianismivirtutem
2811 2172 3049 2237 redeant,
3073 2184 3308 2230 nostram
3337 2177 3405 2230 ab
3433 2178 3728 2250 Imperato-

2143 2273 2200 2312 re
2219 2268 2270 2312 et
2290 2260 2540 2328 pontifice
2557 2261 2696 2315 docti
2718 2261 3126 2334 philosophiam.
3154 2265 3271 2321 Non
3294 2269 3432 2322 enim
3457 2270 3724 2326 hactenus

2145 2358 2270 2404 tunc
2288 2351 2519 2406 substitit
2545 2353 2812 2421 piissimus
2841 2353 3156 2425 Imperator,
3181 2357 3277 2413 sed
3329 2368 3384 2414 et
3431 2369 3726 2432 postquam

2143 2453 2208 2494 ex
2238 2441 2371 2497 urbe
2388 2444 2638 2500 sacerdos
2659 2446 2821 2501 exivit
2841 2455 2894 2501 et
2923 2449 3232 2517 pertransiit
3258 2464 3425 2516 mare,
3475 2453 3624 2506 misit
3651 2453 3728 2510 ad

2143 2547 2264 2588 eum
2276 2534 2554 2604 quosdam,
2576 2538 2850 2593 sciscitans
2879 2547 2934 2594 et
2962 2550 3226 2610 satagens,
3257 2556 3322 2595 ne
3350 2541 3487 2599 forte
3509 2552 3726 2613 tempus

2147 2637 2407 2685 tereretur
2461 2639 2516 2684 et
2558 2631 2759 2686 civitati
2806 2633 3128 2702 voluptatem
3179 2633 3520 2698 diminueret,
3565 2643 3726 2690 extra

2145 2724 2330 2779 urbem
2351 2725 2745 2781 solemnitatem
2775 2741 3052 2797 peragens.
3084 2727 3213 2796 Quis
3244 2736 3393 2796 pater
3417 2729 3564 2782 mitis
3598 2738 3728 2783 tan-

2149 2824 2252 2868 tam
2279 2813 2348 2869 de
2373 2816 2748 2872 contumeliam
2778 2816 3128 2872 inferentibus
3154 2833 3334 2873 curam
3362 2818 3506 2890 egit?
3536 2819 3726 2875 Dicam

2146 2915 2201 2961 et
2225 2906 2380 2961 aliam
2401 2907 2527 2977 justi
2554 2908 2786 2963 laudem.
2817 2909 2908 2964 Ilis
2934 2911 3075 2965 enim
3104 2911 3364 2980 expeditis
3410 2927 3515 2968 non
3564 2913 3727 2970 festi~

2149 2997 2311 3067 navit,
2337 3008 2396 3054 ut
2414 3000 2550 3054 alius
2570 3001 2751 3071 glorire
2770 3000 3010 3072 cupidus,
3035 3002 3149 3072 ipse
3173 3003 3353 3057 literas
3374 3003 3518 3058 illam
3548 3006 3727 3060 tristi-

2149 3092 2272 3146 tiam
2300 3093 2572 3149 solventcs
2599 3091 2842 3160 deferre;
2887 3093 2982 3148 sed
3026 3097 3270 3165 quoniam
3319 3095 3512 3151 lentius
3565 3097 3725 3164 ibat,

2150 3185 2311 3239 alium
2335 3186 2618 3254 quemdam
2650 3187 2903 3243 velociter
2933 3187 3172 3257 equitare
3209 3186 3423 3243 doctum
3469 3202 3529 3244 se
3576 3203 3728 3259 ιιι-ω·
3773 3202 3782 3211 ·

2147 3284 2358 3331 vertere
2379 3275 2601 3345 rogavit,
2634 3284 2688 3330 et
2709 3277 2843 3332 bona
2864 3277 3065 3332 civitati
3094 3278 3276 3332 nuntia
3298 3277 3513 3346 afferre,
3559 3293 3630 3333 ne
3656 3294 3730 3333 ex

2149 3369 2350 3425 reditus
2368 3370 2450 3425 sui
2492 3370 2786 3425 tardatione
2840 3371 3052 3425 tristitia
3102 3373 3521 3442 prolongaretur.
3569 3372 3731 3438 Quod

2149 3462 2291 3517 enim
2335 3463 2449 3530 ipse
2474 3462 2762 3532 qurerehat,
2790 3463 2962 3516 solum
2989 3473 3122 3527 crat,
3147 3478 3253 3517 non
3293 3472 3349 3516 ut
3376 3465 3487 3532 ipse
3517 3464 3731 3517 veniret

2147 3555 2284 3610 bona
2311 3555 2424 3610 hzec
2448 3554 2693 3610 deferens
2739 3555 3022 3624 voluptatis
3067 3555 3245 3609 multa:
3292 3553 3467 3624 plena,
3517 3553 3614 3609 sed
3665 3565 3729 3609 ut

2149 3663 2313 3720 ocyus
2335 3648 2487 3704 nobis
2509 3649 2676 3718 patria
2705 3649 3013 3718 respiraret.

2219 3740 2544 3795 Lectisternia
2567 3741 2620 3794 in
2646 3740 2790 3794 rebus
2829 3739 2978 3795 laetis.
3001 3771 3073 3782 —
3095 3739 3244 3806 Quod
3284 3739 3442 3810 igitur
3473 3747 3600 3793 tunc
3650 3738 3733 3793 fe-

2149 3833 2317 3900 cistis,
2347 3833 2519 3888 forum
2542 3843 2880 3899 coronantes,
2909 3843 2962 3888 et
2990 3834 3232 3888 lucernas
3259 3832 3640 3899 acccndcntes,
3672 3843 3733 3887 et

2151 3925 2319 3980 lectos
2338 3935 2462 3980 ante
2489 3923 2728 3980 ofﬁcinas
2755 3934 3156 3994 componentes,
3187 3933 3242 3979 et
3269 3932 3536 3992 tamquam
3556 3937 3731 3991 nuper

2149 4017 2365 4072 civitate
2395 4026 2515 4071 nata
2539 4058 2556 4084 ,
2583 4017 2772 4072 festum
2797 4026 3018 4088 agentes
3037 4059 3054 4085 ,
3099 4017 3202 4072 hoc
3246 4016 3403 4071 aliter
3445 4032 3542 4085 per
3567 4031 3735 4069 omne

2153 4107 2310 4163 facite
2338 4117 2570 4178 tempus,
2602 4125 2708 4162 non
2739 4108 2983 4172 floribus,
3011 4108 3104 4164 sed
3127 4109 3322 4164 virtute
3341 4121 3436 4162 vos
3461 4122 3733 4162 coronan—

2151 4207 2254 4267 tes,
2283 4199 2459 4254 lumen
2487 4215 2583 4269 per
2621 4215 2780 4270 opera
2810 4202 2861 4255 in
2892 4201 3066 4254 anima
3109 4209 3288 4254 vestra
3333 4199 3694 4254 accendentes
3713 4240 3730 4261 ,

2155 4291 2414 4361 spirituali
2441 4291 2731 4360 gaudentes
2759 4290 2962 4353 ltetitia,
3006 4301 3061 4346 et
3087 4292 3197 4345 Deo
3245 4290 3462 4346 assidue
3507 4305 3604 4358 pro
3647 4290 3734 4344 his

2151 4381 2398 4436 omnibus
2426 4383 2623 4451 gratias
2649 4396 2806 4452 agere
2832 4396 2941 4435 non
2959 4381 3268 4436 desinamus
3311 4399 3326 4434 :
3381 4396 3485 4434 non
3515 4390 3730 4434 tantum

2152 4475 2402 4543 quoniam
2429 4474 2607 4545 gravia
2637 4474 2814 4539 solvit,
2846 4488 3029 4527 verum
3059 4472 3308 4543 quoniam
3352 4479 3407 4526 et
3449 4471 3560 4540 ipsa
3614 4471 3736 4526 ﬁeri

2153 4567 2413 4637 permisit,
2436 4568 2486 4623 ei
2516 4569 2738 4622 multum
2771 4567 2867 4636 ipsi
2898 4580 2997 4620 nos
3021 4565 3218 4620 debere
3239 4563 3614 4629 confiteantur;
3636 4579 3737 4633 per

2153 4675 2376 4733 utraque
2405 4663 2547 4715 enim
2590 4660 2742 4714 nobis
2787 4659 3049 4712 civitatem
3106 4657 3335 4711 ornavit.
3388 4655 3511 4709 Ilazc
3549 4664 3734 4709 autem

2154 4757 2354 4820 omnia,
2383 4753 2673 4808 secundum
2697 4749 3066 4820 propheticum
3093 4745 3525 4817 eloquium,ﬁliis
3541 4747 3738 4799 vestris

2157 4845 2488 4909 annuntiate,
2518 4851 2573 4898 et
2594 4841 2686 4895 ﬁlii
2716 4841 2879 4894 vestri
2905 4839 3027 4892 ﬁliis
3046 4840 3177 4902 suis,
3209 4847 3263 4892 et
3285 4836 3360 4890 illi
3397 4850 3606 4889 rursum
3639 4851 3734 4903 ge-

2155 4935 2416 4992 nerationi
2445 4933 2833 5005 posteranoel
2879 4933 2929 4986 l.
2959 4930 3048 5002 5),
3081 4938 3139 4984 ut
3187 4943 3374 4982 omnes
3427 4927 3516 4997 qui
3566 4943 3739 4998 usque

2155 5031 2220 5086 ad
2243 5029 2756 5086 consummationem
2793 5024 2955 5080 futuri
3007 5029 3150 5088 sunt,
3203 5020 3304 5075 Dei
3347 5018 3737 5072 humanitatem

2155 5123 2352 5178 civitati
2378 5121 2663 5176 exhibitam
2690 5120 2977 5181 discentes,
3030 5129 3125 5169 nos
3169 5113 3381 5183 quidem
3423 5111 3738 5164 beatificeut

2158 5224 2357 5270 tantam
2391 5223 2574 5269 nactos
2601 5209 3027 5267 benevolentiam
3054 5223 3069 5272 ;
3098 5205 3427 5261 admirentur
3454 5211 3632 5257 autem
3681 5210 3737 5256 et

2156 5308 2429 5364 dominmn
2455 5316 2713 5370 nostrum,
2737 5304 2826 5374 qui
2845 5303 2923 5358 sic
2941 5301 3140 5369 lapsam
3159 5297 3425 5354 civitatem
3443 5295 3739 5358 relevavit;

2159 5401 2430 5455 lucrentur
2457 5407 2510 5452 et
2532 5397 2651 5467 ipsi,
2685 5408 2883 5465 perque
2903 5391 3086 5447 talium
3107 5399 3373 5460 gestorum
3396 5386 3640 5454 exempla
3671 5386 3738 5440 ad

2159 5494 2407 5564 pietatem
2440 5488 2816 5559 impellantur:
2847 5500 2953 5538 non
2981 5483 3122 5537 enim
3144 5493 3243 5534 nos
3273 5486 3505 5542 tantum,
3536 5478 3580 5531 si
3605 5476 3742 5545 ipso-

2157 5602 2275 5641 rum
2299 5599 2510 5653 semper
2541 5579 2904 5643 recordemur,
2929 5589 3112 5630 verum
3142 5580 3195 5628 et
3223 5578 3500 5641 posteros,
3550 5582 3741 5622 eorum

2163 5693 2278 5748 quae
2300 5675 2451 5732 nobis
2475 5679 2762 5729 evenerunt
2783 5667 3035 5734 narratio,
3057 5667 3294 5720 maxime
3309 5663 3506 5732 iuvare
3525 5661 3738 5732 poterit.
