3894 6226
251 324 348 378 ‘23!
1035 317 1090 372 S.
1131 317 1414 372 JOANNIS
1454 314 1930 371 CHRYSOSTOMI
1972 317 2290 372 ARCIIIEP.
2329 314 2873 370 CONSTANTINOP.
3582 308 3687 361 2'3!

246 439 526 510 ὠφελῆσαι
555 438 861 508 δυνήσεται.
895 435 1074 504 ’Λπερ
1093 427 1183 486 οὖν
1210 433 1422 486 ἅπαντα
1447 431 1805 500 λογιζόμενοι,
1842 431 1915 501 μὴ
2019 439 2149 506 ἡμῖν
2164 436 2436 504 οἰκονομεῖ
2461 432 2596 503 μετά
2616 430 2715 498 τῆς
2737 427 2887 498 αὐτῷ
2908 425 3220 496 πρεπούσης
3247 421 3687 492 (Panem,th-

252 529 414 598 μόνον
445 526 503 580 ἐν
526 528 593 597 τῇ
619 518 773 578 λύσει
807 522 914 577 τῶν
934 519 1142 584 δεινῶν,
1169 519 1301 572 ἀλλὰ
1323 519 1415 572 καὶ
1451 521 1506 571 ὲν
1536 521 1600 589 τῇ
1629 519 1915 588 συγχωρή-
2017 519 2084 594 ἧς
2122 523 2328 591 γένοιτο
2355 518 2615 590 διηνεκῶς
2650 519 2796 588 ἡμᾶς
2827 511 3227 575 ἀπολαύοντας,
3263 513 3356 563 καὶ
3396 512 3498 579 τῆς
3532 510 3692 580 βαςι-

253 596 335 668 ou
370 614 480 667 τῶν
511 596 699 667 δείνῶν
724 607 1132 680 εὐχαριστῶμεν
1160 605 1245 659 ἀεὶ
1277 604 1355 676 τῷ
1387 603 1752 675 φιλανθρώπῳ
1774 601 1916 672 Θεῷ,
2017 610 2164 674 λείας
2193 610 2300 664 τῶν
2331 606 2574 679 οὐρανῶν
2601 606 2900 673 ἐπιτυχεῖν,
2925 603 2984 655 ὲν
3013 597 3235 672 Χριστῷ
3261 597 3434 668 Ἰησοῦ
3464 596 3543 666 τῷ
3575 599 3695 649 Κυ-

253 703 358 756 ἁπό
386 720 444 756 τε
473 701 580 754 τῶν
604 699 760 752 Θειων
783 695 1034 768 Γραφῶν,
1068 693 1176 747 ἀπό
1197 710 1255 745 τε
1293 691 1399 745 τῶν
1430 693 1560 761 ἡμῖν
1596 689 1916 760 συμϐάντων
2022 701 2121 772 ρίφ
2145 699 2322 772 ἡμῶν,
2356 691 2400 766 ᾧ
2425 698 2459 767 ἡ
2489 696 2614 761 δόξα
2642 693 2736 746 καὶ
2758 691 2818 746 τὸ
2851 690 3050 761 κράτος
3086 689 3165 751 εἰς
3196 687 3322 758 τρὺς
3349 684 3550 748 αἰῶνας
3588 680 3668 733 τε,

245 790 385 842 αὐτὸ
415 789 478 860 δὴ
513 787 668 842 τοῦτο
701 797 726 826 ⁸
758 783 1037 856 μαθόνῖες,
1072 781 1147 843 ὡς
1186 779 1400 832 ἅπαντα
1425 778 1512 830 ἀεὶ
1555 776 1688 847 πρὸς
1713 775 1772 828 τὸ
1800 775 1917 828 δέον
2025 786 2250 838 αἰώνων,
2293 783 2485 855 ’Λμὴν,

321 879 344 904 ⁸
367 876 446 923 Sic
467 876 613 925 Savil.
640 878 692 921 et
711 873 807 921 duo
849 870 950 928 alii,
973 865 1159 916 rectius
1178 880 1321 928 quam
1355 863 1522 914 Montl’.
1546 865 1701 911 αὐτῶν
1726 863 1783 919 δὴ
1805 860 1916 910 τού-

257 955 366 986 των.
399 939 528 985 lion.

817 1429 1070 1436 —————-—-——-
1089 1427 2349 1440 *M—m—v—ym—m

811 1444 878 1449 -——
902 1443 1400 1449 ”‘———-~-———~~-—--——
1415 1441 2349 1452 --—-——-———‘————..——-———————————-——

2051 1427 3589 1454 Μ

1683 1429 3450 1454 W

762 1835 839 1893 IN
885 1831 1393 1894 CATECHESES
1431 1829 1745 1889 PRIMAM
1799 1829 1902 1887 ΕΤ
1947 1829 2379 1891 SECUNDAM
2415 1829 2518 1888 AD
2559 1830 3166 1893 ILLUMINANDOS

414 2268 565 2322 llanc
603 2263 913 2321 catechesin
945 2278 1010 2317 cx
1056 2261 1218 2315 unico
1251 2259 1494 2320 Foderici
1531 2258 1735 2312 Morelli
1759 2259 1946 2314 codice
1979 2273 2040 2314 se
2066 2267 2373 2313 mutuatum
2405 2275 2524 2314 esse
2557 2261 2878 2315 testiﬁcatur
2903 2260 2958 2313 in
2999 2259 3144 2315 notis
3185 2260 3322 2316 infra
3360 2259 3451 2316 Fr.
3485 2261 3598 2318 Du-

341 2395 507 2446 ca-us,
545 2393 704 2448 quem
745 2375 990 2430 codicem
1027 2371 1290 2427 hactenus
1318 2370 1558 2426 nancisci
1595 2385 1701 2424 non
1737 2369 2036 2440 potuimus.
2092 2369 2412 2424 lnscribitur
2458 2379 2638 2425 autem
2695 2373 3008 2442 Κατήχησις
3050 2373 3263 2445 πρώτη,
3299 2373 3597 2429 (ΣαιεντΙιεεὶσ

342 2500 541 2570 prima,
577 2495 669 2566 qui
705 2493 900 2548 titulus
933 2487 1097 2542 aliam
1135 2485 1218 2538 vel
1253 2483 1390 2538 alias
1416 2482 1732 2537 catrchescs
1769 2481 1910 2536 hanc
1939 2481 2336 2550 subsequentcs
2374 2479 2594 2535 indicat.
2623 2479 2837 2535 Nullam
2869 2497 3034 2552 porro
3077 2483 3236 2536 aliam
3288 2485 3597 2540 caucimsin

345 2621 398 2673 in
431 2611 807 2687 Chrysostomi
845 2606 1104 2678 cperibus
1146 2601 1384 2668 invenio,
1417 2616 1537 2670 quae
1565 2599 1706 2654 hanc
1735 2598 1891 2668 sequi
1943 2599 2200 2668 potuerit,
2238 2599 2342 2654 nisi
2379 2598 2656 2653 homiliam
2691 2597 3008 2653 vicesimam
3055 2595 3285 2668 primam
3326 2595 3390 2649 ad
3420 2609 3599 2664 popu-

343 2733 454 2788 lum
493 2726 894 2782 Antiocbenum
929 2763 945 2788 ,
978 2736 1100 2790 quae
1138 2721 1263 2772 item
1296 2716 1634 2776 inscribitur.
1667 2715 1881 2786 Κατήχτ

2062 2714 2293 2787 ρὸςτοὺς
2322 2715 2616 2786 μέλλοντας
2661 2715 3009 2787 φωτίζεσθαι,
3044 2714 3338 2770 Catechesis
3371 2714 3439 2769 ad
3475 2713 3600 2767 illu-

352 2847 666 2908 minandos;
705 2841 890 2898 habita
918 2851 1051 2894 vero
1079 2835 1182 2889 fuit
1214 2834 1358 2889 circa
1390 2832 1549 2886 tinem
1583 2829 2026 2900 Quadragesima:
2065 2830 2218 2894 anni,
2252 2841 2310 2885 ut
2347 2840 2541 2901 putant
2569 2832 2758 2902 aliqui,
2789 2832 2913 2887 588.
2945 2831 3062 2898 Qua
3095 2831 3161 2886 de
3192 2847 3250 2886 re
3279 2830 3438 2886 infra.
3474 2830 3600 2886 Hzec

352 2973 542 3033 porro,
583 2956 651 3011 de
688 2969 796 3024 qua
827 2964 973 3005 nunc
1007 2951 1207 3018 agitur,
1245 2949 1429 3003 habita
1464 2962 1683 3019 quoque
1717 2947 1818 3002 fuit
1847 2947 1898 3001 in
1935 2947 2379 3020 Quadragesima,
2412 2951 2632 3021 triginta
2664 2966 2856 3021 nempe
2884 2951 3077 3006 diebus
3111 2959 3237 3005 ante
3266 2950 3504 3017 Pascha,
3538 2960 3601 3006 ut

349 3081 617 3136 indicatur
648 3092 798 3131 num.
831 3077 882 3131 4.
917 3076 972 3128 1η
1006 3075 1163 3146 cujus
1195 3088 1324 3128 vero
1355 3072 1484 3128 anni
1528 3071 1955 3144 Quadragesima
1987 3075 2334 3144 pronuntiata
2369 3073 2532 3129 fuerit
2563 3073 2674 3144 jam
2707 3051 3081 3143 quaerendum.
3109 3076 3268 3132 Certe
3299 3075 3345 3131 si
3377 3075 3598 3147 longum

349 3210 537 3252 contra
571 3197 786 3264 iurandi
829 3197 1280 3252 consuetudinem
1325 3196 1620 3268 epilogum,
1653 3210 1763 3266 quo
1795 3195 2072 3250 clauditur
2121 3196 2321 3260 oratio,
2381 3194 2749 3257 attendamus,
2782 3194 2832 3247 in
2865 3192 3296 3264 Quadragesima
3329 3194 3455 3248 anni
3495 3193 3602 3248 587

349 3309 657 3364 catcchesin
695 3309 834 3364 hanc
863 3308 1262 3362 constituemus
1291 3323 1303 3360 :
1341 3321 1434 3376 per
1463 3314 1630 3359 totam
1664 3303 1808 3359 enim
1832 3303 1978 3358 illam
2007 3303 2492 3374 Quadragesimam
2528 3303 2782 3358 homilias
2821 3303 2930 3358 fere
2958 3319 3170 3365 omnes.
3211 3319 3348 3373 quas
3376 3318 3604 3357 numero

350 3428 412 3480 21
452 3427 744 3491 habemus,
780 3426 1100 3495 hujusmodi
1133 3435 1324 3480 contra
1348 3425 1657 3495 juramenta
1687 3424 2161 3481 adhortationibus
2187 3425 2365 3479 claudi
2398 3425 2694 3488 cernimus,
2721 3424 2794 3478 ita
2833 3433 2891 3478 ut
2927 3425 2978 3478 in
3033 3423 3214 3493 aliqua
3243 3438 3427 3477 earum
3457 3422 3604 3476 circa

351 3542 511 3595 tinem
539 3539 1013 3610 Quadragesimae,
1042 3553 1106 3593 ex
1141 3537 1368 3594 curandi
1406 3535 1726 3592 assiduitate
1773 3551 1909 3607 pene
1941 3535 2226 3606 depulsum
2288 3536 2538 3591 morbum
2603 3551 2724 3591 esse
2789 3533 3111 3588 testificetur
3163 3535 3602 3605 Chrysostomus.

355 3654 544 3725 Itaque
575 3663 636 3709 ut
658 3668 779 3708 eam
816 3653 868 3706 in
900 3669 1106 3707 annum
1139 3651 1244 3706 587
1277 3651 1644 3717 conferamus,
1681 3662 1793 3707 tum
1831 3653 1946 3707 haec
1976 3653 2117 3707 ratio
2153 3652 2377 3716 suadet,
2408 3662 2522 3706 tum
2557 3653 2719 3707 etiam
2769 3653 2874 3706 alia
2909 3669 2974 3707 ex
3023 3653 3179 3708 titulo
3236 3652 3438 3723 petita:
3481 3667 3606 3706 nam

353 3773 650 3830 Catechesis
681 3774 856 3845 prima
891 3783 1256 3843 congruenter
1287 3773 1624 3841 inscribitur,
1672 3775 1720 3830 si
1761 3775 1922 3830 aliam
1953 3777 2106 3846 sequi
2163 3777 2472 3832 catechesin
2539 3776 3054 3848 deprehendamus;
3111 3789 3234 3830 cum
3284 3783 3463 3828 autem
3518 3773 3610 3826 illa

351 3891 520 3946 altera
555 3890 859 3948 catcchesis
893 3892 976 3946 vel
1011 3893 1064 3946 in
1097 3892 1529 3964 Quadragcsima
1561 3893 1689 3947 anni
1721 3893 1825 3948 587
1849 3935 1864 3958 ,
1901 3904 1958 3949 ut
2000 3910 2097 3950 nos
2138 3897 2480 3966 probabilius
2530 3895 2935 3958 existimamus,
2965 3893 3048 3947 vel
3090 3891 3142 3945 in
3197 3890 3444 3960 sequenti
3479 3890 3611 3943 anni

351 4007 483 4072 588,
515 4017 573 4062 ut
603 4005 986 4063 Tillemontius
1047 4005 1328 4078 Opinatur,
1368 4006 1682 4076 reponenda
1718 4005 1811 4073 sit,
1848 4005 2024 4078 prima
2079 4006 2132 4061 in
2166 4005 2652 4075 Quadragesimam
2703 4006 2833 4062 anni
2867 4005 2970 4059 387
3006 3999 3244 4058 conferri
3303 4014 3464 4070 posse
3525 4000 3608 4054 vi-

353 4123 530 4180 detur.

429 4277 535 4332 Sed
576 4278 628 4332 in
657 4279 798 4334 hanc
826 4281 1087 4350 temporis
1122 4291 1306 4336 notam
1337 4297 1446 4337 non
1482 4283 1788 4353 spernenda
1818 4283 2064 4352 quaedam
2105 4285 2296 4354 objicit
2325 4283 2740 4347 Tillemontius,
2782 4285 2873 4354 qui
2925 4285 3132 4338 mavult
3185 4284 3333 4340 illam
3376 4282 3430 4336 in
3461 4282 3614 4348 Qua-

356 4393 722 4463 dragesimam
755 4392 882 4445 anni
920 4392 1026 4446 588
1058 4393 1352 4464 conjicere.
1385 4391 1564 4462 Hujus
1592 4395 1944 4450 catecheseos
1979 4395 2175 4450 habita:
2203 4396 2341 4460 dies,
2377 4397 2573 4467 inquit,
2611 4397 2656 4452 si
2687 4377 2908 4467 triginta
2950 4395 3068 4452 dies
3092 4411 3121 4451 a
3150 4395 3414 4452 Paschatc
3463 4407 3617 4452 retro

360 4521 632 4571 numeres,
665 4505 717 4558 in
754 4503 1151 4560 hebdomadem
1182 4506 1395 4562 tertiam
1443 4514 1569 4576 post
1587 4503 1799 4560 Pascha
1833 4507 2060 4576 incidit;
2092 4508 2238 4578 atqui
2275 4524 2422 4564 anno
2461 4509 2567 4566 587
2605 4527 2700 4581 per
2729 4521 2897 4566 totam
2934 4510 3081 4565 illam
3129 4511 3525 4566 hebdomadem
3558 4526 3618 4566 se

358 4621 575 4677 siluisse
603 4628 657 4674 et
692 4634 720 4672 a
753 4617 1110 4674 concionilms
1145 4614 1475 4671 abstinuisse
1525 4614 1852 4670 testiﬁcatur
1882 4614 2313 4686 Chrysostomus
2343 4615 2498 4671 Hom.
2536 4617 2604 4671 XI
2638 4619 2704 4672 ad
2736 4622 3002 4691 populum
3030 4621 3454 4690 Antiochenum,
3486 4625 3618 4694 quia

364 4745 472 4790 tota
513 4733 730 4796 civitas,
766 4731 836 4784 oh
885 4730 1188 4800 proximam
1227 4745 1349 4800 quae
1405 4738 1624 4800 propter
1675 4745 1893 4784 eversas
1942 4736 2152 4783 statuas
2185 4729 2600 4798 exspectabatur
2658 4732 2944 4799 ultionem,
2985 4743 3222 4791 tremore
3281 4737 3621 4808 horroreque

355 4848 512 4924 {225]
557 4849 710 4919 plena
741 4857 880 4912 erat,
915 4861 979 4901 ac
1013 4845 1212 4915 singuli
1247 4847 1367 4916 plus
1399 4847 1466 4903 de
1499 4847 1625 4918 fuga
1660 4846 2018 4918 capessenda,
2062 4862 2226 4917 quam
2260 4847 2328 4902 de
2362 4847 2630 4903 adeundis
2663 4848 3022 4905 concionibus
3047 4850 3379 4921 cogitabant.
3412 4851 3620 4909 Deinde

359 4969 406 5024 si
435 4967 489 5021 in
529 4969 678 5018 tanta
711 4959 866 5016 urbis
895 4958 1208 5015 calamitate
1235 4960 1660 5016 catechumenos
1687 4961 1959 5015 allocutus
1987 4969 2154 5023 esset,
2183 4975 2360 5014 annon
2395 4961 2674 5032 quidpiam
2703 4961 2770 5017 de.
2800 4963 2892 5018 illa
2921 4962 3168 5018 omnium
3209 4963 3424 5020 animos
3453 4980 3623 5022 occu-
3669 4971 3672 4974 ’

369 5083 532 5147 pantc
565 5071 858 5126 formidine
893 5071 1127 5142 carptim
1154 5074 1348 5130 saltem
1381 5077 1600 5134 locutus
1631 5077 1819 5132 esset?
1849 5074 1921 5132 Ut
1949 5092 2078 5132 vero
2110 5091 2428 5148 argumenta
2460 5080 2548 5134 illa
2576 5081 2831 5137 subtilius
2861 5083 3202 5137 excutiamus
3233 5103 3245 5138 :
3287 5087 3432 5153 quod
3467 5085 3622 5154 prius

367 5189 581 5260 objicit,
623 5189 1080 5260 Chrysostomum
1115 5203 1311 5260 nempe
1341 5197 1630 5258 per'totam
1673 5188 2064 5245 hebdomadem
2099 5191 2309 5246 tertiam
2344 5191 2784 5266 Quadragesimz
2830 5193 3088 5259 tacuisse,
3123 5205 3180 5248 ut
3212 5196 3326 5265 ipse
3363 5198 3622 5253 testiﬁca-

365 5311 451 5354 tur
482 5300 640 5356 initio
667 5299 910 5355 humilia:
950 5299 1251 5357 undecimae
1281 5301 1345 5356 ad
1381 5299 1643 5370 populum
1673 5299 2094 5364 Antiochenum,
2129 5310 2293 5372 atque
2330 5303 2467 5358 adeo
2506 5319 2612 5358 non
2645 5307 2892 5374 potuisse
2941 5309 3030 5364 illa
3071 5309 3410 5365 hebdomade
3477 5311 3624 5367 hanc

365 5423 671 5478 catechesin
707 5423 948 5488 habere;
987 5423 1062 5486 id,
1104 5419 1347 5490 inquam,
1385 5417 1471 5472 vel
1505 5415 1674 5487 ipsius
1705 5415 2038 5474 Tillemontii
2068 5418 2277 5488 judicio
2312 5420 2518 5474 nullum
2548 5430 2631 5476 est
2671 5438 2683 5474 :
2733 5437 2859 5476 nam
2903 5422 2978 5476 ait
3019 5421 3237 5492 quidem
3289 5419 3624 5490 Chrysosto-

367 5553 508 5602 mus,
537 5540 635 5594 Διὰ
661 5540 833 5603 ,τοῦτο
881 5543 976 5594 καὶ
1019 5540 1182 5610 ἡμεῖς
1227 5535 1325 5598 τὰς
1372 5534 1681 5605 ἔμπροσθεν
1720 5533 1905 5596 ταύτας

2086 5537 2296 5606 ἡσαμεν
2338 5537 2573 5608 ἡμέρας,
2625 5535 2753 5592 Ideo
2784 5553 2878 5592 nos
2925 5537 3005 5590 his
3034 5535 3393 5605 superioribus
3439 5535 3622 5588 diebus

371 5651 674 5715 iacuimus;
709 5655 801 5709 sed
832 5670 940 5708 non
975 5653 1110 5709 dicit
1134 5670 1192 5710 se
1219 5667 1318 5724 per
1355 5651 1748 5707 hebdomadem
1782 5651 2052 5725 integram
2099 5654 2316 5710 siluisse
2342 5695 2356 5719 ,
2390 5666 2552 5726 atque
2603 5657 2723 5727 ipso
2774 5655 2976 5711 fatente
3029 5653 3377 5709 Tillemontio
3429 5668 3480 5722 Ρ.
3525 5653 3617 5716 τι,

371 5763 545 5832 potuit
576 5764 715 5819 hanc
739 5767 1057 5822 concionem
1091 5769 1158 5825 XI
1189 5770 1386 5827 habere
1420 5770 1522 5826 sub
1559 5769 1720 5826 finem
1783 5772 2140 5827 hebdomadis
2183 5774 2374 5840 tet-tim,
2417 5776 2498 5828 vel
2563 5777 2718 5830 initio
2753 5789 2978 5846 quartzr.
3037 5773 3305 5828 Pouamus
3358 5771 3616 5827 habuisse
