3894 6226
314 335 408 389 ea:
1142 327 1230 383 AD
1262 322 1774 383 lLLUMlNANDOS
1797 324 2222 386 CATECHESIS
2248 331 2289 386 ι.
2324 361 2394 370 --
2426 331 2756 386 noxrrun.
3491 354 3596 407 ειη

313 445 446 515 Quae
465 448 643 505 omnia
669 451 1070 521 ratiocinantes,
1100 467 1207 508 non
1233 461 1438 510 tantum
1457 456 1509 509 in
1530 453 1772 524 gravium
1809 467 1899 509 so-
2009 454 2338 528 benignitate
2371 457 2472 514 sibi
2497 474 2710 531 semper
2735 461 3076 518 convenienti
3107 480 3119 516 :
3153 478 3253 533 qua
3271 477 3370 517 nos
3386 477 3590 534 Scalth

313 542 534 609 lutione,
569 559 754 600 rerum
781 554 834 601 et
859 545 912 600 in
937 545 1130 602 horum
1161 547 1521 616 permissione
1549 562 1764 618 semper
1787 548 1900 602 cle-
2011 549 2267 617 fruentes,
2295 550 2548 606 crelorum
2575 567 2787 625 quoque
2807 569 3029 626 regnum
3058 555 3270 626 assequi
3293 555 3587 625 contingat,

314 634 648 690 mentissimo
676 636 787 692 Deo
815 638 1015 708 gratias
1043 654 1283 710 agamus,
1316 647 1428 694 tum
1451 655 1518 694 ex
1546 639 1741 694 divinis
1761 640 1905 695 Scri-
2009 642 2061 696 in
2080 641 2292 698 Christo
2309 642 2434 700 Jesu
2463 644 2689 701 Domino
2710 654 2915 713 nostro,
2948 646 3032 702 cui
3046 647 3214 720 gloria
3235 658 3287 703 et
3311 647 3592 718 imperium

314 726 502 794 pluris,
527 735 637 782 tum
661 743 727 784 ex
753 728 838 796 iis,
864 745 983 800 quae
1004 731 1158 786 nobis
1191 731 1514 797 acciderunt,
1557 731 1733 787 edocti
1782 747 1902 787 eum
2011 737 2065 791 in
2094 736 2285 792 szecula
2317 736 2657 793 smculorum.
2678 739 2868 794 Amen.

319 819 500 874 omnia
527 834 749 892 semper
776 820 841 878 ad
865 822 1145 878 utilitatem
1189 833 1424 880 nostram
1457 824 1768 894 dispensare
1785 838 1902 879 cum

1737 1849 2110 1912 MONITUM

329 2281 468 2340 feria
498 2289 647 2336 sexta
676 2278 850 2351 tertiae
879 2277 1273 2344 hebdomadis;
1306 2293 1430 2332 cum
1459 2279 1514 2332 in
1542 2277 1827 2332 sabbatum
1860 2291 2098 2348 sequens
2131 2275 2375 2347 ejusdem
2409 2273 2765 2330 hebdomadis
2794 2270 2953 2328 cadat
2978 2272 3253 2343 trigesima
3291 2273 3406 2329 dies
3445 2290 3572 2334 ante

327 2396 554 2462 Pascha,
584 2394 688 2448 hac
715 2392 802 2448 die
830 2390 1139 2448 catechesin
1180 2390 1450 2456 habuerit,
1483 2390 1731 2460 nihilque
1761 2397 1877 2444 tum
1911 2388 2146 2446 ollicient
2180 2389 2345 2446 verba
2377 2389 2466 2444 illa
2492 2387 2733 2443 homiliae
2761 2387 2831 2442 XI
2862 2388 2949 2444 die
2985 2388 3308 2459 praecedenti
3351 2389 3564 2454 habitas.

330 2511 431 2564 llis
465 2506 821 2580 superioribus
854 2504 1037 2561 diebus
1066 2507 1348 2561 tacuimus.
1383 2503 1612 2560 Etiamsi
1644 2519 1772 2559 vero
1809 2519 2077 2574 ponamus
2100 2505 2350 2560 habitam
2384 2503 2551 2560 fuisse
2597 2503 2873 2558 homiliam
2906 2503 3246 2558 undecimam
3280 2504 3365 2558 die
3405 2503 3570 2570 Luna:

328 2623 414 2676 vel
447 2621 579 2676 feria
608 2617 847 2676 secunda
877 2617 1233 2674 hebdomadis
1262 2626 1507 2689 quartae:
1542 2633 1667 2672 cum
1712 2616 1853 2672 hanc
1885 2615 2196 2671 catechesin
2251 2615 2320 2670 ad
2374 2615 2521 2670 solos
2549 2615 2778 2684 juvenes
2839 2615 3285 2683 catechumenos,
3343 2617 3570 2673 seclusis

329 2735 588 2790 onmibus
614 2734 756 2797 aliis,
790 2730 1064 2796 habuerit,
1095 2727 1239 2799 quod
1276 2727 1460 2797 utique
1490 2727 1830 2797 exploratum
1860 2734 1966 2792 est,
1998 2734 2144 2781 recte
2171 2725 2354 2781 dicere
2383 2726 2578 2795 potuit,
2613 2723 2744 2780 feria
2771 2726 3009 2781 secunda
3051 2727 3387 2796 insequenti,
3441 2729 3567 2784 dum

323 2865 503 2910 totum
532 2853 719 2924 pepuli
746 2861 948 2908 cretum
981 2849 1376 2920 alloqueretur,
1417 2864 1475 2904 se
1505 2849 1740 2915 siluisse,
1774 2849 1870 2919 qui
1892 2849 2209 2904 concionem
2241 2849 2306 2904 ad
2339 2865 2435 2906 eos
2472 2849 2676 2904 nullam
2713 2849 3088 2920 superioribus
3118 2849 3310 2904 diebus
3361 2848 3570 2905 habue-

324 2980 411 3026 rat
437 2990 450 3026 :
478 2985 605 3025 nam
635 2969 910 3026 silentium
948 2961 1078 3022 illud
1107 2976 1200 3018 eos
1226 2961 1375 3016 solos
1406 2961 1644 3032 respicit,
1677 2975 1817 3030 quos
1851 2968 1963 3013 tum
1994 2959 2311 3029 alloquitur.

403 3156 513 3214 Sed
552 3157 649 3227 qui
681 3155 795 3211 ﬁeri
815 3128 1031 3226 potest,
1060 3157 1236 3228 pergit
1264 3154 1668 3217 Tillemontius,
1707 3161 1765 3207 ut
1794 3161 1939 3207 tanta
1971 3153 2208 3208 instante
2237 3153 2549 3218 formidine,
2581 3168 2706 3210 cum
2741 3156 2931 3228 ingens
2963 3157 3248 3214 calamitas
3285 3168 3571 3230 exspecta-

320 3279 491 3334 retur,
525 3285 592 3326 ne
634 3269 858 3324 verbum
893 3267 1117 3339 quidem
1148 3269 1215 3323 de
1245 3268 1334 3322 illa
1372 3267 1423 3319 in
1455 3267 1554 3320 hac
1584 3266 1855 3320 catechesi
1891 3265 2100 3320 faciat?
2133 3265 2331 3321 Fateor
2367 3265 2654 3322 hinc'mihi
2680 3267 2960 3339 quidpiam
2984 3270 3227 3339 scrupuli
3262 3270 3416 3338 oriri,
3460 3286 3566 3327 non

323 3391 455 3445 tanti
497 3398 705 3455 tamen,
743 3399 804 3443 ut
828 3403 915 3444 me
952 3404 982 3442 a
1013 3383 1277 3442 sententia
1307 3381 1599 3435 dimoveat.
1634 3377 1768 3433 Nam
1808 3395 1930 3450 quae
1962 3378 2028 3431 ad
2062 3377 2426 3432 calamitatem
2463 3377 2610 3433 illam
2649 3377 2728 3432 vel
2760 3378 3156 3447 imminentem,
3186 3380 3270 3434 vel
3302 3384 3567 3453 aliquate-

330 3516 436 3556 nus
467 3501 710 3558 sedatam
753 3502 1095 3572 spcctabant,
1128 3499 1182 3551 in
1218 3505 1361 3552 cmtu
1391 3495 1612 3566 quidem
1646 3503 1698 3548 et
1723 3494 1776 3548 in
1806 3495 2163 3549 concionibus
2196 3494 2459 3563 publicis,
2489 3493 2806 3567 παθητικῶς
2862 3495 3167 3553 describere
3220 3500 3426 3557 solebat
3466 3521 3480 3556 ε
3515 3506 3568 3558 in

323 3617 594 3674 catechesi
622 3631 751 3672 vero
779 3617 847 3672 ad
874 3615 1023 3672 solos
1047 3615 1300 3686 juvenes,
1331 3613 1424 3684 qui
1468 3613 1521 3667 in
1549 3612 1812 3668 Pascbate
1841 3611 2186 3665 illuminandi
2221 3620 2396 3676 erant,
2436 3609 2638 3677 habita,
2705 3625 2830 3666 cum
2883 3610 2948 3666 de
2983 3613 3090 3668 illis
3121 3614 3187 3668 ad
3237 3614 3566 3685 baptismum

320 3732 698 3802 accipiendum
735 3732 1079 3791 instituendis
1117 3743 1326 3790 tantum
1373 3743 1644 3806 ageretur,
1673 3733 1850 3802 potuit
1878 3732 2302 3804 Chrysostomus
2335 3749 2364 3786 a
2416 3730 2766 3801 deploraudis
2804 3731 3117 3803 huiusmodi
3171 3735 3566 3793 calamitatibus

324 3847 618 3918 abstinere,
655 3864 858 3922 easque
885 3851 952 3906 ad
975 3853 1268 3924 populares
1301 3853 1552 3907 homilias
1584 3865 1879 3907 reservare.

387 4054 563 4109 Aliam
599 4051 728 4107 huic
758 4050 1143 4123 subjungimus
1179 4052 1508 4116 catechesin,
1537 4066 1656 4120 quae
1689 4052 1950 4106 hactenus
1986 4052 2126 4106 inter
2158 4048 2411 4105 homilias
2446 4050 2512 4105 ad
2548 4049 2809 4121 populum
2841 4049 3242 4106 Antiochenum
3273 4061 3330 4108 et
3358 4053 3424 4108 de
3455 4064 3566 4110 sta-

329 4171 434 4227 tuis
468 4170 721 4226 vicesima
749 4168 925 4240 prima
957 4169 1218 4223 collocata
1247 4169 1445 4224 fuerat.
1475 4166 1832 4222 Pronuntiata
1858 4175 2037 4220 autem
2073 4163 2198 4228 fuit,
2234 4173 2290 4218 ut
2323 4163 2399 4220 ait
2434 4163 2592 4220 initio
2641 4162 3089 4234 Chrysostomus,
3151 4161 3340 4216 decem
3373 4161 3566 4221 diebus

331 4300 448 4362 post
481 4291 642 4345 aliam
676 4284 1006 4351 catechesin,
1040 4299 1201 4354 quam
1233 4284 1286 4338 in
1314 4285 1502 4339 eadem
1539 4283 1656 4353 ipsa
1685 4280 2109 4352 Quadragesima
2145 4279 2432 4336 habuerat.
2465 4276 2582 4334 Etsi
2628 4293 2756 4351 vero
2791 4295 2899 4337 non
2944 4282 3118 4336 ausim
3161 4284 3431 4341 alﬁrmare
3475 4302 3568 4342 ca-

319 4400 569 4457 techesin
597 4399 768 4464 illam,
802 4411 927 4467 quae
961 4395 1016 4449 in
1047 4395 1150 4451 hac
1176 4396 1332 4466 quasi
1364 4395 1550 4450 decem
1588 4403 1715 4450 ante
1740 4395 1932 4450 diebus
1964 4394 2148 4450 habita
2179 4401 2534 4458 memoratur,
2568 4407 2687 4448 eam
2728 4408 2871 4462 esse,
2922 4413 3085 4457 quam
3129 4401 3362 4470 primam
3411 4405 3566 4473 poni-

325 4536 468 4587 mus,
495 4517 632 4574 nihil
668 4525 846 4571 tamen
881 4519 1146 4583 repugnat
1174 4511 1418 4566 eamdem
1447 4511 1619 4581 ipsam
1648 4526 1806 4566 esse:
1857 4510 2129 4580 siquidem
2164 4510 2280 4565 haec
2336 4511 2561 4580 perinde
2611 4519 2774 4581 atque
2826 4512 2914 4567 illa
2955 4515 3118 4585 paulo
3163 4526 3287 4588 post
3343 4533 3564 4576 eversas

319 4646 528 4695 statuas
554 4635 739 4691 habita
768 4632 940 4690 fuisse
967 4630 1201 4696 videtur,
1240 4641 1299 4686 ut
1337 4645 1405 4684 ex
1450 4629 1518 4685 iis
1548 4645 1670 4700 quae
1719 4631 1787 4686 de
1826 4631 1917 4686 illa
1949 4632 2066 4703 ipsa
2123 4641 2427 4688 statuarum
2493 4634 2777 4691 eversione
2829 4636 3109 4705 dicuntur,
3159 4641 3314 4711 argui
3364 4650 3564 4712 potest.

311 4757 470 4826 Quod
496 4767 679 4814 autem
729 4756 797 4811 de
830 4751 1161 4825 juramentis
1198 4750 1332 4805 nihil
1373 4750 1590 4818 habeat,
1635 4759 1828 4806 contra
1875 4767 2039 4822 quam
2088 4752 2140 4806 in
2173 4753 2430 4808 omnibus
2470 4769 2566 4824 per
2612 4755 2764 4810 illam
2819 4755 3311 4833 Quadragesimam
3361 4764 3565 4820 habilis

317 4877 679 4935 concionibus
706 4878 1047 4941 observatur,
1078 4875 1169 4929 ubi
1203 4890 1417 4944 semper
1457 4873 1524 4929 de
1569 4874 1887 4945 juramento
1920 4873 2145 4928 vitando
2199 4874 2343 4929 circa
2400 4874 2562 4930 finem
2614 4875 2833 4946 agitur;
2890 4882 2964 4945 id,
3022 4879 3264 4951 inquam,
3316 4882 3566 4938 nonnihil

315 4992 566 5063 scrupuli
599 5006 817 5048 movere
846 4993 1018 5064 possit
1044 5011 1060 5061 ;
1090 4995 1205 5063 sed,
1248 5005 1308 5051 ut
1332 5011 1492 5051 nemo
1523 5011 1632 5050 non
1659 4995 1826 5060 videt,
1859 5009 1968 5049 non
2002 4993 2124 5049 talis
2155 4995 2446 5065 scrupulus
2474 5005 2577 5062 est,
2638 4995 2734 5067 qui
2776 4996 2926 5053 solus
2955 4997 3009 5054 in
3067 4996 3353 5055 adversam
3384 4999 3568 5055 trahat

309 5107 659 5163 sententiam.
690 5106 826 5165 Utut
852 5126 979 5168 vero
1006 5112 1096 5179 sit,
1130 5113 1270 5170 hanc
1297 5114 1604 5169 catechesin
1650 5114 1946 5169 secundam
1983 5114 2361 5183 inscribimus,
2388 5116 2515 5188 quia
2554 5125 2680 5188 post
2704 5116 2874 5182 illam,
2918 5133 3083 5189 quam
3131 5120 3368 5191 priorem
3403 5117 3562 5186 poni-

309 5239 454 5292 mus,
493 5225 692 5281 dictam
719 5226 891 5284 l‘uisse
919 5230 1269 5288 arbitramur.
1302 5233 1454 5289 Hanc
1506 5249 1668 5304 porro
1695 5235 1989 5290 secundam
2037 5235 2344 5292 catechesin
2411 5251 2520 5293 non
2571 5252 2695 5294 esse
2746 5234 2896 5294 illam
2948 5252 3068 5308 quae
3116 5243 3452 5299 memoratur
3505 5232 3559 5288 in

308 5341 547 5401 Humilia
587 5342 668 5401 De
689 5346 902 5403 diabolo
937 5357 1217 5418 tentatorc,
1246 5353 1299 5407 in
1329 5353 1575 5422 sequenti
1613 5351 1816 5407 Μοιιὶιο
1847 5354 2166 5423 probamus.

379 5540 580 5599 Primae
611 5545 966 5603 cateclieseos
1000 5547 1499 5618 interpretationem
1533 5548 1782 5606 Latinam
1825 5552 2116 5622 anonymi,
2151 5566 2273 5622 quae
2305 5553 2358 5606 in
2391 5551 2553 5608 editis
2585 5550 3083 5618 ferebatur,utpote
3118 5545 3428 5601 i..tricatam
3457 5547 3562 5600 mi-

311 5674 524 5727 nusque
554 5670 814 5717 accurate
844 5661 1248 5734 concinnatam,
1285 5666 1594 5737 rejecimns,
1639 5681 1946 5738 novamque
1968 5667 2304 5738 paravimus.
2336 5665 2849 5737 lnterpretationem
2882 5680 3013 5721 vero
3032 5663 3284 5723 secundae
3313 5661 3560 5720 cateche-

309 5787 432 5830 seos
462 5775 725 5836 Bernardi
763 5776 1030 5845 Brixiani,
1063 5777 1274 5848 aliquot
1301 5778 1354 5833 in
1390 5779 1526 5835 locis
1563 5779 1928 5848 emendatam,
1963 5796 1994 5837 c
2022 5780 2243 5850 regione
2275 5778 2585 5836 Graecorum
2621 5779 2901 5851 ponimus.
