3894 6226
338 295 444 354 225

1032 297 1087 354 S.
1117 297 1396 355 JOANNIS
1423 293 1894 352 CHRYSOSTOMI
1923 293 2237 350 ARClllEP.
2268 293 2802 352 CONSTANTINOP.

1132 913 1333 1022 ΟΛ
1346 912 1553 1021 ΤΕ
1568 913 2116 1023 CHESIS
2180 909 2728 1017 PRIMA

343 1244 418 1287 ΑΙ)
461 1242 956 1299 ιιιυΜιΝΑΝυοδ,
988 1244 1068 1285 ET
1111 1244 1232 1286 CUR
1277 1244 1615 1287 LAVACRUM
1670 1244 1933 1285 REGENE]

2023 1240 2242 1294 I‘IONIS,
2288 1237 2412 1280 NON
2459 1237 2677 1282 AUTEM
2749 1235 3142 1280 REMISSIONIS
3193 1233 3608 1279 PECCATORU!

414 1342 515 1385 DIC
525 1343 689 1384 Ατυιι
737 1345 751 1384 ε

414 1444 615 1486 RECTE
657 1444 683 1486 J
695 1443 962 1489 UREMUS.

405 1886 454 1939 l.
497 1884 663 1950 Quam
693 1882 1060 1939 desiderabilis
1089 1880 1439 1949 amabilisquc
1470 1877 1624 1932 nobis
1648 1885 1731 1932 est
1758 1875 1913 1945 juve-

332 1993 457 2031 num
487 1975 706 2030 fratrum
734 1975 962 2029 chorus!
993 1990 1086 2029 vos
1113 1975 1252 2028 enim
1295 1971 1485 2026 fratres
1513 1970 1595 2025 vel
1642 1977 1764 2024 ante
1793 1983 1916 2038 par-

331 2077 440 2121 tum
471 2082 624 2131 voco,
657 2081 948 2135 eorumque
972 2065 1060 2136 qui
1093 2063 1328 2119 nondum
1361 2063 1467 2116 nati
1495 2069 1617 2116 sunt
1641 2059 1914 2131 cognatio~

331 2175 450 2214 ncm
479 2161 788 2227 amplector.
813 2158 942 2212 Novi
969 2159 1184 2228 quippe,
1217 2156 1467 2226 clareque
1493 2154 1634 2218 novi,
1665 2154 1718 2207 in
1738 2168 1910 2222 quan-

332 2262 440 2307 tum
499 2251 795 2317 honorem,
849 2252 900 2306 in
950 2261 1204 2320 quantum
1249 2248 1600 2318 principatum
1654 2244 1914 2301 evehendt

329 2345 464 2398 sitis.
488 2344 597 2399 Eos
625 2355 825 2410 autem,
847 2343 935 2413 qui
979 2342 1330 2412 principatum
1356 2340 1624 2409 accepturi
1653 2345 1796 2402 sunt,
1830 2336 1914 2390 vel

327 2444 608 2504 antequam
640 2435 918 2504 accipiant,
968 2435 1142 2488 solent
1180 2447 1366 2486 omnes
1410 2433 1694 2497 honorare,
1725 2441 1781 2484 ut
1812 2429 1913 2482 hu-

329 2525 554 2595 iusmodi
581 2526 835 2594 obsequio
867 2540 1050 2579 eorum
1085 2524 1184 2577 sibi
1212 2522 1632 2578 benevolentiam
1675 2521 1738 2575 ad
1772 2520 1914 2575 futu-

330 2633 446 2670 rum
501 2617 837 2670 commodum
887 2622 1120 2683 captent.
1176 2614 1288 2669 Hoc
1334 2624 1388 2669 et
1434 2629 1533 2683 ego
1583 2614 1758 2680 facio;
1807 2629 1914 2667 non

330 2707 502 2760 solum
532 2707 673 2761 enim
701 2706 767 2760 ad
813 2707 1186 2776 principatum,
1235 2704 1331 2760 sed
1372 2705 1439 2759 ad
1479 2705 1649 2775 ipsum
1694 2721 1914 2775 regnum

333 2798 679 2866 promovendi
713 2798 876 2862 estis;
913 2801 1021 2851 imo
1056 2812 1162 2850 non
1203 2796 1269 2850 ad
1314 2811 1536 2866 regnum
1581 2795 1912 2864 simpliciter,

328 2892 422 2946 sed
449 2891 513 2946 ad
545 2907 762 2961 regnum
795 2892 1065 2945 caelorum.
1095 2889 1448 2956 Quamobrem
1487 2904 1580 2942 oro
1606 2896 1766 2958 atque
1790 2903 1916 2958 Sup—

331 2985 493 3054 plico,
547 2994 605 3038 ut
657 3001 778 3038 cum
829 2985 894 3038 ad
951 3000 1170 3054 regnum
1218 2985 1344 3038 illud
1399 2984 1767 3052 pervcneritis,
1811 2985 1913 3038 mei

330 3077 769 3131 reminiscamini.
795 3076 1051 3146 Quodque
1073 3075 1268 3145 Ioseph
1295 3077 1666 3145 pincernarnm
1691 3077 1912 3145 principi

329 3167 557 3232 dicebat,
602 3165 853 3220 Memento
886 3167 979 3218 mei
1019 3183 1131 3219 cum
1179 3166 1300 3219 bene
1338 3165 1426 3219 tibi
1455 3166 1606 3235 fuerit
1638 3165 1788 3240 (Gen.
1819 3167 1909 3231 40,

329 3259 443 3331 M),
476 3258 526 3312 id
571 3267 623 3313 et
667 3274 805 3312 nunc
834 3258 956 3313 dico
982 3258 1132 3312 vobis
1161 3276 1176 3313 :
1203 3257 1469 3313 Memento
1499 3257 1602 3313 mei
1625 3274 1744 3313 cum
1779 3259 1913 3313 bene

329 3350 478 3404 vobis
507 3349 678 3404 fuerit.
708 3350 823 3404 Non
856 3350 992 3404 hanc
1028 3359 1086 3404 ut
1121 3350 1210 3404 ille
1232 3350 1560 3404 somniorum
1592 3348 1913 3418 interpreta-

329 3443 484 3496 tionis
506 3442 808 3497 mercedem
842 3443 1049 3511 posmlo
1075 3460 1086 3495 :
1119 3458 1222 3496 non
1245 3443 1387 3496 enim
1413 3442 1564 3496 vobis
1585 3443 1911 3496 somniorum

333 3534 595 3603 interpres
625 3535 847 3598 accessi,
879 3534 972 3588 sed
1004 3534 1234 3587 ccclestia
1265 3543 1595 3596 narraturus,
1627 3534 1912 3587 annuntia-

330 3635 587 3694 tnrusque
625 3625 760 3678 bona
805 3625 914 3690 illa,
948 3625 1074 3691 Qua:
1116 3641 1205 3677 nec
1245 3625 1422 3677 oculus
1462 3625 1605 3690 vidit,
1652 3641 1742 3677 nec
1776 3625 1914 3678 auris

330 3715 540 3780 audivit,
573 3731 662 3768 nec
683 3715 735 3768 iu
763 3731 848 3768 (or
874 3715 1090 3769 hominis
1110 3713 1443 3776 ascenderunt
1481 3714 1557 3784 (Ι.
1589 3713 1706 3768 Cor.
1735 3715 1789 3769 2.
1813 3714 1866 3785 9)
1897 3733 1910 3769 :

334 3807 455 3862 talia
498 3815 621 3861 sunt
669 3823 750 3872 ea,
788 3807 914 3873 Qua:
956 3806 1261 3878 prwparavit
1299 3804 1438 3860 Deus
1479 3806 1800 3876 diligentibus
1839 3822 1910 3860 se.

329 3899 530 3970 Joscph
558 3899 768 3968 quidem
799 3901 1067 3966 pinccrme
1097 3897 1173 3952 illi
1200 3897 1431 3962 dicebat,
1461 3896 1641 3951 Adhuc
1667 3897 1911 3964 triduum,

328 4001 375 4044 et
399 3993 621 4044 restituet
684 3999 734 4044 te
787 3989 994 4043 Pharao
1049 3989 1102 4043 in
1160 3989 1500 4059 principatum
1563 3989 1915 4060 pincernarum

329 4080 479 4152 (Gen.
521 4083 612 4138 40.
645 4082 728 4135 19..
762 4082 854 4152 1'5)
890 4099 903 4135 :
937 4096 1036 4151 ego
1075 4096 1204 4136 vero
1252 4097 1358 4135 non
1399 4081 1538 4145 dico,
1585 4081 1770 4136 Adhuc
1814 4081 1914 4134 tri-

329 4173 515 4238 duum,
561 4181 615 4226 et
643 4173 910 4242 pinccrna:
939 4173 1144 4244 tyranni
1175 4173 1571 4228 constituemini
1599 4190 1613 4238 ;
1659 4173 1774 4240 sed,
1804 4174 1913 4228 Ad-

331 4262 433 4316 huc
459 4262 668 4331 triginta
698 4262 836 4326 dies,
870 4271 924 4317 et
967 4263 1211 4318 restituet
1246 4277 1365 4330 vos,
1407 4277 1513 4317 non
1540 4263 1769 4330 Pharao,
1819 4262 1914 4318 sed

328 4354 579 4409 cmiorum
623 4353 736 4410 Rex
785 4355 837 4409 in
885 4370 1173 4424 supernam
1224 4356 1472 4426 patriam,
1518 4356 1571 4410 in
1617 4356 1912 4412 Jerusalem

332 4447 475 4499 illam
520 4446 761 4507 liberam.
808 4446 861 4500 in
902 4447 1168 4502 civitatem
1209 4447 1500 4503 cmlestem.
1546 4446 1639 4502 Ille
1682 4448 1911 4516 dicebat,

336 4534 491 4589 Dabis
537 4537 744 4590 calicem
781 4536 834 4589 in
881 4552 1062 4590 manus
1093 4536 1379 4592 Pharaonis
1403 4536 1622 4610 (Ibid.);
1649 4552 1748 4609 ego
1788 4555 1914 4594 vero

331 4643 434 4681 non
465 4625 584 4682 dico
613 4645 628 4682 :
658 4627 860 4683 Dabitis
886 4627 1106 4683 calicem
1134 4628 1187 4683 in
1232 4645 1420 4685 manus
1451 4630 1622 4700 regis;
1653 4631 1769 4696 sed,
1799 4632 1916 4702 Ipse

331 4717 442 4771 ltex
475 4718 527 4772 in
550 4733 762 4772 manum
785 4718 937 4773 vobis
961 4719 1132 4774 tradet
1151 4721 1369 4776 calicem
1394 4722 1544 4777 illum
1568 4721 1913 4789 horrendum,

333 4809 494 4864 multa
523 4809 736 4880 plenum
767 4810 962 4866 virtute
1003 4822 1163 4882 atque
1193 4822 1415 4885 utraque
1443 4825 1685 4870 creatura
1716 4817 1915 4885 pretio-

331 4904 549 4958 siorem.
591 4901 778 4958 Sciunt
805 4905 994 4959 initiati
1021 4906 1204 4961 calieis
1231 4905 1388 4976 lnijns
1419 4909 1687 4973 virtutem,
1717 4924 1917 4979 vosque

337 4995 494 5065 paulo
547 5003 667 5064 post
715 4995 893 5050 scietis
916 4996 1012 5067 (a).
1059 4995 1380 5052 Mementote
1419 4998 1577 5067 igitur
1619 5000 1747 5065 mei,
1791 5013 1913 5053 cum

335 5085 586 5141 veneritis
631 5085 684 5140 in
728 5102 948 5157 regnum
1000 5087 1128 5143 illud
1173 5103 1292 5142 cum
1334 5089 1511 5160 regale
1542 5091 1916 5146 vestimentum

333 5180 668 5251 acceperitis,
713 5197 834 5236 cum
866 5197 1096 5252 purpura
1138 5182 1428 5238 Dominico
1458 5184 1714 5254 sanguine
1753 5184 1915 5239 tincta

337 5273 650 5339 inducmini,
698 5288 818 5328 cum
845 5273 1144 5329 diademate
1184 5275 1276 5329 illo
1300 5275 1534 5330 redimiti
1562 5275 1729 5341 eritis,
1765 5275 1916 5344 cujus

333 5366 503 5437 fulgor
529 5368 764 5438 undique
807 5369 1041 5423 emicans
1091 5368 1355 5423 solaribus
1399 5368 1561 5424 radiis
1591 5367 1918 5437 splendidior

335 5469 434 5514 est.
465 5459 611 5514 Talia
635 5463 827 5531 quippe
852 5469 975 5515 sunt
1003 5460 1184 5530 sponsi
1207 5474 1445 5525 munera,
1479 5458 1678 5528 majora
1705 5457 1917 5530 quidem

336 5551 586 5621 dignitate
611 5565 811 5621 vestra,
841 5554 932 5608 sed
959 5555 1074 5623 ejus
1107 5552 1434 5624 benignitate
1461 5550 1640 5621 digna.

399 5685 472 5748 tu)
502 5686 843 5738 catechumeni
864 5699 960 5737 non
982 5686 1201 5737 sciebant
1221 5685 1501 5750 [mysterium
1525 5683 1706 5736 calicis.

799 1343 1096 1394 QUODQUE
1140 1343 1577 1387 PERICULOSUM
1617 1343 1737 1399 SIT,
1783 1343 1908 1386 NON
1950 1340 2128 1387 MODO
2171 1338 2518 1392 PEJERARE,

2585 1337 2703 1380 εει)
2759 1336 2958 1380 ΕΤῙΔΜ
3013 1335 3285 1391 ωιιΑιιΕ,
3354 1330 3609 1377 Ε’ῙΊΔΜἪ

2016 1874 2025 1884 ’
2094 1871 2172 1926 De
2204 1874 2265 1927 iis
2294 1875 2381 1941 qui
2409 1873 2707 1943 baptismum
2744 1875 2815 1928 ad
2857 1891 3010 1947 usque
3053 1884 3259 1929 mortem
3289 1876 3608 1943 diﬂ'erebant.

2021 1994 2092 2004 ——
2118 1965 2240 2019 Ideo
2259 1965 2368 2034 jam
2387 1981 2503 2032 vos,
2527 1976 2809 2037 antequam
2837 1965 2890 2020 in
2913 1981 3122 2020 sacrum
3146 1965 3292 2020 illum
3312 1969 3608 2023 thalamum

2023 2057 2411 2126 ingrediamini,
2440 2059 2625 2114 beatos
2648 2060 2914 2129 praedico:
2942 2075 3041 2115 nec
3064 2059 3249 2116 beatos
3274 2061 3444 2116 solum
3468 2077 3610 2132 pra:-

2023 2149 2162 2212 dico,
2194 2149 2287 2203 sed
2314 2151 2472 2204 etiam
2501 2150 2656 2204 laudo
2681 2161 2887 2220 gratum
2916 2159 3148 2206 vestrum
3174 2151 3432 2219 animum,
3463 2154 3607 2222 quod

2024 2259 2128 2296 non
2177 2243 2314 2297 sicut
2343 2243 2774 2313 negligentiores,
2808 2243 2874 2298 ad
2920 2245 3238 2314 baptismum
3271 2245 3325 2299 in
3362 2255 3606 2300 extremo

2026 2333 2189 2387 halitu
2220 2333 2487 2389 accedatis
2513 2351 2526 2400 ;
2556 2335 2650 2390 sed
2673 2335 2782 2404 jam
2813 2335 2936 2390 inde
2962 2337 3109 2405 quasi
3137 2335 3286 2406 probi
3308 2337 3608 2401 domestici,

2024 2423 2091 2477 ad
2122 2423 2523 2495 obsequendum
2556 2441 2752 2504 magna.
2768 2426 3135 2481 benevolentia
3169 2428 3392 2482 Domino
3414 2431 3606 2502 parati,

2023 2516 2213 2570 animae
2243 2516 2436 2570 collum
2478 2517 2641 2571 multa
2679 2531 2798 2572 cum
2833 2517 3093 2587 probitate
3121 2528 3174 2574 et
3201 2519 3470 2574 alacritate
3507 2523 3612 2577 sub

2020 2607 2204 2678 jugum
2236 2607 2433 2664 Christi
2476 2609 2813 2675 induxeritis,
2857 2610 3150 2680 jugumque
3179 2611 3308 2666 illud
3352 2627 3517 2667 suave
3549 2624 3610 2669 et

2023 2716 2159 2755 onus
2189 2702 2304 2756 leve
2331 2703 2694 2770 susceperitis.
2733 2702 2883 2758 Licet
2910 2703 3052 2757 enim
3085 2712 3190 2756 tam
3214 2719 3327 2769 vos,
3360 2719 3516 2771 quam
3547 2705 3608 2771 ii,

2023 2791 2183 2860 quiin
2209 2792 2330 2846 vita:
2355 2792 2497 2846 exitu
2527 2792 2819 2857 initiantur,
2845 2807 3024 2862 parem
3051 2795 3275 2864 gratiam
3306 2795 3607 2865 accipiatis,

2023 2893 2076 2936 at
2116 2883 2403 2938 voluntatis
2454 2885 2804 2954 pr0positum,
2846 2895 3235 2955 apparatusque
3282 2901 3457 2941 rerum
3500 2903 3612 2943 non

2025 2976 2137 3046 pari
2165 2976 2322 3030 modo
2352 2991 2412 3030 sc
2434 2975 2653 3032 habent.
2685 2975 2767 3031 Illi
2799 2991 3032 3047 namque
3071 2977 3122 3032 in
3154 2978 3296 3034 lecto
3317 2979 3608 3049 accipiunt,

2024 3085 2118 3125 vos
2153 3080 2330 3125 autem
2374 3069 2426 3125 in
2460 3071 2710 3125 Ecclesiae
2751 3071 3050 3126 communis
3088 3072 3324 3128 omnium
3365 3083 3608 3127 nostrum

2023 3163 2206 3218 matris
2244 3164 2398 3228 sinu;
2427 3162 2503 3216 illi
2530 3161 2717 3217 flentes
2745 3170 2800 3218 et
2828 3163 3208 3234 lacrymantes,
3243 3179 3342 3218 vos
3367 3163 3608 3234 gauden-

2024 3267 2104 3312 tes
2125 3267 2283 3328 atque
2309 3257 2582 3321 laetantes;
2616 3255 2686 3310 illi
2706 3265 3102 3326 gementes,vos
3119 3256 3316 3333 gratias
3337 3266 3555 3326 agentes
3579 3274 3596 3321 ;

2023 3349 2096 3403 illi
2128 3349 2260 3403 febri
2289 3347 2574 3404 admodum
2606 3347 2931 3414 laborantes,
2967 3362 3062 3402 vos
3088 3348 3251 3402 multa
3281 3346 3422 3417 pleni
3449 3347 3610 3417 spiri-

2025 3440 2148 3494 tuali
2180 3439 2469 3510 voluptate.
2499 3439 2836 3509 Quapropter
2877 3438 2964 3494 hic
3011 3439 3188 3494 omnia
3237 3439 3358 3493 huic
3395 3439 3610 3493 muneri

2023 3534 2368 3601 conveniunt,
2395 3533 2504 3587 illic
2529 3534 2707 3587 omnia
2736 3541 2860 3587 sunt
2893 3533 3099 3587 muneri
3121 3533 3386 3586 contraria
3413 3549 3427 3585 :
3452 3532 3610 3588 fletus

2023 3641 2218 3695 nempe
2269 3640 2333 3680 ac
2377 3625 2604 3695 gemitus
2651 3640 2858 3689 eorum,
2908 3625 2995 3694 qui
3043 3624 3349 3688 initiantur;
3395 3623 3611 3679 adstant

2023 3717 2172 3785 pueri
2213 3717 2474 3786 lugentes,
2522 3731 2658 3770 uxor
2684 3731 2848 3785 genas
2893 3716 3155 3784 lacerans,
3204 3717 3359 3771 amici
3403 3718 3603 3782 triStes,

2023 3809 2302 3865 domestici
2331 3809 2710 3881 lacrymantcs,
2740 3819 2847 3864 tota
2874 3809 3067 3865 domus
3089 3810 3294 3878 species
3325 3809 3607 3864 hibernum

2022 3911 2076 3957 et
2111 3902 2457 3972 caliginosum
2485 3901 2627 3955 diem
2679 3901 2934 3954 imitatur.
2982 3899 3132 3966 Quod
3177 3901 3221 3954 si
3249 3900 3474 3970 jacentis
3512 3916 3610 3955 cor

2022 3995 2296 4057 scruteris,
2338 3993 2403 4048 iis
2452 3993 2698 4047 omnibus
2726 3993 2927 4046 tristius
2968 3993 3227 4063 reperies.
3257 3992 3612 4061 Quemadmo-

2023 4084 2148 4138 dum
2180 4087 2324 4140 enim
2371 4086 2511 4139 venti
2544 4099 2736 4154 magno
2765 4086 2962 4153 impetu
3009 4083 3098 4137 alii
3129 4084 3246 4138 aliis
3274 4100 3337 4138 ex
3379 4084 3610 4139 adverso

2022 4175 2212 4231 flantes
2230 4176 2423 4230 multas
2451 4174 2502 4229 in
2540 4186 2720 4245 partes
2748 4176 2964 4246 pelagus
2993 4173 3232 4229 dividunt
3265 4193 3278 4230 :
3302 4176 3378 4229 sic
3405 4176 3612 4246 cogita-

2023 4268 2196 4322 tiones
2223 4275 2349 4321 tunc
2387 4266 2746 4336 ingruentium
2779 4265 3067 4330 malortnn,
3099 4265 3226 4335 mgri
3259 4265 3494 4319 animum
3528 4267 3614 4319 in-

2021 4361 2294 4419 vadentes.
2327 4359 2381 4412 in
2411 4358 2604 4413 multas
2631 4357 3016 4412 sollicitudines
3059 4356 3199 4410 illius
3239 4367 3468 4411 mentem
3501 4357 3619 4411 dis-

2025 4453 2261 4507 trahunt.
2295 4451 2348 4508 Si
2385 4452 2520 4506 ﬁlios
2545 4451 2814 4519 respiciat,
2841 4451 3050 4504 illorum
3073 4448 3358 4503 orbitatem
3376 4449 3606 4518 cogitat;

2023 4543 2068 4598 si
2096 4559 2334 4610 uxorem,
2357 4543 2472 4612 ejus
2493 4541 2800 4597 viduitatem
2823 4540 3160 4605 considerat;
3190 4540 3232 4594 si
3257 4539 3607 4605 domesticos,

2023 4634 2213 4689 domus
2249 4633 2587 4689 solitudinem
2634 4647 2816 4687 secum
2867 4642 3106 4702 reputat;
3161 4631 3204 4686 si
3257 4630 3323 4684 ad
3372 4631 3608 4698 scipsum

2023 4735 2380 4793 convertatur,
2409 4736 2725 4796 praesentem
2756 4725 2916 4780 vitam
2945 4728 2996 4778 in
3023 4723 3334 4778 memoriam
3366 4730 3608 4789 revocat,

2024 4829 2183 4889 atque
2213 4820 2442 4874 instante
2469 4819 2823 4888 separatione,
2865 4833 3110 4889 magnam
3139 4817 3405 4873 mmstitias
3435 4815 3609 4871 nebu-

2025 4913 2130 4967 lam
2170 4911 2384 4980 excipit.
2431 4911 2579 4966 Talis
2624 4927 2747 4965 mox
2795 4910 3034 4964 initiandi
3079 4910 3289 4964 animus
3333 4917 3433 4963 est.
3472 4907 3611 4964 llinc

2025 5002 2164 5058 inter
2191 5004 2471 5058 tumultum
2493 5001 3051 5073 perturbationemque
3081 5000 3402 5070 hujnsmodi,
3434 4999 3612 5069 ingre-

2025 5099 2168 5153 ditur
2194 5096 2444 5152 sacerdos
2483 5096 2595 5166 ipsa
2620 5095 2755 5152 febri
2784 5093 3187 5158 formidabilior,
3221 5101 3380 5164 atque
3419 5093 3606 5161 :rgroti

2026 5187 2467 5263 propinquisipsa
2489 5197 2664 5242 morte
2689 5185 2990 5241 immanior.
3014 5184 3146 5240 Nam
3169 5184 3251 5238 vel
3279 5185 3388 5252 ipsa
3408 5183 3609 5238 medici

2027 5280 2356 5352 deploratam
2394 5281 2510 5351 ejus
2538 5278 2894 5334 valetudinem
2925 5277 3247 5331 declarantis
3277 5289 3406 5329 voce
3436 5274 3610 5342 major

2027 5373 2343 5443 desperandi
2379 5387 2537 5428 causa
2585 5385 2704 5426 esse
2733 5376 2946 5440 putatur
2976 5367 3271 5438 presbyteri
3315 5367 3605 5435 ingressus,

2028 5475 2187 5536 atque
2219 5465 2292 5533 id,
2323 5465 2463 5536 quod
2495 5473 2710 5518 interna)
2739 5462 2860 5516 vitae
2886 5468 3256 5531 argumentum
3284 5466 3386 5524 est,
3419 5455 3608 5510 mortis

2028 5557 2326 5630 symbolum
2357 5570 2475 5611 esse
2503 5563 2735 5626 putatur.
2759 5553 2830 5607 At
2857 5552 3092 5607 nondum
3117 5547 3468 5620 colophonem
3496 5561 3605 5602 ma-

2029 5652 2094 5708 lis
2123 5648 2301 5706 addidi
2326 5667 2337 5705 :
2367 5647 2580 5705 interim
2611 5646 2805 5720 quippe
2828 5642 3272 5702 tumultuantibus
3295 5653 3349 5698 ct
3377 5655 3496 5697 sese
3516 5655 3612 5712 ap-
