3894 6226
115 302 231 360 225

1498 609 1566 617 ..ρ-

1253 314 1346 371 ΑΙ)
1382 312 1906 373 ILLUMINANDOS
1943 312 2376 372 CATECHESIS
2404 315 2443 371 1.

3468 300 3575 357 224

1309 934 1954 1030 ΚΑἹῊΧΗΣΙΣ
2026 943 2436 1031 ΠΡΩΤΗ.

133 1234 296 1306 Πρὸς
315 1232 457 1299 τοὺς
474 1232 814 1303 μέλλοντας
828 1234 1201 1304 φωτίζεσθαι,
1220 1235 1321 1290 καὶ
1345 1236 1445 1290 διὰ
1473 1236 1530 1288 τί
1557 1236 1814 1305 λουτρὸν
1848 1241 2316 1311 παλιγγενεσίας
2343 1242 2441 1297 καὶ
2471 1244 2585 1300 οὐκ
2626 1242 2900 1314 ἀφέσεως
2938 1243 3371 1315 ἁμαρτημάτων
3429 1246 3601 1316 λέγε-

398 1341 515 1391 ται,
553 1326 652 1381 καὶ
685 1326 773 1383 ὅτι
826 1327 1219 1384 ἐπικίνδυνον
1264 1330 1337 1384 οὺ
1372 1327 1459 1410 ,τὸ
1506 1328 1811 1395 ἐπιορκεῖν
1856 1334 2074 1401 μόνον,
2104 1334 2268 1390 ἀλλὰ
2300 1335 2488 1391 καὶτὸ
2512 1336 2783 1407 ὀμνύειν,
2812 1335 2928 1391 κᾶν
2952 1336 3308 1408 εὐορκῶμεν.

210 1914 282 1967 α’.
298 1909 387 1975 Ὧς
411 1909 657 1975 ποθεινὸς
680 1910 775 1964 καὶ
803 1909 1104 1982 ἐπέραστος
1126 1908 1235 1964 τῶν
1261 1909 1398 1964 νέων
1421 1908 1555 1980 ἡμῖν
1569 1904 1817 1975 ἀδελφῶν

134 1994 168 2046 ὁ
198 1996 382 2067 χορόςο
408 1996 673 2067 ἀδελφοὺς
694 1997 804 2067 γὰρ
830 1998 975 2069 ὑμᾶς
1000 1997 1110 2067 ἐγὼ
1130 1996 1222 2051 καὶ
1239 1997 1345 2068 πρὸ
1364 1997 1473 2050 τῶν
1494 1995 1699 2049 ώδίνων
1716 1994 1816 2065 ἤδη

137 2083 315 2149 καλῶ,
345 2086 441 2139 καὶ
460 2086 566 2158 πρὸ
585 2085 681 2140 τοῦ
713 2087 873 2141 τόκου
903 2086 1000 2159 τὴν
1043 2086 1367 2156 συγγένειαν
1387 2085 1489 2157 τὴν
1520 2084 1658 2155 πρὸς
1673 2084 1820 2154 ὑμᾶς

139 2172 482 2245 ἀσπάζομαι.
509 2171 640 2229 Οἶδα
663 2174 794 2246 γὰρ,
821 2170 939 2229 οῖδα
960 2174 1147 2245 σαφῶς
1178 2177 1258 2239 εἰς
1287 2175 1419 2245 ὅσην
1450 2174 1548 2246 μὲν
1588 2172 1820 2242 ἄγεσθαι

145 2259 371 2332 μέλλετε
391 2261 579 2332 τιμὴν,
602 2264 684 2326 είς
711 2263 845 2333 ὅσην
871 2263 928 2317 δὲ
971 2263 1147 2334 ἀρχήν
1170 2280 1185 2294 ·
1225 2264 1352 2327 τούς
1378 2262 1437 2316 δὲ
1479 2262 1657 2333 ἀρχὴν
1694 2260 1822 2332 μέλ·

139 2348 335 2413 λοντας
382 2348 701 2420 λαμϐάνειν,
752 2349 904 2422 [2Ξ6]
948 2351 1043 2405 καὶ
1090 2349 1194 2422 πρὸ
1238 2351 1338 2420 τῆς
1380 2350 1554 2421 ἀρχῆς
1591 2348 1820 2403 εἰώθασι

139 2437 311 2509 τιμᾷν
334 2437 594 2502 άπαντες,
619 2437 706 2492 διὰ
735 2439 837 2510 τῆς
868 2438 1166 2510 θεραπείας
1193 2437 1411 2493 εὐνοιαν
1444 2440 1658 2502 ἑαυτοῖς
1690 2454 1821 2508 7:90-

144 2525 533 2598 αποτιθέμενοι
560 2527 699 2599 πρὸς
734 2528 796 2582 τὸ
825 2526 1042 2599 μέλλον.
1078 2527 1251 2582 Τοῦτο
1282 2528 1342 2582 δὲ
1366 2530 1461 2582 καὶ
1492 2527 1658 2592 αὐτὸς
1688 2524 1825 2580 ποιῶ

144 2612 242 2669 νῦν
262 2630 278 2646 ο
313 2614 375 2668 οὐ
401 2614 510 2687 γὰρ
539 2616 621 2680 είς
646 2615 822 2688 ἀρχὴν
850 2614 1083 2686 ἄγεσθαι
1117 2615 1341 2687 μέλλετε
1364 2615 1529 2688 ψιλὴν
1551 2654 1568 2679 ,
1600 2614 1716 2669 ἀλλ’
1742 2614 1825 2678 είς

146 2700 424 2772 βασιλείαν
451 2703 659 2775 αὐτήν*
689 2703 891 2774 μᾶλλον
929 2703 987 2757 δὲ
1024 2704 1126 2757 οὐκ
1170 2704 1251 2768 είς
1293 2702 1570 2775 βασιλείαν
1613 2702 1822 2766 ἁπλῶς,

153 2790 270 2845 ἀλλ’
292 2791 373 2855 εἰς
399 2789 570 2863 αὐτὴν
608 2789 718 2845 τῶν
768 2790 1017 2863 οὐρανῶν
1043 2793 1142 2864 τὴν
1191 2791 1490 2862 βασιλείαν.
1534 2791 1635 2845 Διά
1664 2790 1827 2845 τοῦτο

148 2877 301 2948 ὐμῶν
332 2878 524 2950 δέομαι
553 2879 651 2933 καὶ
671 2877 961 2944 ἀντιϐολῶ,
987 2879 1073 2933 ῖνα
1101 2879 1380 2951 μνησθῆτέ
1413 2897 1536 2950 μου,
1574 2879 1700 2933 ὅταν
1738 2877 1825 2933 έλ-

147 2963 280 3036 θητε
310 2965 391 3029 είς
433 2963 713 3037 βασιλείαν
765 2966 1004 3037 ἐκείνην,
1038 2967 1132 3020 καὶ
1161 2967 1299 3039 ὅπερ
1354 2968 1383 3020 ὁ
1420 2967 1621 3039 Ἰωσὴφ
1672 2966 1826 3035 ἔλεγε

146 3053 290 3126 πρὸς
328 3053 423 3108 τὸν
457 3053 825 3125 ἀρχιοινοχόον
845 3070 859 3084 °
896 3052 1220 3124 Μνήσθητί
1240 3072 1360 3124 you
1386 3094 1402 3118 ,
1443 3054 1590 3108 ὅταν
1625 3049 1696 3109 εὖ
1728 3069 1829 3109 σοι

147 3140 393 3213 γένηται
411 3152 427 3169 ⁸
457 3140 616 3196 τοῦτο
648 3141 804 3211 κάγὼ
831 3141 975 3211 λέγω
1005 3142 1141 3216 πρὸς
1170 3142 1315 3214 ὑμᾶς
1348 3142 1475 3214 ἄρτι
1498 3158 1511 3174 '
1530 3141 1828 3214 Μνήσθητέ

153 3247 258 3302 μου
291 3231 423 3284 ὅταν
454 3225 513 3284 εὖ
536 3230 663 3302 ὑμῖν
680 3231 926 3302 γένηται.
958 3230 1074 3283 Οὐκ
1098 3230 1364 3285 ἐνυπνίων
1387 3229 1592 3303 ταύτην
1611 3228 1830 3285 ἀπαιτῶ

150 3320 252 3392 τὴν
285 3319 543 3390 ἀμοιϐὴν.
566 3318 818 3391 καθάπερ
867 3320 1074 3384 ἐκεῖνος
1093 3337 1106 3352 ·
1139 3320 1200 3373 οὐ
1231 3319 1342 3393 γὰρ
1367 3320 1623 3392 ὀνείρατα
1666 3316 1831 3392 ἦλθον

149 3407 403 3464 διαλῦσαι
433 3407 561 3479 ὑμῖν
586 3449 601 3474 ,
639 3407 774 3461 ἀλλὰ
816 3406 886 3462 τὰ
918 3408 976 3462 ἐν
1003 3410 1117 3472 τοῖς
1148 3409 1399 3480 οὐρανοῖς
1434 3409 1833 3481 διηγησόμενος

153 3496 480 3569 πράγματα,
512 3494 608 3550 καὶ
639 3495 937 3565 εὐαγγέλια
981 3495 1227 3569 κομίζων
1272 3497 1492 3566 ἀγαθῶν
1550 3496 1832 3561 τοιούτων,

158 3580 269 3640 Οἷα
294 3584 434 3639 οὔτε
466 3584 775 3655 ὀφθαλμὸς
824 3582 1007 3651 εἶδεν,
1042 3586 1182 3641 οὔτε
1214 3583 1325 3653 οὖς
1351 3585 1644 3657 ἤκουσεν,
1696 3588 1835 3642 οὔτε

155 3674 258 3729 ἐπὶ
288 3672 542 3744 καρδίαν
563 3674 880 3743 ἀνθρώπου
903 3674 1086 3744 ἀνέϐη
1110 3689 1123 3702 ’
1153 3674 1549 3746 τοιαῦτάξέστιν
1576 3677 1635 3729 Ἀ
1665 3674 1833 3743 ἡτοί-

151 3778 353 3836 μασεν
380 3766 414 3818 ό
436 3764 580 3829 Θεὸς
604 3762 731 3829 τοῖς
757 3762 1076 3833 ἀγαπῶσιν
1099 3764 1310 3819 αὐτόν.
1344 3763 1403 3818 '0
1439 3763 1539 3834 μὲν
1588 3758 1682 3818 οὖν
1725 3764 1838 3817 Ἰω-

158 3852 269 3925 σὴφ
293 3851 448 3921 ἔλεγε
474 3851 612 3922 πρὸς
653 3850 746 3904 τὸν
783 3850 1022 3922 οἰνοχόον
1051 3853 1262 3906 ἐκεῖνον
1281 3868 1295 3883 ·
1328 3851 1454 3906 Ἔτι
1496 3851 1654 3920 τρεῖς
1697 3850 1840 3921 ήμέ-

154 3956 274 4009 ραι,
302 3938 402 3994 καί
432 3938 923 4008 ἀποκαταστήσει
954 3953 1029 3994 σε
1052 3940 1263 4009 Φαραὼ
1288 3941 1377 4007 είς
1404 3939 1521 4008 τὴν
1542 3940 1838 4009 ἀρχιοινοσ

159 4028 337 4097 χοταν
368 4043 506 4081 σου’
536 4026 646 4096 ἐγὼ
679 4026 735 4080 δὲ
774 4026 835 4080 οὐ
862 4025 1027 4096 λέγω,
1059 4028 1182 4080 Ἔτι
1210 4029 1363 4099 τρεῖς
1383 4027 1608 4099 ¹ἡμέραι,
1640 4027 1737 4081 καὶ
1757 4028 1838 4092 είς

158 4114 427 4185 οἰνοχοῖαν
475 4112 839 4184 ένεχθήσεσθε
895 4115 1196 4187 τυράννου⁹
1256 4113 1373 4168 ἀλλ’
1413 4114 1494 4166 ἐτι
1542 4113 1839 4185 τριάκοντα

159 4203 387 4275 ἡμέραι,
424 4201 521 4256 καὶ
547 4203 992 4272 ἀποκαταστήσει
1025 4202 1170 4274 ὑμᾶς
1204 4201 1326 4274 οὐχὶ
1369 4200 1591 4274 Φαραὼ,
1651 4201 1767 4256 ἀλλ’
1810 4203 1840 4255 ὁ

158 4289 271 4345 τῶν
303 4288 550 4362 οὐρανῶν
584 4288 836 4360 βασιλεὺς
886 4290 968 4354 είς
1015 4290 1116 4361 τὴν
1163 4290 1277 4345 ἄνω
1332 4290 1588 4361 πατρίδα,
1629 4292 1711 4356 είς
1740 4291 1840 4364 τὴν

160 4378 450 4450 ἐλευθέραν
495 4377 874 4451 Ἰερουσαλὴμ,
896 4380 977 4445 είς
1013 4378 1113 4451 τὴν
1141 4380 1295 4434 πόλιν
1315 4380 1412 4452 τὴν
1435 4380 1496 4434 ἐν
1533 4382 1648 4445 τοῖς
1673 4381 1840 4453 οὐρα-

160 4469 293 4530 νοῖς.
323 4467 590 4529 Κάκεῖνος
616 4465 716 4537 μὲν
748 4465 954 4534 ἔλεγεν,
980 4467 1063 4521 ὅτι
1100 4466 1321 4534 Δώσεις
1337 4467 1406 4522 τὸ
1435 4469 1726 4538 ποτήριον
1751 4471 1839 4536 εὶς

162 4555 369 4626 χεῖρας
389 4554 499 4609 τοῦ
522 4554 734 4623 Φαραώ
750 4570 766 4585 ·
805 4554 920 4625 ἐγὼ
942 4554 999 4609 δὲ
1032 4556 1093 4608 οὐ
1133 4555 1299 4626 λέγω,
1320 4558 1403 4612 ὅτι
1436 4557 1639 4611 δώσετε
1664 4559 1726 4611 τὸ
1750 4576 1842 4613 σιο-

161 4644 354 4715 τήριον
385 4644 464 4704 εἰς
514 4642 613 4707 τὰς
641 4645 830 4714 χεῖρας
868 4642 963 4696 τοῦ
1000 4642 1287 4714 βασιλέως,
1339 4644 1456 4699 ἀλλ’
1502 4646 1586 4699 ὅτι
1620 4647 1783 4711 αὐτὸς
1812 4651 1841 4702 ό

166 4730 424 4804 βασιλεὺς
449 4732 528 4794 είς
550 4733 710 4802 χεῖρα
738 4729 839 4802 τὴν
880 4732 1155 4806 ὑμετέραν
1186 4732 1349 4787 δώσει
1384 4733 1446 4788 τὸ
1476 4737 1738 4806 ποτήριον
1780 4737 1842 4792 τὸ

165 4818 395 4892 φρικτὸν
418 4819 513 4872 καὶ
560 4818 764 4889 πολλῆς
789 4818 958 4890 γέμον
987 4819 1290 4890 δυνάμεως,
1317 4823 1413 4877 καὶ
1455 4823 1552 4895 τῆς
1609 4825 1840 4891 κτίσεως

164 4907 495 4981 τιμιώτερον
522 4906 811 4978 ἑκατέρας.
847 4910 1056 4965 Ἰσασιν
1092 4912 1142 4965 οἱ
1164 4913 1510 4984 μεμυημένοι
1549 4914 1646 4969 τοῦ
1674 4932 1842 4987 ποτη-

169 4997 286 5070 ρίου
311 4996 501 5051 τούτου
551 4997 653 5069 τὴν
706 4995 888 5067 ίσχύν·
942 4997 1160 5053 εἴσεσθε
1207 5000 1267 5054 δὲ
1303 5001 1399 5055 καὶ
1431 5003 1591 5073 ὑμεῖς
1644 5006 1841 5078 μικρὸν

167 5086 416 5157 ὕστερον.
448 5085 743 5156 Μνήσθητε
793 5079 908 5152 οὖν,
942 5087 1072 5141 ὅταν
1101 5086 1294 5160 ἔλθητε
1322 5091 1403 5152 είς
1428 5090 1527 5161 τὴν
1562 5090 1842 5161 βασιλείαν

166 5174 407 5246 ἐκείνην,
440 5174 570 5228 ὅταν
595 5172 657 5227 τὸ
692 5174 909 5245 ίμάτιον
937 5174 999 5228 τὸ
1024 5175 1303 5246 βασιλικὸν
1324 5177 1638 5250 ἀπολάϐητε
1658 5222 1673 5244 ,
1713 5182 1842 5236 ὅταν

175 5262 277 5334 τὴν
301 5262 590 5335 πορφύραν
613 5263 981 5337 περιϐάλησθε
1010 5265 1110 5336 τὴν
1137 5265 1331 5337 αἵματι
1357 5265 1622 5336 βαφεῖσαν
1637 5271 1843 5326 Δεσπο-

164 5349 328 5422 τικῷ,
361 5352 491 5406 ὅταν
510 5351 749 5425 διάδημα
781 5352 1124 5426 άναδήσησθε
1172 5354 1281 5410 τῶν
1316 5354 1559 5426 ἡλιακῶν
1605 5359 1843 5417 ἀκτίνων

166 5438 530 5511 φαιδροτέρας
555 5439 678 5511 ἕχον
714 5442 1059 5513 πανταχόθεν
1094 5441 1423 5514 ἐκπηδώσας
1468 5443 1842 5517 λαμπηδόνας.

166 5523 410 5581 Τοιαῦτα
429 5525 541 5598 γὰρ
568 5525 664 5581 τοῦ
681 5529 917 5599 νυμφίου
947 5530 1017 5584 τὰ
1043 5531 1187 5596 ἐδνα,
1213 5528 1439 5601 μείζονα
1466 5531 1568 5602 μὲν
1590 5533 1690 5605 τῆς
1713 5535 1846 5607 ἠμε-

168 5611 337 5684 τέρας
359 5612 535 5680 ἀξίας,
564 5613 690 5681 ἄξια
723 5615 780 5669 δὲ
818 5617 917 5687 τῆς
948 5618 1115 5672 αὐτοῦ
1145 5617 1579 5691 φιλανθρωπίας.

243 5699 345 5755 Διὰ
366 5700 543 5756 ταῦτα
567 5702 713 5774 ὑμᾶς
731 5704 983 5760 ἐντεῦθεν
1004 5706 1104 5778 ήδη
1129 5706 1226 5760 καὶ
1254 5706 1363 5778 πρὸ
1384 5707 1493 5762 τῶν
1518 5707 1678 5780 ἱερῶν
1701 5708 1840 5765 ἐκεί-

171 5802 281 5841 νων
309 5788 601 5862 μακαρίζω
630 5792 917 5849 παστάδων
937 5808 950 5823 ·
979 5793 1040 5849 οὐ
1076 5792 1366 5867 μακαρίζω
1394 5795 1451 5851 δὲ
1490 5795 1670 5868 μόνον,
1694 5798 1831 5854 ἀλλὰ

3512 1467 3550 1489 Ι

1921 1906 2017 1960 καὶ
2052 1906 2264 1963 ἐπαινῶ
2286 1908 2387 1981 τὴν
2416 1910 2867 1983 εὐγνωμοσύνην,
2889 1914 2972 1968 ὄτι
3001 1914 3076 1988 μὴ
3099 1915 3348 1989 καθάπερ
3368 1917 3418 1970 οῖ
3447 1913 3603 1989 ρᾳθυ-

1922 1994 2144 2066 μότεροι
2166 1997 2275 2051 τῶν
2300 1998 2628 2071 ἀνθρώπων,
2666 2002 2726 2055 ὲν
2763 2002 3027 2072 ἐσχάταις
3054 2005 3354 2069 ἀναπνοαῖς
3378 2005 3458 2075 τῷ
3491 2022 3604 2074 φω-

1917 2081 2146 2153 τίσματι
2172 2084 2533 2157 προσήλθετε,
2556 2085 2672 2140 ἀλλ’
2700 2087 2955 2142 ἐντεῦθεν
2983 2090 3085 2162 ῆδη
3110 2091 3366 2165 καθάπερ
3393 2091 3603 2145 οἰκέται

1920 2165 2284 2238 εὐγνώμονες,
2329 2169 2468 2239 μετὰ
2502 2170 2707 2242 πολλῆς
2744 2172 2961 2239 εὐνοίας
2999 2174 3312 2232 ὑπακοῦσαι
3352 2174 3604 2245 Δεσπότῃ

1919 2255 2450 2326 παρεσκευασμένοι,
2484 2256 2578 2310 τὸν
2619 2258 2828 2330 αὐχένα
2853 2260 2954 2332 τῆς
2984 2261 3170 2334 ψυχῆς
3223 2261 3363 2334 μετὰ
3399 2259 3605 2331 πολλῆς

1921 2342 2226 2408 ἐπιεικείας
2251 2360 2312 2397 τε
2341 2345 2438 2399 καὶ
2475 2344 2787 2419 προθυμίας
2820 2348 2927 2402 ὐπὸ
2954 2350 3057 2420 τὴν
3086 2349 3321 2423 ζεύγλην
3363 2349 3603 2421 ⁴ἠγάγετε

1919 2431 2017 2486 τοῦ
2046 2431 2310 2504 Χριστοῦ,
2346 2434 2444 2488 καί⁵
2482 2434 2575 2488 τὸν
2614 2433 2780 2505 ζυγὸν
2803 2436 3060 2503 ἐδέξασθε
3098 2439 3190 2493 τὸν
3226 2438 3486 2512 χρηστὸν,
3510 2437 3606 2490 καὶ

1921 2520 1983 2575 τὸ
2006 2521 2230 2593 φορτίον
2258 2521 2483 2576 ἐλάϐετε
2509 2522 2574 2576 τὸ
2593 2523 2851 2596 ἐλαφρόν.
2880 2526 2944 2578 Εἰ
2988 2525 3101 2597 γὰρ
3137 2525 3231 2579 καὶ
3262 2526 3333 2581 τὰ
3364 2525 3463 2597 τῆς
3503 2524 3605 2594 χά-

1923 2626 2068 2680 ριτος
2093 2609 2184 2664 ίσα
2212 2610 2343 2682 ὑμῖν
2376 2611 2473 2665 καὶ
2501 2614 2615 2675 τοῖς
2641 2612 2700 2665 ἐν
2736 2613 2802 2683 τῇ
2850 2610 3081 2684 τελευτῇ
3135 2612 3606 2684 μυσταγωγουμέ-

1924 2715 2058 2763 νοις,
2097 2698 2235 2754 ἀλλὰ
2260 2698 2329 2753 τὰ
2357 2699 2459 2769 τῆς
2510 2700 2886 2771 προαιρέσεως
2931 2701 3034 2756 οὐκ
3088 2701 3200 2767 ἴσα,
3255 2701 3376 2756 οὐδὲ
3416 2701 3485 2756 τὰ
3507 2700 3607 2769 τῆς

1924 2789 2280 2860 παρασκευῆς
2315 2790 2424 2843 τῶν
2466 2790 2834 2863 πραγμάτων.
2873 2791 3104 2846 Ἐκεῖνοι
3136 2791 3237 2863 μὲν
3287 2789 3394 2862 γὰρ
3424 2791 3483 2843 ἐν
3537 2791 3605 2860 τῇ

1884 2926 1889 2931 ,
1924 2877 2083 2950 κλίνῃ
2106 2878 2494 2950 λαμϐάνουσιν,
2513 2881 2672 2951 ὑμεῖς
2688 2880 2746 2935 δὲ
2774 2882 2832 2935 ἐν
2858 2882 2972 2946 τοῖς
2993 2878 3216 2945 κόλποις
3245 2879 3347 2951 τῆς
3380 2879 3610 2957 Ἐκκλη-

1928 2967 2050 3030 σίας
2074 2967 2175 3039 τῆς
2212 2970 2398 3039 κοινῆς
2441 2969 2696 3023 ἁπάντων
2742 2969 2900 3041 ἡμῶν
2948 2969 3191 3042 μητρόςο
3235 2970 3479 3024 κάκεῖνοι
3510 2968 3609 3039 μὲν

1926 3054 2244 3128 ὀδυρόμενοι
2272 3059 2368 3111 καὶ
2401 3057 2754 3128 δακρύοντες,
2779 3059 2940 3128 ὑμεῖς
2965 3058 3021 3112 δὲ
3069 3058 3351 3129 χαίροντες
3379 3056 3474 3111 καὶ
3516 3056 3611 3109 εὐ·-

1930 3144 2288 3215 φραινόμενοι
2308 3160 2321 3175 ο
2349 3147 2546 3199 ἐκεῖνοι
2582 3145 2865 3210 στένοντες
2885 3186 2899 3212 ,
2933 3146 3090 3217 ὑμεῖς
3131 3145 3187 3200 δὲ
3218 3141 3611 3217 εὐχαριστοῦν-

1930 3250 2021 3297 τες
2040 3249 2054 3266 ο
2086 3233 2332 3287 κάκεῖνοι
2354 3233 2453 3305 μὲν
2486 3232 2668 3304 πολλῷ
2686 3234 3067 3305 κεκαρωμένοι
3083 3233 3161 3306 τῷ
3193 3231 3438 3307 πυρετῷ,
3456 3233 3612 3304 ὑμεῖς

1930 3321 1989 3375 δὲ
2038 3321 2241 3393 πολλῆς
2294 3322 2748 3394 ἐμπεπλησμένοι
2807 3323 2909 3393 τῆς
2958 3321 3345 3393 πνευματικῆς
3393 3320 3607 3392 ἡδονῆς.

1935 3411 2099 3466 Ὅθεν
2125 3411 2360 3466 ἐνταῦθα
2400 3413 2496 3484 μὲν
2521 3412 2742 3467 ἅπαντα
2777 3411 3047 3484 σύμφωνα
3087 3413 3153 3483 τῇ
3182 3410 3380 3484 δωρεᾷ,
3413 3410 3532 3462 ἐκεῖ
3557 3408 3614 3462 δέ

1934 3503 2115 3556 πάντα
2158 3501 2377 3556 ἐναντία
2410 3499 2566 3574 [227]
2600 3504 2667 3573 τῇ
2726 3500 2936 3572 δωρεᾷ’
2975 3499 3071 3554 καὶ
3113 3497 3223 3570 γὰρ
3270 3498 3466 3571 θρῆνος
3519 3498 3616 3551 καὶ

1934 3589 2172 3662 ὀδυρμὸς
2201 3589 2368 3653 πολὺς
2392 3605 2757 3661 μυσταγωγου
2767 3588 2966 3660 μένων,
2998 3589 3096 3642 καὶ
3122 3585 3312 3640 παιδία
3336 3584 3618 3656 περιίστα-

1937 3696 2026 3734 ται
2047 3677 2325 3740 κλαίοντα,
2362 3678 2458 3732 καὶ
2484 3676 2624 3750 γυνὴ
2649 3676 2750 3742 τὰς
2776 3676 3013 3750 παρειὰς
3052 3674 3476 3739 καταξαίνουσα,
3521 3675 3618 3727 καὶ

1939 3768 2085 3839 φίλοι
2110 3769 2398 3840 κατηφεῖς,
2433 3767 2526 3821 καὶ
2548 3765 2760 3820 οἰκέται
2785 3764 3038 3837 δακρύων
3067 3764 3336 3835 γέμοντες
3359 3801 3375 3828 ,
3406 3761 3527 3816 ὅλον
3555 3762 3619 3815 τὸ

1937 3856 2037 3928 τῆς
2060 3855 2241 3920 οἰκίας
2268 3855 2455 3926 σχῆμα
2487 3854 2809 3926 χειμερινήν
2835 3870 2956 3907 τινα
2992 3852 3086 3906 καὶ
3121 3850 3335 3922 ζοφώδη
3368 3851 3617 3922 μιμεῖται

1940 3943 2152 4015 ἡμέραν
2176 3958 2190 3973 ⁶
2236 3941 2330 3996 ἐὰν
2360 3942 2418 3995 δὲ
2452 3941 2622 4012 αὐτὴν
2660 3939 2755 3993 τοῦ
2800 3938 3205 4009 κατακειμένου
3236 3937 3334 4007 τὴν
3385 3936 3616 4004 καρδίαν

1939 4027 2274 4103 ἀναπτύξῃς,
2312 4026 2775 4100 σκυθρωποτέραν
2806 4025 3013 4079 τεύτων
3042 4024 3320 4095 εὑρήσεις.
3350 4020 3616 4092 Καθάπερ

1939 4121 2047 4192 γὰρ
2074 4120 2265 4191 ἄνεμοι
2296 4116 2436 4189 μετὰ
2461 4115 2666 4187 πολλῆς
2683 4115 2781 4187 τῆς
2812 4113 2991 4185 ῥύμης
3025 4110 3336 4177 ἐξεναντίας
3368 4109 3620 4181 ἀλλήλοις

1942 4205 2304 4279 ἐμϐάλλοντες
2337 4206 2418 4269 είς
2449 4201 2622 4257 πολλὰ
2648 4201 2708 4256 τὸ
2748 4200 2987 4271 πέλαγος
3029 4198 3378 4270 διατέμνουσι
3430 4196 3574 4270 μέρη
3601 4213 3615 4227 ο

1939 4295 2083 4349 οὕτω
2114 4295 2208 4350 καὶ
2252 4295 2303 4347 οἱ
2337 4292 2591 4364 λογισμοὶ
2619 4290 2728 4345 τῶν
2755 4290 2878 4343 τότε
2932 4288 3273 4360 κατεχόντων
3302 4285 3493 4342 δεινῶν
3540 4289 3620 4352 εἰς

1939 4389 2039 4457 τὴν
2058 4384 2153 4438 τοῦ
2184 4384 2485 4455 κάμνοντος
2531 4381 2905 4452 ἐμπίπτοντες
2951 4377 3151 4450 ψυχὴν,
3183 4378 3264 4441 είς
3290 4375 3493 4439 πολλὰς
3520 4375 3618 4448 τὴν

1938 4473 2148 4528 ἐκείνου
2180 4472 2418 4527 διάνοιαν
2449 4470 2695 4541 σχίζουσι
2725 4467 3038 4539 φροντίδας.
3076 4467 3247 4520 Ὅταν
3283 4466 3364 4529 εἰς
3392 4463 3464 4517 τὰ
3495 4480 3620 4518 παι-

1937 4562 2024 4615 δία
2053 4560 2242 4634 ἀπίδῃ,
2273 4560 2373 4630 τὴν
2402 4558 2673 4631 ὀρφανίαν
2717 4555 2899 4611 αὐτῶν
2939 4556 3141 4608 ἐννοεῖ’
3172 4555 3305 4610 ὅταν
3352 4554 3488 4628 πρὸς
3521 4553 3619 4627 τὴν

1938 4653 2173 4719 γυναῖκα
2194 4647 2500 4719 ἀποϐλέψῃ,
2520 4647 2620 4718 τὴν
2639 4646 2869 4718 χηρείαν
2896 4643 3171 4714 λογίζεται
3193 4661 3207 4675 ο
3230 4644 3360 4698 ὅταν
3389 4643 3473 4716 ἴδῃ
3492 4643 3622 4706 τοὺς

1938 4737 2175 4801 οἰκέτας,
2217 4734 2315 4809 τὴν
2344 4734 2583 4806 ἐρημίαν
2614 4733 2834 4805 ἀπάσης
2859 4734 3055 4786 σκοπεῖ
3094 4732 3191 4805 τῆς
3218 4731 3400 4795 οίκίας
3421 4747 3434 4760 '
3490 4730 3622 4784 ὅταν

1941 4828 2077 4900 πρὸς
2106 4825 2296 4879 ἐαυτὸν
2322 4823 2615 4897 ἐπανέλθῃ,
2639 4824 2739 4895 τῆς
2768 4823 3057 4895 παρούσης
3084 4822 3277 4876 ἑαυτὸν
3306 4819 3622 4891 ἀναμιμνή-

1941 4932 2062 4969 σκει
2113 4913 2283 4985 ζωῆς,
2338 4913 2433 4967 καὶ
2464 4911 2913 4984 ἀπορῤήγνυσθαι
2967 4910 3198 4981 μέλλων,
3231 4908 3367 4964 πολύ
3402 4907 3621 4979 δέχεται

1939 5004 2040 5074 τῆς
2068 5003 2307 5073 ἀθυμίας
2331 5001 2393 5055 τὸ
2419 5001 2600 5071 νέφος.
2635 4998 2873 5070 Τοιαύτη
2907 5000 2941 5071 ἡ
2969 4997 3064 5051 τοῦ
3113 4998 3400 5069 μέλλοντος
3450 5011 3620 5066 μυστ-

1940 5089 2278 5162 αγωγεῖσθαι
2303 5088 2472 5161 ψυχή.
2494 5084 2628 5143 Εἶτα
2655 5086 2858 5159 μεταξύ
2893 5086 3003 5140 τῶν
3029 5085 3276 5159 θορύϐων
3299 5083 3511 5154 καὶτῆς
3532 5099 3622 5134 τα·

1946 5179 2118 5252 ραχῆς
2155 5177 2350 5250 αὐτῆς,
2385 5176 2770 5248 ἐπεισέρχεται
2798 5176 2826 5228 ὁ
2864 5176 3045 5248 ίερεύς
3068 5172 3234 5228 αὐτοῦ
3265 5173 3361 5225 τοῦ
3383 5168 3621 5241 πυρετοῦ

1942 5266 2318 5341 φοϐερώτερος
2350 5264 2446 5329 ὢν,
2482 5264 2579 5318 καὶ
2623 5262 2718 5318 τοῦ
2750 5262 2983 5319 θανάτου
3013 5264 3126 5326 τοῖς
3174 5260 3271 5316 τοῦ
3319 5259 3623 5328 κάμνοντος

1926 5358 2316 5428 ’προσήκουσιν
2356 5352 2759 5426 ἀπηνέστερος’
2802 5351 2902 5422 τῆς
2937 5351 3045 5423 γάρ
3073 5350 3167 5403 τοῦ
3202 5345 3385 5419 ίατροῦ
3433 5344 3621 5415 φωνῆς

1940 5446 2042 5517 τῆς
2066 5442 2555 5514 ὰπογινωσκούσης
2581 5440 2678 5514 τὴν
2706 5439 2853 5511 ζωὴν
2880 5438 2979 5511 τὴν
3013 5435 3224 5490 ἐκείνου
3255 5430 3459 5503 μείζων
3486 5431 3623 5484 ἀπό-

1941 5550 2143 5604 γνωσις
2176 5529 2316 5588 εἶναι
2344 5530 2626 5604 νομίζεται
2662 5531 2694 5600 ή
2728 5527 2824 5582 τοῦ
2859 5523 3235 5598 πρεσϐυτέρου
3264 5520 3491 5586 εἴσοδος,
3522 5517 3622 5574 καὶ

1944 5623 2177 5679 θανάτου
2210 5620 2478 5697 σύμϐολον
2507 5615 2648 5673 εἶναι
2681 5617 2830 5671 δοκεί
2856 5615 2959 5687 τῆς
2986 5612 3208 5668 αίωνίου
3244 5609 3393 5683 ζωῆς
3420 5611 3455 5685 ἡ
3489 5606 3623 5697 ὐπό-

1948 5712 2118 5774 θεσις.
2161 5709 2301 5764 Ἀλλ’
2329 5706 2484 5763 οῧπω
2517 5706 2607 5762 τὸν
2637 5703 2922 5775 κολοφῶνα
2956 5701 3207 5775 ἐπέθηκα
3248 5699 3359 5756 τῶν
3390 5696 3579 5754 κακῶν
3602 5712 3617 5727 ο

1950 5799 2153 5869 μεταξύ
2170 5796 2279 5868 γὰρ
2299 5793 2670 5867 θορυϐούντων
2690 5792 2801 5847 τῶν
2823 5789 3144 5863 ἐπιτηδείων
3162 5790 3259 5845 καὶ
3276 5802 3616 5860 παρασκευίε·
