3894 6226
298 328 400 384 9.25

299 441 606 508 parantibus
630 440 958 512 propinquis,
998 453 1142 509 sape
1184 453 1358 492 anima
1400 451 1594 506 corpus
1618 434 1869 490 deserens

297 535 554 590 abscessit
599 552 613 587 :
655 535 762 589 imo
806 531 1047 602 plurimis
1085 533 1164 587 vel
1203 546 1439 602 praisens
1480 528 1607 584 nihil
1653 525 1867 594 profuit.

297 628 430 682 Cum
470 627 612 681 enim
658 642 829 695 neque
856 633 1144 694 prmsentes
1189 622 1448 692 agnoscit,
1477 635 1652 689 neque
1687 633 1869 672 vocem

300 719 460 779 audit,
511 733 681 784 neque
728 719 813 772 illa
863 715 1189 785 respondere
1242 714 1400 769 verba
1448 719 1640 783 potest,
1679 708 1870 779 quibus

302 812 509 863 beatam
563 826 681 863 cum
729 809 963 863 omnium
1015 816 1250 861 nostrum
1301 805 1520 859 Domino
1572 801 1866 872 pactionem

295 902 544 970 deponat,
603 900 697 956 sed
743 890 833 954 est’
860 898 1010 968 quasi
1054 900 1251 970 lignum
1303 897 1487 958 inutile
1526 896 1606 949 vel
1639 893 1794 963 lapis.
1837 908 1868 948 a

298 1002 619 1062 mortuoque
644 992 772 1046 nihil
799 988 973 1045 differt
1002 990 1046 1046 is
1075 991 1162 1061 qui
1190 1004 1310 1043 mox
1341 987 1714 1043 illuminandns
1741 995 1820 1041 est
1852 1002 1867 1040 :

296 1097 414 1151 qua:
444 1081 753 1135 initiationis
776 1080 973 1134 utilitas
995 1080 1045 1132 in
1079 1087 1219 1133 tanta
1249 1093 1438 1133 sensus
1463 1076 1640 1131 omnis
1661 1075 1868 1145 inepia?

365 1173 420 1229 2.
467 1174 597 1228 Eum
645 1173 807 1235 enim,
837 1172 924 1242 qui
963 1171 1028 1225 ad
1058 1186 1209 1225 saera
1255 1171 1341 1223 illa
1371 1179 1426 1223 et
1454 1166 1719 1223 horrenda
1747 1182 1870 1237 my-

296 1267 457 1321 SIeria
488 1280 798 1321 accessurus
825 1274 923 1328 est,
963 1263 1180 1334 vigilare
1207 1261 1469 1326 convenit,
1502 1258 1646 1313 omni
1698 1273 1869 1312 saccu-

294 1357 460 1412 culari
507 1372 632 1411 cura
672 1370 858 1426 purum
909 1369 1049 1419 esse,
1106 1351 1449 1423 temperantia
1498 1359 1551 1404 et
1599 1349 1871 1404 alacritate

297 1448 457 1501 multa
486 1447 697 1517 plenum
725 1460 863 1511 esse,
887 1460 1098 1498 omnem
1120 1458 1149 1497 a
1179 1442 1444 1513 mysteriis
1469 1442 1692 1494 alienam
1722 1439 1869 1509 cogi-

298 1538 553 1592 tationem
599 1547 775 1591 mente
803 1535 1090 1603 depellere,
1137 1542 1191 1587 et
1232 1531 1577 1601 undequaque
1620 1529 1867 1583 mundam

295 1629 511 1681 domtnn
540 1641 816 1697 apparare,
848 1625 996 1696 quasi
1025 1626 1193 1693 ipsum
1233 1638 1411 1692 regem
1436 1629 1751 1689 excepturus
1779 1619 1867 1673 sit.

295 1719 440 1773 Talis
467 1720 659 1773 mentis
694 1727 882 1772 vestnu
914 1717 1247 1786 prmparatio,
1281 1713 1414 1768 tales
1454 1712 1593 1781 apud
1624 1728 1718 1768 vos
1746 1719 1870 1765 sunt

295 1810 664 1879 cogitationes,
704 1808 807 1862 tale
835 1809 996 1861 animi
1045 1806 1388 1876 propositum.
1436 1806 1653 1876 Dignam
1696 1806 1870 1871 itaque

296 1901 480 1970 optimi
508 1900 664 1968 hujus
681 1900 886 1955 consilii
915 1899 1314 1953 retributionem
1345 1914 1377 1952 a
1404 1897 1510 1951 Deo
1536 1903 1865 1965 exspectate,

293 1993 383 2062 qui
429 1993 656 2062 prmmiis
708 1992 1108 2062 obsequentiam
1148 1992 1250 2046 sibi
1295 1991 1582 2061 praestitum
1632 1996 1868 2058 superat.

293 2085 554 2153 Quoniam
584 2101 710 2141 vero
755 2094 964 2155 oportet
997 2102 1114 2155 quae
1152 2100 1244 2139 sua
1274 2094 1399 2138 sunt
1440 2085 1710 2139 conservis
1737 2098 1869 2138 con-

297 2176 454 2240 ferre,
486 2184 541 2231 et
568 2186 748 2230 nostra
772 2176 1138 2239 conferamus;
1168 2177 1273 2229 imo
1303 2175 1475 2244 potius
1502 2174 1615 2227 huic
1639 2190 1744 2227 non
1771 2187 1863 2226 no-

293 2278 422 2333 stra,
453 2265 547 2321 sed
590 2266 861 2321 Dominica
910 2277 1032 2320 sunt
1061 2284 1074 2320 :
1109 2266 1242 2333 Quid
1271 2266 1432 2328 enim,
1475 2264 1660 2334 inquit,
1694 2265 1866 2329 habes,

291 2358 427 2426 quod
455 2373 556 2410 non
596 2356 866 2426 accepisti?
905 2357 949 2410 si
976 2366 1140 2410 autent
1167 2355 1418 2425 accepisti,
1465 2356 1587 2425 quid
1610 2354 1864 2426 gloriaris,

292 2448 436 2510 quasi
459 2464 559 2502 non
586 2448 833 2517 acceperis
861 2447 938 2516 (l.
967 2444 1084 2501 Cor.
1111 2446 1164 2500 ι.
1196 2445 1293 2517 7)?
1341 2444 1592 2501 Volebam
1634 2444 1734 2498 hoc
1761 2444 1869 2515 pri-

294 2553 441 2593 mum
476 2538 713 2592 omnium
751 2539 963 2593 dicere:
991 2553 1087 2591 cur
1127 2545 1300 2607 patres
1330 2538 1516 2600 nostri,
1547 2536 1724 2591 missis
1752 2535 1868 2590 aliis

290 2630 415 2683 anni
445 2630 701 2699 partibus,
742 2629 844 2685 hoc
870 2640 1107 2698 tempore
1150 2628 1431 2683 initiandos
1459 2643 1579 2683 esse
1619 2628 1866 2682 Ecclesiae

293 2718 432 2774 lilios
457 2720 572 2791 lege
600 2729 915 2784 statuerunt,
957 2731 1012 2775 et
1050 2735 1146 2775 cur
1172 2727 1289 2789 post
1314 2718 1632 2784 doctrinam,
1663 2718 1863 2774 discal-

293 2820 475 2867 ceatos
501 2826 594 2864 vos
619 2821 671 2866 et
695 2821 910 2878 exutos,
934 2811 1088 2866 nudis
1114 2810 1354 2881 pedibus,
1379 2825 1479 2864 una
1510 2810 1686 2865 tunica
1711 2825 1869 2879 oper-

293 2912 379 2959 tos
421 2902 490 2957 ad
528 2902 939 2958 cxorcizantium
985 2917 1141 2957 voces
1191 2916 1284 2956 vos
1328 2902 1713 2955 transmittunt.
1750 2900 1865 2955 Non

294 2994 434 3050 enim
463 2993 655 3048 frustra
678 2995 756 3049 vel
787 3006 984 3049 temere
1015 2994 1152 3047 hunc
1178 2991 1413 3047 habitum
1452 3001 1506 3047 et
1533 2990 1634 3047 hoc
1658 3000 1867 3061 tempus

294 3086 447 3141 nobis
472 3087 894 3148 constituerunt;
922 3086 1015 3140 sed
1048 3085 1249 3140 habent
1269 3087 1382 3139 haec
1407 3085 1564 3140 ambo
1587 3085 1864 3155 mysticam

293 3178 576 3249 quamdam
602 3187 657 3233 et
682 3193 928 3234 arcanam
956 3179 1213 3232 rationem
1241 3188 1333 3232 :et
1360 3176 1460 3231 hoc
1479 3192 1687 3246 quoque
1714 3175 1868 3232 vobis

292 3271 502 3341 aperire
528 3270 791 3325 volebam.
820 3272 888 3325 At
917 3269 1070 3324 video
1112 3269 1175 3323 ad
1205 3269 1359 3323 aliain
1409 3283 1523 3323 rem
1571 3270 1738 3338 magis
1768 3282 1865 3322 ne-

292 3363 578 3419 cessariam
623 3377 720 3418 nos
761 3362 988 3418 evocari.
1040 3361 1270 3417 Necesse
1322 3362 1516 3431 quippe
1565 3369 1647 3415 est
1688 3360 1868 3414 dicere

292 3453 417 3524 quid
461 3453 528 3506 sit
566 3452 845 3522 baptisma,
878 3467 974 3506 cur
1016 3451 1070 3506 in
1111 3451 1270 3505 vitam
1313 3460 1547 3506 nostram
1593 3448 1865 3504 inductum

292 3547 383 3612 sit,
413 3556 469 3600 et
494 3553 686 3614 quanta
718 3544 869 3599 nobis
896 3542 1137 3599 conferat
1165 3544 1323 3598 bona.

374 3636 527 3692 Varia
570 3637 800 3706 baptismi
826 3638 1048 3690 nomina.
1076 3666 1150 3678 —
1173 3635 1279 3692 Sed
1320 3636 1364 3690 si
1411 3635 1590 3702 vultis,
1617 3633 1685 3690 de
1711 3633 1869 3706 hujus

294 3731 530 3803 mystica:
567 3729 890 3801 purgationis
915 3728 1170 3785 vocabulo
1197 3729 1344 3799 prius
1377 3728 1731 3793 disseramus;
1762 3743 1865 3782 non

293 3823 436 3878 cnim
477 3822 591 3892 ejus
630 3837 822 3877 nomen
867 3838 1027 3876 unum
1062 3830 1162 3886 est,
1208 3820 1302 3876 sed
1340 3821 1565 3890 plurima
1594 3821 1864 3890 variaque.

292 3915 423 3970 Nam
445 3913 557 3969 huic
583 3920 824 3985 purgatio
852 3923 1091 3978 vocatur,
1122 3914 1385 3968 lavacrum
1414 3912 1866 3983 regenerationis:

295 4005 522 4061 Solverit
549 4006 680 4060 enim
709 4023 820 4071 nos,
849 4005 1039 4076 inquit,
1070 4021 1158 4073 per
1182 4003 1439 4058 lavacrum
1477 4005 1867 4079 regenerationis

293 4105 338 4149 et
377 4097 713 4151 renovationis
758 4097 978 4166 Spiritus
1011 4097 1173 4150 sancti
1202 4094 1328 4167 (Tit.
1356 4097 1408 4152 5.
1439 4094 1517 4167 5).
1560 4096 1786 4150 Vocatur
1813 4105 1869 4151 et

292 4189 604 4243 illuminatio
637 4207 652 4243 :
685 4189 755 4242 ita
782 4188 908 4242 illud
931 4189 1121 4243 Paulus
1148 4187 1470 4258 nuncupavit
1494 4205 1507 4241 :
1537 4186 1865 4243 Rementem-

291 4282 414 4336 mini
444 4282 678 4352 pristinos
703 4281 828 4348 dies,
851 4283 902 4336 in
931 4280 1107 4350 quibus
1130 4279 1403 4335 illuminati
1440 4297 1677 4350 magnum
1699 4291 1864 4334 certa-

290 4389 404 4426 men
429 4373 733 4427 sustinuistis
753 4373 1041 4442 passionum
1063 4369 1248 4445 (Hebr.
1278 4370 1365 4426 10.
1398 4370 1520 4441 52);
1552 4378 1606 4425 et
1630 4385 1862 4438 rursum,

291 4465 610 4536 Impossibile
644 4475 713 4519 est
742 4465 871 4520 enim
910 4481 1013 4529 eos,
1058 4464 1146 4534 qui
1170 4465 1320 4518 semel
1357 4472 1471 4517 sunt
1496 4462 1789 4527 illuminati,
1820 4471 1865 4516 et

290 4565 611 4626 gustaverunt
635 4557 781 4610 etiam
801 4555 987 4609 donum
1015 4555 1229 4618 celeste,
1252 4563 1298 4606 et
1320 4552 1547 4623 prolapsi
1573 4564 1710 4617 sunt,
1743 4568 1862 4605 rur-

291 4664 379 4702 sus
415 4663 653 4702 renouare
685 4646 753 4700 ad
799 4645 1141 4716 penitentiam
1184 4642 1292 4715 (Ib.
1322 4642 1375 4699 6.
1408 4641 1506 4712 4).
1544 4642 1770 4698 Vocatur
1810 4650 1865 4698 et

290 4738 549 4807 baptisma
576 4754 592 4792 :
625 4737 934 4804 Quicumque
975 4736 1107 4790 enim
1145 4737 1199 4788 in
1229 4733 1425 4789 Christo
1455 4732 1698 4804 baptisati
1724 4733 1860 4799 estis,

287 4828 544 4883 Christum
570 4828 804 4882 induisn's
828 4826 1023 4897 (Galat.
1053 4827 1106 4883 5.
1135 4825 1250 4897 27).
1278 4826 1588 4895 Appellatur
1604 4833 1659 4880 et
1682 4825 1863 4895 sepul-

290 4929 447 4991 tura:
476 4918 764 4987 Consepulti
801 4920 952 4985 etaim,
985 4917 1175 4988 inquit,
1217 4917 1332 4972 estis
1360 4918 1412 4972 in
1440 4917 1552 4989 ipso
1579 4933 1668 4988 per
1696 4916 1860 4988 bapti-

287 5027 451 5064 smum
486 5011 538 5065 in
567 5019 771 5063 mortem
799 5009 971 5081 (Rom.
1004 5009 1056 5065 6.
1103 5006 1193 5079 4);
1229 5009 1463 5077 itemque
1488 5009 1859 5065 circumcisio:

289 5101 352 5155 In
379 5118 477 5174 quo
515 5111 562 5156 et
598 5102 880 5156 circumcisi
918 5102 1035 5155 estis
1076 5101 1130 5154 in
1153 5100 1530 5155 circumcisione
1571 5117 1671 5154 non
1708 5116 1863 5153 manu

285 5196 442 5262 facta,
473 5195 525 5250 in
548 5195 959 5263 exspoliationem
994 5201 1305 5260 peccatorum
1325 5192 1491 5247 carnis
1519 5191 1653 5265 (Col.
1679 5191 1859 5262 2.“).

290 5286 516 5339 Vocatur
538 5300 667 5339 crux
696 5302 712 5341 :
745 5282 898 5338 Vetus
926 5283 1058 5337 enim
1096 5283 1244 5337 homo
1271 5291 1439 5336 noster
1461 5282 1737 5352 crucifixus
1763 5291 1858 5348 est,

284 5384 336 5428 ut
380 5374 669 5430 destruatur
710 5391 893 5447 corpus
946 5374 1138 5445 peccati
1177 5372 1354 5442 (Rom.
1405 5373 1458 5427 6.
1506 5372 1584 5443 6).
1636 5372 1862 5430 Possem

284 5467 436 5538 plura
460 5465 565 5521 dici
591 5467 838 5532 nomina;
861 5465 956 5522 sed
986 5481 1052 5522 ne
1083 5474 1290 5536 tempus
1313 5480 1473 5520 omne
1498 5464 1550 5519 in
1571 5463 1863 5521 charisma-

286 5561 354 5615 tis
372 5557 815 5630 appellationibus
840 5557 1185 5623 insumamus,
1204 5572 1304 5627 age
1319 5555 1385 5611 ad
1410 5556 1637 5626 primum
1663 5571 1859 5612 nomen

287 5650 507 5719 reversi,
538 5649 762 5721 ejusque
797 5648 1058 5720 explicata
1101 5647 1507 5720 signiﬁcatione,
1553 5661 1856 5703 sermonem

294 5743 573 5799 tiuiamus:
606 5740 818 5803 inttrim
848 5755 974 5795 vero
1000 5738 1155 5810 paulo
1179 5738 1419 5811 superius
1443 5735 1734 5822 doctrinam
1764 5751 1850 5794 re-

1359 326 1448 380 AD
1489 316 1994 380 ιιιωίιΝΑΝῡοε
2030 318 2448 376 CATECHESIS
2487 320 2525 376 Ι.

3447 334 3552 389 E26

1977 438 2239 497 petamus.
2265 430 2359 486 Est
2397 448 2679 491 commune
2703 438 2939 491 omnium
2981 436 3255 497 hominum
3283 445 3547 506 lavacrum

1974 517 2102 572 illud
2131 518 2456 587 balneorum,
2489 523 2629 592 quod
2668 528 2909 597 corporis
2927 529 3114 585 sordes
3139 533 3273 589 solet
3291 534 3510 596 abluere
3534 560 3546 594 :

1973 617 2055 662 est
2081 618 2133 664 et
2163 610 2429 666 lavacrum
2445 613 2768 685 Judarorum,
2792 618 2881 672 illo
2901 622 3111 690 quidem
3135 622 3427 693 honestius,
3455 638 3547 685 sed

1971 704 2152 770 gratia:
2180 703 2388 759 lavacro
2412 706 2567 778 longe
2594 709 2812 764 inferius
2841 728 2855 764 :
2883 721 2941 767 et
2967 712 3067 768 hoc
3095 717 3238 771 enim
3264 732 3548 789 corporeus

1972 793 2160 848 sordes
2194 794 2378 862 abluit,
2409 813 2509 852 nec
2549 800 2707 854 modo
2747 816 3032 872 corporeas
3055 806 3237 871 abluit,
3266 810 3360 864 sed
3389 813 3547 868 etiam

1972 884 2039 939 ad
2063 887 2401 943 conscientiae
2432 889 2791 947 infirmitatem
2834 896 3063 966 attingit.
3094 897 3226 954 Nam
3256 901 3436 956 multae
3465 920 3550 959 res

1975 987 2120 1039 sunt,
2174 985 2362 1034 natura
2422 980 2633 1050 quidem
2673 999 2779 1039 non
2820 987 3125 1055 immundus,
3167 992 3262 1047 sed
3315 1011 3433 1063 qua:
3463 997 3546 1051 in-

1974 1069 2220 1122 firmitate
2248 1071 2587 1126 conscientiae
2625 1073 2927 1133 efﬁciuntur
2952 1077 3256 1138 immundm.
3299 1085 3376 1140 Ac
3410 1086 3546 1142 sicut

1978 1161 2027 1215 in
2058 1162 2235 1229 pueris
2274 1162 2435 1219 larva:
2481 1175 2782 1239 cwteraque
2813 1171 3059 1226 terricula
3107 1186 3291 1230 natura
3333 1178 3547 1246 quidem

1972 1248 2322 1307 formidabilia
2368 1271 2472 1311 non
2515 1268 2658 1323 sunt,
2710 1261 2802 1316 sed
2836 1265 2957 1318 talia
3004 1268 3181 1335 pueris
3223 1270 3293 1323 ob
3344 1282 3548 1329 natura:

1974 1342 2390 1403 imbecillitatem
2432 1364 2553 1406 esse
2587 1352 2830 1408 videntur
2859 1374 2872 1410 :
2902 1358 2978 1412 sic
3004 1370 3058 1413 et
3087 1360 3137 1413 in
3170 1363 3234 1416 iis
3253 1380 3370 1433 qua:
3399 1365 3545 1432 dixi;

1972 1439 2202 1508 exempli
2253 1455 2412 1496 causa
2461 1455 2667 1500 mortua
2713 1463 2935 1517 corpora
2975 1453 3305 1524 contingere,
3364 1469 3548 1514 natura

1972 1529 2183 1598 quidem
2212 1548 2317 1586 non
2342 1545 2424 1588 est
2446 1536 2795 1605 immundum,
2819 1557 2999 1597 verum
3028 1543 3071 1598 si
3097 1545 3147 1600 id
3175 1547 3393 1605 infirmae
3418 1566 3549 1606 con-

1973 1620 2207 1711 scientia:
2235 1623 2521 1694 contingat,
2553 1626 2881 1684 immundum
2912 1630 3039 1688 facit
3073 1650 3193 1690 eum
3222 1639 3310 1708 qui
3356 1641 3543 1711 tetigit.

1973 1707 2123 1801 Quod
2151 1711 2291 1765 enim
2325 1713 2452 1768 illud
2491 1726 2675 1771 natura
2704 1734 2809 1773 non
2845 1722 2913 1775 sit
2941 1722 3292 1793 immundum,
3318 1729 3430 1798 ipse
3454 1707 3548 1801 qui

1976 1800 2147 1871 legem
2192 1803 2309 1858 tulit
2351 1804 2559 1877 Moyses
2601 1808 2907 1878 declaravit,
2957 1816 3046 1884 qui
3095 1829 3360 1875 mortuum
3398 1800 3547 1879 lose-

1977 1893 2139 1961 phum
2188 1911 2369 1952 secum
2409 1899 2618 1964 detulit,
2670 1911 2724 1957 et
2772 1911 2944 1960 tamen
2998 1894 3226 1965 mundus
3272 1917 3543 1971 remansit.

1973 1981 2201 2055 Ideoque
2241 1985 2435 2044 Paulus
2474 1990 2542 2045 de
2589 1993 2921 2050 immunditia
2961 1996 3261 2067 hnjusmodi
3300 2004 3547 2077 loquens,

1972 2091 2090 2145 qua:
2117 2092 2221 2132 non
2253 2088 2461 2147 natura,
2490 2083 2584 2137 sed
2614 2084 2915 2143 infirmitate
2953 2094 3295 2148 conscientia:
3334 2099 3545 2165 accidit,

1975 2167 2042 2219 ita
2070 2167 2302 2236 loquitur
2331 2187 2346 2225 :
2380 2169 2530 2226 Nihil
2552 2190 2815 2229 commune
2852 2196 2944 2248 per
2980 2181 3201 2250 seipsum
3227 2185 3325 2237 nisi
3359 2187 3423 2253 ei,
3463 2190 3551 2259 qui

1972 2260 2223 2313 existimat
2269 2262 2393 2332 quid
2434 2281 2696 2322 commune
2732 2286 2838 2323 esse
2869 2270 3040 2341 (Rom.
3090 2275 3177 2329 η.
3213 2277 3323 2348 14).
3363 2278 3549 2335 Viden'

1974 2351 2359 2407 immunditiam
2405 2370 2510 2410 non
2541 2373 2602 2412 ex
2636 2359 2712 2413 rei
2739 2369 2946 2429 natura,
2980 2365 3071 2420 sed
3099 2383 3165 2421 ex
3212 2370 3548 2438 cogitationis

1973 2440 2332 2500 imbecillitate
2376 2449 2653 2503 contrahi?
2708 2452 2786 2506 Ac
2839 2469 3071 2524 rursum,
3119 2458 3302 2514 Omnia
3348 2463 3549 2531 quidem

1971 2545 2087 2589 sunt
2115 2536 2303 2591 munda
2326 2554 2347 2592 :
2364 2540 2454 2593 sed
2482 2540 2669 2594 malum
2694 2553 2767 2596 est
2791 2544 3001 2610 homini,
3042 2550 3130 2617 qui
3154 2567 3244 2620 per
3268 2551 3549 2619 oﬂ'endicu-

1971 2624 2075 2678 lum
2103 2629 2373 2681 manducet
2402 2628 2563 2699 (Ibid.
2597 2647 2645 2686 υ.
2676 2633 2787 2702 20).
2829 2633 3040 2706 [Viden‘
3063 2640 3201 2707 quod
3231 2658 3336 2697 non
3363 2644 3546 2714 edere,

1971 2715 2063 2770 sed
2085 2731 2180 2785 per
2191 2718 2562 2775 oti'endicninm
2586 2722 2864 2798 edere,(a)j
2884 2741 3040 2782 causa
3069 2729 3140 2783 sit
3164 2729 3549 2789 immunditiui?

2041 2808 2094 2864 5.
2126 2807 2405 2865 Discrimen
2424 2813 2554 2866 inter
2571 2812 2821 2869 lavacrum
2840 2816 3135 2873 Judatorum
3155 2831 3200 2874 et
3224 2822 3543 2892 baptismum.

1969 2899 2240 2954 —'l‘alcm
2272 2902 2533 2957 maculam
2563 2903 2868 2962 Jndtcorum
2899 2908 3164 2965 lavacrum
3193 2913 3545 2982 cmundabat;

1971 3000 2025 3045 at
2052 2994 2234 3062 gratia:
2266 2993 2533 3049 lavacrum
2578 3012 2682 3051 non
2717 2999 2874 3053 talem
2896 3041 2910 3066 ,
2943 3001 3037 3056 sed
3081 3019 3197 3057 eam
3222 3044 3238 3071 ,
3276 3023 3394 3075 qua:
3424 3024 3546 3063 vera

1972 3083 2303 3139 immunditia
2341 3097 2396 3140 et
2433 3087 2663 3141 animam
2704 3097 2758 3144 et
2793 3105 2988 3161 corpus
3028 3093 3226 3159 inlicit;
3268 3113 3370 3152 non
3405 3100 3547 3155 enim

1971 3191 2084 3241 eos,
2117 3177 2204 3247 qui
2236 3186 2441 3231 mortua
2470 3193 2714 3249 corpora,
2747 3182 2838 3236 Sed
2868 3184 2956 3253 qni
2992 3196 3196 3241 mortua
3227 3204 3386 3258 opera
3419 3207 3547 3246 con-

1974 3270 2199 3340 tingunt,
2225 3271 2451 3325 mundos
2479 3270 2624 3326 facit.
2650 3274 2759 3328 Etsi
2782 3275 2976 3337 mollis,
3003 3278 3104 3331 etsi
3127 3277 3412 3336 fornicator
3431 3284 3548 3352 quis

1973 3361 2162 3428 fuerit,
2195 3364 2292 3416 etsi
2334 3362 2610 3417 idololatra
2631 3404 2646 3427 ,
2678 3364 2777 3418 etsi
2802 3365 3011 3434 quidvis
3038 3369 3160 3421 mali
3201 3369 3418 3439 fecerit,
3447 3373 3548 3428 etsi

1972 3452 2201 3507 humana
2229 3454 2372 3507 omni
2397 3453 2626 3523 nequitia
2654 3455 2840 3525 plenus
2857 3457 2946 3522 sil,
2964 3458 3008 3512 si
3033 3458 3085 3512 in
3109 3460 3361 3529 piscinam
3387 3480 3548 3533 aqua-

1971 3559 2088 3598 rum
2121 3542 2336 3610 incidat,
2366 3543 2629 3599 solaribus
2656 3546 2817 3600 radiis
2845 3549 3024 3615 purior
3049 3566 3113 3605 ex
3147 3551 3341 3607 divinis
3374 3553 3546 3610 liuen-

1972 3634 2038 3690 tis
2063 3635 2326 3691 ascendit.
2349 3635 2426 3691 Ne
2465 3652 2593 3692 vero
2635 3647 2785 3706 putes
2827 3640 2962 3695 fastu
2999 3643 3245 3713 quopiam
3273 3644 3388 3702 ilch
3418 3662 3547 3716 pro-

1972 3726 2120 3791 ferri,
2149 3727 2272 3783 audi
2302 3728 2521 3783 Paulum
2550 3729 2617 3785 de
2639 3731 2831 3786 lavacri
2855 3733 3048 3788 virtute
3067 3735 3182 3790 ha-e
3208 3737 3544 3808 loquentem:

1972 3815 2149 3872 Nolite
2182 3835 2352 3872 errare
2378 3834 2396 3876 .°
2425 3836 2582 3889 neque
2621 3820 2938 3887 idololatria,
2982 3841 3138 3895 neque
3183 3830 3543 3899 fornicatores,

1970 3927 2126 3979 neque
2149 3910 2386 3977 adulteri,
2415 3928 2570 3981 neque
2597 3915 2792 3976 molles,
2822 3931 2978 3984 neque
3000 3920 3338 3973 masculorum
3359 3937 3544 3976 concu-

1971 4000 2170 4067 bitores,
2195 4017 2351 4072 neque
2372 4004 2513 4055 avari
2528 4043 2544 4067 ,
2572 4020 2730 4073 neque
2751 4005 2964 4069 ebriosi,
2995 4023 3151 4077 neque
3175 4010 3401 4063 maledici
3421 4053 3435 4077 ,
3459 4029 3545 4066 ne.

1969 4110 2065 4163 qua
2086 4110 2294 4162 rapaces
2340 4111 2549 4165 regnum
2573 4093 2664 4149 Dei
2682 4098 3002 4166 possidebunt
3027 4099 3098 4170 (Ι.
3119 4098 3234 4154 Cor.
3268 4101 3320 4156 6.
3345 4102 3397 4158 9.
3429 4104 3540 4176 10).

1971 4184 2171 4254 Ecquid
2201 4185 2315 4240 hu-c
2341 4187 2404 4240 ad
2442 4189 2767 4257 propesitnm
2794 4230 2807 4251 ,
2839 4189 3083 4257 inquies?
3114 4193 3250 4261 quod
3287 4196 3543 4263 quaeritur

1968 4278 2209 4340 ostende,
2241 4292 2307 4332 an
2335 4279 2538 4333 scilicet
2566 4279 2760 4334 lavacri
2790 4280 2958 4334 virtus
2987 4280 3101 4337 inec
3135 4285 3309 4339 omnia
3352 4301 3542 4342 emun-

1969 4366 2078 4423 det.
2108 4369 2244 4423 Audi
2277 4369 2452 4439 itaque
2480 4386 2562 4438 ea,
2594 4386 2712 4441 qure
2738 4384 3034 4440 sequuntur
3061 4390 3074 4426 :
3109 4373 3172 4427 Et
3202 4376 3307 4429 haec
3338 4377 3542 4446 quidam

1967 4460 2132 4533 fuistis
2161 4478 2180 4516 :
2206 4461 2295 4515 sed
2322 4463 2482 4517 abluti
2506 4466 2639 4527 estis,
2671 4463 2759 4517 sed
2778 4466 3082 4533 sanctiﬁcati
3106 4469 3244 4531 estis,
3271 4467 3361 4522 sed
3379 4471 3540 4538 justi-

1970 4556 2107 4625 ftcati
2129 4557 2246 4610 estis
2270 4556 2322 4609 in
2352 4556 2550 4609 nomine
2585 4553 2793 4609 Domini
2834 4558 2994 4611 nostri
3029 4557 3153 4612 Jesu
3194 4556 3380 4613 Christi
3416 4571 3461 4615 et
3489 4561 3541 4616 in

1970 4645 2170 4714 Spiritu
2198 4644 2293 4699 Dei
2319 4645 2476 4699 nostri
2501 4643 2607 4716 (Ib.
2642 4662 2690 4699 υ.
2724 4646 2836 4717 il).
2862 4646 2970 4702 Nos
2991 4647 3202 4717 quidem
3233 4649 3542 4718 pollicemur

1968 4737 2120 4792 vobis
2148 4737 2427 4793 ostendere
2449 4779 2464 4803 ,
2494 4739 2637 4793 omni
2668 4736 3014 4796 fornicatione
3035 4739 3052 4771 ¹
3083 4756 3241 4809 puros
3265 4757 3384 4798 esse
3407 4759 3500 4799 eos
3524 4786 3539 4809 ,

1965 4831 2055 4900 qui
2085 4828 2149 4884 ad
2182 4828 2449 4883 lavacrum
2474 4828 2759 4893 accedunt;
2791 4845 2972 4884 verum
2998 4831 3168 4884 oratio
3198 4840 3380 4888 nostra
3421 4834 3539 4903 plus

1965 4921 2380 4984 demonstravit,
2432 4919 2634 4975 scilicet
2679 4935 2783 4974 non
2830 4919 2986 4974 modo
3030 4936 3219 4990 puros,
3247 4922 3338 4976 sed
3374 4925 3531 4979 ctiam

1965 5022 2179 5067 sanctos
2194 5011 2473 5081 iustosque
2495 5010 2661 5067 factos
2685 5026 2823 5066 esse.
2847 5011 2959 5065 Non
2987 5022 3186 5067 tantum
3210 5013 3350 5067 enim
3375 5015 3534 5069 dixit:

1963 5102 2136 5157 Abluti
2176 5102 2322 5167 estis,
2370 5101 2462 5156 sed
2504 5102 2685 5163 etiam,
2732 5100 3048 5169 Sanctiﬁcati
3091 5104 3228 5167 estis,
3268 5102 3538 5173 justi/iani

1964 5195 2101 5250 estis.
2131 5193 2266 5259 Quid
2298 5191 2397 5247 hac
2427 5207 2484 5245 re
2515 5192 2805 5245 mirabilius
2824 5232 2840 5257 ,
2868 5190 3008 5261 quod
3046 5192 3163 5247 sine
3198 5192 3377 5246 labore
3400 5232 3415 5252 ,
3442 5206 3536 5245 5n-

1965 5285 2096 5340 dore
2141 5283 2399 5353 bonisque
2444 5282 2693 5351 operibus
2735 5281 2939 5351 justitia
2985 5279 3258 5350 pariatur?
3288 5280 3429 5333 Talis
3457 5292 3535 5333 est

1964 5377 2104 5432 enim
2133 5374 2296 5430 divini
2323 5372 2447 5428 doni
2472 5372 2769 5443 benignitas
2788 5413 2803 5438 ,
2836 5381 2892 5426 ut
2918 5372 3033 5427 sine
3059 5369 3338 5424 sudoribus
3359 5370 3534 5437 justos

1964 5533 2045 5648 vi;
2080 5536 2324 5592 tntcrpres
2356 5536 2499 5580 vetus
2532 5526 2672 5592 legit,
2715 5522 2843 5576 omni
2872 5520 3134 5588 utiqaitate,
3169 5527 3222 5571 ct
3253 5523 3443 5583 melius,
3482 5531 3536 5572 nt

2045 5601 2173 5645 etur.

2045 5601 2173 5645 etur.

2027 5677 2101 5742 ta)
2133 5683 2244 5727 Hzec
2261 5686 2373 5742 quin
2393 5672 2579 5723 uncinis
2598 5667 2885 5742 clauduntur
2907 5667 3118 5742 intentu
3133 5665 3354 5729 deerant,
3380 5664 3465 5717 sed
3489 5666 3536 5717 tu

1967 5726 2182 5792 editione
2200 5726 2435 5787 ’Sar'iliana
2454 5747 2515 5783 ex
2537 5732 2810 5794 conjectura
2832 5726 3133 5792 supplentur.
