3894 6226
353 332 457 388 237
1100 325 1156 379 s.
1197 322 1473 378 somnus
1508 317 1981 375 cnnrsosrout
2021 317 2337 375 ARClllEP.
2369 319 2897 380 consrau'rmor.
3545 325 3652 381 :28

355 445 572 500 efﬁciat.
603 443 735 498 Nam
761 442 806 496 si
835 439 1173 511 Imperatoris
1213 436 1436 506 epistola
1475 434 1660 506 paucis
1703 432 1946 490 conscri-

361 545 449 605 pta
477 535 642 590 literis
661 576 676 598 ,
707 532 999 587 innumeris
1028 543 1151 585 reos
1179 527 1492 582 criminibus
1536 525 1731 580 liberos
1760 523 1944 578 dimit-

357 629 442 694 tit,
473 628 605 680 alios
635 636 812 680 autem
838 623 902 678 ad
933 623 1190 676 honorem
1218 619 1376 673 etiam
1404 618 1581 674 evehit
1620 617 1944 679 maximum;

358 720 525 774 multo
556 717 723 788 magis
753 726 969 770 sanctus
999 714 1089 767 Dei
1120 713 1370 782 Spiritus,
1404 711 1492 782 qui
1527 711 1704 765 omnia
1737 717 1944 779 potest,

355 812 502 866 omni
533 825 628 864 nos
659 808 890 878 nequitia
918 805 1186 871 liberabit,
1219 804 1438 859 multam
1467 803 1724 874 justitiam
1757 801 1948 872 largie-

357 911 463 966 tur,
497 901 660 954 multa
693 898 935 968 implebit
969 897 1178 952 ﬁducia.
1213 897 1290 951 Ac
1319 895 1767 966 quemadmodum
1807 893 1949 947 scin-

358 993 469 1046 tilla
518 989 747 1045 mediam
798 989 849 1043 in
899 988 1070 1058 pelagi
1103 988 1410 1057 voraginem
1455 985 1727 1050 incidens,
1768 984 1944 1038 statim

355 1083 712 1152 exstinguitur
740 1089 794 1136 et
823 1080 1093 1134 evanescit
1113 1121 1128 1146 ,
1169 1093 1427 1149 aquarum
1459 1077 1509 1130 vi
1550 1076 1793 1131 demersa
1827 1091 1840 1128 :
1872 1075 1949 1130 sic

357 1185 409 1231 et
437 1175 608 1229 omnis
637 1175 865 1228 humana
897 1172 1129 1243 nequitia
1152 1212 1166 1237 ,
1197 1186 1319 1226 cum
1360 1170 1412 1224 in
1451 1169 1707 1238 piscinam
1735 1167 1940 1222 divino-

356 1281 474 1322 rum
521 1264 840 1320 ilueutorum
890 1263 1172 1325 inciderit,
1223 1261 1380 1316 citius
1426 1259 1741 1328 faciliusque
1787 1258 1963 1328 quam'

357 1360 585 1416 scintilla
625 1357 952 1427 demergitur
990 1365 1044 1410 et
1078 1355 1306 1410 deletur.
1337 1355 1405 1406 At
1447 1367 1564 1418 cur,
1615 1351 1856 1420 inquies,
1900 1349 1945 1402 si

359 1461 578 1522 peccata
602 1449 755 1504 nobis
777 1449 955 1503 omnia
977 1448 1246 1501 lavacrum
1275 1445 1522 1512 remittit,
1547 1459 1652 1497 non
1679 1443 1944 1496 lavacrum

359 1543 690 1598 remissionis
721 1550 1091 1610 peccatorum,
1134 1553 1240 1593 non
1289 1537 1554 1591 lavacrum
1588 1535 1943 1605 purgatioais,

357 1633 450 1688 sed
475 1634 736 1687 lavacrum
761 1629 1180 1702 regeneratiOnis
1201 1628 1462 1683 vocatur?
1483 1629 1612 1694 Quia
1645 1644 1748 1680 non
1771 1626 1944 1679 solum

360 1724 515 1780 nobis
538 1733 754 1794 peccata
793 1723 1050 1789 remittit,
1085 1735 1258 1791 neque
1302 1720 1473 1774 solum
1503 1719 1694 1773 delicta
1737 1725 1942 1788 purgat,

359 1817 453 1872 sed
485 1818 555 1872 ita
584 1817 634 1871 id
666 1826 878 1886 pratstat
909 1831 971 1870 ac
1006 1817 1052 1870 si
1091 1815 1268 1869 denuo
1297 1814 1532 1884 generati
1566 1827 1823 1868 essemus.
1852 1813 1944 1866 Et-

363 1911 508 1964 enim
542 1923 638 1962 nos
663 1909 842 1962 denuo
871 1917 1019 1961 creat
1039 1949 1052 1973 ,
1084 1916 1135 1960 et
1167 1905 1394 1970 format,
1431 1920 1535 1958 non
1564 1919 1629 1957 cx
1661 1913 1798 1958 terra
1825 1919 1942 1957 rur-

361 2019 478 2059 sum
503 2001 780 2071 efﬁngens,
813 2001 905 2054 sed
927 2017 993 2054 ex
1018 2000 1123 2053 alio
1146 1999 1429 2060 elemento,
1454 2013 1709 2067 aquarum
1740 1995 1948 2050 scilicet

364 2104 578 2158 natura,
612 2107 830 2153 creatis;
868 2106 972 2144 non
1003 2090 1144 2145 enim
1178 2105 1270 2143 vas
1301 2089 1616 2157 simpliciter
1654 2087 1942 2157 abstergit,

361 2183 452 2238 sed
503 2192 666 2236 totum
711 2181 907 2235 conﬁat
954 2181 1148 2235 denuo.
1194 2179 1326 2234 Nam
1377 2194 1495 2248 qua:
1536 2178 1942 2246 absterguntur,

361 2275 564 2330 etiamsi
593 2282 840 2328 accurate
867 2271 1191 2327 mundentur
1212 2270 1478 2340 qualitatis
1504 2270 1719 2338 vestigia
1746 2277 1799 2322 et
1827 2283 1945 2322 sor-

362 2367 509 2420 dium
538 2366 790 2434 reliquias
823 2365 1088 2428 retinent;
1141 2380 1260 2433 quae
1306 2378 1433 2416 vero
1477 2363 1529 2416 in
1574 2360 1943 2416 coallatorinm

362 2457 718 2512 immittuntur
749 2497 762 2521 ,
793 2465 889 2510 eta
919 2454 1129 2509 ﬂamma
1149 2465 1492 2517 renovantur,
1525 2469 1739 2507 onmem
1783 2453 1948 2522 depo-

362 2548 540 2603 ttentia
571 2551 828 2600 maculam
850 2587 866 2611 ,
900 2562 966 2600 ex
997 2547 1208 2601 camino
1234 2545 1421 2600 educta
1443 2586 1458 2611 ,
1490 2545 1756 2611 eumdem,
1788 2559 1943 2613 quem

361 2655 582 2711 prorsus
611 2655 780 2704 nova,
813 2638 1154 2706 Splendorem
1187 2638 1454 2691 emittunt.
1485 2635 1942 2704 Quemadmodum

361 2733 405 2786 si
431 2731 550 2802 quis
578 2747 791 2785 auream
836 2738 1064 2785 statuam
1091 2772 1106 2795 ,
1148 2740 1416 2798 tempore,
1462 2728 1634 2791 fumo,
1689 2729 1941 2796 pulvere,

361 2826 606 2893 rubigine
638 2824 885 2878 foedatam
906 2865 921 2889 ,
949 2822 1126 2877 denuo
1154 2821 1495 2885 conflaverit,
1525 2836 1642 2875 eam
1669 2821 1820 2874 nobis
1846 2835 1944 2889 pu-

361 2917 625 2972 rissimam
653 2925 810 2985 atque
854 2915 1137 2984 fulgentem
1184 2913 1410 2967 restituit
1439 2912 1557 2968 :sic
1599 2922 1652 2967 et
1698 2921 1936 2964 naturam

363 3020 600 3064 nostram
660 3009 832 3074 Deus,
870 3009 1071 3076 peccati
1109 3005 1350 3074 rubigine
1393 3004 1641 3059 foedatam
1674 3002 1946 3070 multoque

362 3100 602 3155 allectam
630 3098 942 3152 delictorum
974 3097 1138 3162 fumo,
1171 3096 1255 3149 illa
1283 3094 1677 3164 pulchritudine
1714 3092 1944 3148 destitu-

363 3200 469 3245 tam
495 3231 509 3254 ,
537 3205 696 3259 quam
728 3187 823 3258 ipsi
853 3189 918 3241 ab
951 3188 1098 3241 initio
1129 3187 1422 3252 indiderat,
1451 3186 1625 3241 denuo
1654 3185 1905 3240 conflavit
1926 3228 1942 3252 ,

364 3290 420 3335 ct
447 3281 498 3336 in
521 3295 682 3350 aquas
709 3295 807 3334 ceu
838 3280 891 3334 in
917 3279 1285 3334 conﬁatorium
1316 3278 1556 3348 injiciens
1577 3319 1593 3343 ,
1623 3288 1676 3333 et
1702 3294 1798 3348 pro
1825 3279 1945 3346 igne

360 3371 585 3440 Spiritus
604 3371 825 3441 gratiam
846 3370 1155 3436 immittens,
1182 3369 1305 3424 hinc
1330 3377 1631 3432 renovatos,
1654 3384 1774 3423 cum
1800 3371 1944 3422 sola-

363 3461 508 3515 ribus
552 3461 714 3514 radiis
758 3459 1041 3530 splendore
1087 3459 1424 3514 decertantes
1471 3459 1670 3522 educit,
1715 3458 1946 3514 contrito

362 3553 525 3606 veteri
549 3551 782 3615 homine,
815 3565 956 3604 novo
980 3557 1155 3604 autem
1182 3549 1543 3619 splendidiore
1565 3589 1578 3614 ,
1609 3565 1765 3619 quam
1794 3559 1947 3604 vetus

363 3652 497 3708 erat,
530 3643 766 3696 condito.

437 3735 494 3788 4.
540 3732 688 3787 Hanc
736 3747 898 3803 porro
945 3731 1096 3785 nobis
1140 3731 1513 3786 contritionem
1563 3733 1947 3804 mysticamqne

364 3825 728 3896 purgationem
791 3823 1132 3878 subindicans
1177 3823 1435 3893 prepheta
1463 3865 1477 3886 ,
1524 3823 1734 3878 dicebat
1777 3823 1902 3877 olim
1928 3866 1942 3891 ,

367 3917 644 3987 Tamquam
689 3931 777 3970 vas
819 3914 963 3986 ﬁguli
1016 3925 1240 3969 conteres
1273 3931 1357 3970 eos
1397 3916 1581 3986 (Psal.
1607 3916 1664 3969 2.
1694 3915 1784 3987 9).
1813 3915 1944 3970 Nam

359 4009 500 4076 quod
538 4007 606 4063 de
649 4007 890 4062 fidelibus
935 4008 1181 4075 loquatur
1225 4008 1366 4063 clare
1414 4009 1646 4063 indicant
1689 4025 1784 4074 ea,
1829 4025 1946 4079 quae

362 4098 665 4168 praecedunt
695 4114 709 4149 τ
739 4098 935 4153 etenim
963 4098 1074 4151 ait:
1104 4096 1273 4152 Filius
1301 4114 1441 4152 meus
1467 4116 1518 4152 es
1549 4107 1601 4152 tu
1632 4113 1651 4152 :
1680 4116 1768 4170 ego
1799 4101 1948 4154 hodie

359 4190 508 4261 genui
537 4199 604 4242 te.
639 4187 849 4242 Postulo
884 4205 915 4240 a
941 4205 1046 4253 me,
1073 4198 1117 4241 et
1139 4188 1269 4242 dabo
1295 4189 1380 4243 tibi
1403 4199 1574 4259 gentes
1604 4189 1945 4244 haereditatem

363 4293 524 4347 tuam,
550 4289 593 4334 et
631 4280 987 4350 possessionem
1014 4290 1148 4333 tuam
1177 4281 1413 4334 terminos
1441 4289 1586 4333 terra:
1611 4281 1628 4350 (
1651 4278 1784 4332 Ibid.
1816 4296 1864 4334 υ.
1891 4282 1942 4335 7.

361 4373 440 4442 8).
471 4370 712 4426 Vidistin’
738 4370 1004 4440 quomodo
1027 4371 1314 4425 Ecclesiam
1345 4371 1580 4441 gentium
1616 4385 1944 4427 commemo-

360 4463 526 4529 ravit,
569 4471 624 4517 ct
668 4463 865 4532 ubique
902 4462 1243 4516 constitutum
1283 4461 1480 4515 Christi
1524 4476 1746 4530 regnum
1778 4462 1945 4516 dixit?

361 4554 558 4609 Deinde
573 4569 783 4608 rursum
802 4554 894 4617 ait,
919 4552 1100 4607 Pasces
1126 4570 1208 4606 eos
1233 4554 1287 4607 in
1303 4555 1442 4624 virga
1469 4556 1634 4624 ferrea
1653 4571 1672 4619 ;
1697 4570 1802 4606 non
1827 4570 1946 4622 gra-

360 4649 426 4710 vi,
449 4646 542 4700 sed
574 4644 697 4699 forti
723 4663 735 4698 :
759 4655 1011 4715 tamquam
1043 4660 1130 4698 vas
1155 4644 1300 4714 ﬁguli
1319 4653 1544 4698 conteres
1564 4660 1648 4697 eos
1669 4643 1772 4713 (Ib.
1797 4644 1941 4711 v.9).

361 4740 500 4794 Ecce
547 4738 812 4792 lavacrum
857 4737 1024 4807 magis
1072 4738 1298 4808 mystico
1346 4751 1496 4791 more
1538 4737 1806 4790 sumitur:
1839 4752 1942 4791 non

357 4830 498 4884 enim
538 4829 856 4898 simpliciter
890 4829 1024 4884 dixit
1046 4845 1171 4882 vasa
1208 4837 1435 4884 testacea
1456 4869 1472 4896 ,
1501 4828 1596 4884 sed
1621 4844 1745 4884 vasa
1776 4829 1943 4899 figuli.

362 4923 558 4977 Verum
583 4921 857 4976 attendite.
881 4921 1137 4976 Testacca
1156 4921 1352 4990 quippe
1380 4935 1503 4974 vasa
1527 4921 1775 4986 contrita,
1799 4921 1944 4976 reﬁci

362 5030 468 5070 non
496 5023 752 5084 possunt,
784 5013 854 5067 ob
881 5013 1130 5068 duritiem
1167 5028 1360 5083 nempe
1385 5011 1452 5066 ab
1483 5013 1602 5082 igne
1628 5023 1898 5082 acceptam
1926 5029 1940 5066 :

361 5120 483 5160 vasa
511 5112 688 5159 autem
719 5103 859 5173 liguli
885 5119 988 5158 non
1019 5111 1143 5157 sunt
1171 5112 1420 5169 testacea,
1452 5102 1546 5156 sed
1575 5117 1638 5156 ex
1673 5103 1781 5156 luto
1807 5118 1948 5155 com-

359 5200 566 5267 posita;
612 5211 776 5266 quare
823 5195 867 5250 si
918 5193 1177 5249 labefacta
1221 5193 1452 5259 fuerint,
1481 5192 1698 5248 artiﬁcis
1727 5195 1943 5248 solertia

360 5289 564 5343 facilius
602 5287 669 5341 ad
707 5286 995 5342 secundam
1039 5286 1263 5340 formam
1304 5284 1484 5340 reduci
1525 5295 1767 5354 possunt.
1809 5285 1942 5340 Cum

360 5383 535 5449 itaque
564 5380 918 5434 calamitatem
962 5378 1310 5434 insanabilem
1351 5388 1642 5441 memorat,
1683 5395 1788 5432 non
1819 5394 1943 5434 vasa

361 5471 502 5542 ﬁguli
533 5471 680 5537 dicit,
710 5471 805 5526 sed
832 5486 926 5525 vas
964 5479 1278 5525 testaceum.
1309 5469 1438 5523 Nam
1480 5485 1600 5523 cum
1633 5468 1943 5539 pr0phetam

356 5573 413 5616 et
437 5562 652 5617 Judteos
678 5561 875 5617 docere
901 5561 1099 5629 vellet,
1129 5575 1188 5616 se
1213 5559 1500 5616 calamitati
1545 5558 1828 5614 insanabili
1855 5577 1945 5616 ur-

360 5652 479 5708 bem
509 5652 809 5719 tradidisse,
833 5651 990 5723 jussit
1013 5666 1135 5708 eum
1164 5650 1408 5720 accipere
1427 5663 1522 5704 vas
1551 5656 1863 5719 testaceum,
1891 5661 1945 5706 et

361 5761 540 5802 coram
569 5745 819 5802 universo
839 5745 1035 5816 populo
1052 5744 1404 5816 confringere,
1425 5741 1706 5815 dicereque
1729 5742 1940 5817 (iorem.

2059 433 2172 504 l9),
2200 435 2289 490 Sic
2313 434 2493 506 peribit
2520 436 2638 492 urbs
2664 454 2725 491 ac
2753 448 3034 494 conteretur
3050 437 3260 512 (lerem.
3277 439 3364 496 i9.
3381 441 3643 512 il):cum

2058 535 2236 581 autem
2280 527 2472 582 bonam
2515 528 2644 600 ipsis
2683 542 2831 599 spem
2875 531 3027 588 offert
3053 575 3068 600 ,
3102 533 3154 587 in
3185 533 3452 589 officinam
3497 534 3647 606 ﬁguli

2055 617 2366 688 prophetam
2397 619 2640 688 deducit,
2671 638 2771 677 nec
2798 625 2896 692 ipsi
2929 639 3020 680 vas
3052 635 3338 682 testaceum
3373 629 3646 695 ostendit,

2053 708 2147 763 sed
2175 724 2268 764 vas
2305 710 2504 765 luteum
2545 727 2575 766 e
2615 728 2778 768 manu
2811 715 2952 786 ﬁguli
2980 716 3266 782 decidens,
3294 733 3357 773 ac
3382 719 3651 775 subinfert

2054 799 2135 852 his
2164 800 2379 856 verbis:
2405 800 2468 857 Si
2494 803 2682 874 ﬁgulus
2717 805 2798 859 hic
2834 821 2921 860 vas
2961 808 3096 877 quod
3125 809 3348 877 decidit,
3382 821 3649 881 acceptum

2053 891 2218 946 denuo
2254 896 2576 964 reformavit,
2614 913 2783 952 annon
2823 899 2982 953 multo
3016 903 3177 972 magis
3219 919 3311 972 ego
3351 914 3521 973 potero
3557 922 3649 959 vos

2053 983 2291 1053 delapsos
2321 987 2589 1041 emendare
2615 987 2845 1059 (Jerem.
2877 991 2962 1046 18.
2993 990 3084 1064 6)?
3112 993 3294 1048 Potest
3320 994 3477 1064 igitur
3501 996 3651 1051 Deus

2053 1091 2152 1130 nos
2181 1077 2354 1131 luteos
2399 1093 2506 1133 non
2557 1079 2716 1135 modo
2763 1096 2858 1151 per
2903 1085 3174 1138 lavacrum
3222 1087 3650 1154 regenerationis

2051 1168 2373 1236 emendare,
2417 1171 2510 1224 sed
2547 1171 2776 1241 Spiritus
2818 1183 3036 1243 accepta
3080 1174 3308 1242 virtute,
3342 1177 3650 1246 iterumque

2055 1259 2235 1330 lapsos
2266 1277 2361 1330 per
2388 1262 2651 1318 sinceram
2678 1264 3042 1334 paenitentiam
3068 1266 3119 1320 in
3137 1267 3416 1337 pristinum
3443 1277 3645 1323 statum

2051 1365 2321 1406 revocare.
2349 1349 2454 1407 Sed
2487 1368 2592 1408 non
2615 1363 2824 1426 tempus
2850 1364 2932 1412 est
2962 1372 3058 1412 vos
3083 1357 3150 1412 de
3171 1359 3478 1427 pmnitentia
3509 1361 3649 1415 allo-

2051 1441 2160 1510 qui,
2194 1443 2300 1497 imo
2331 1445 2502 1513 potius
2547 1445 2749 1500 utinam
2795 1448 2941 1502 nullo
2984 1464 3230 1519 umquam
3279 1457 3517 1520 tempore
3559 1452 3649 1508 his

2051 1532 2305 1588 remediis
2332 1549 2466 1604 opus
2491 1536 2732 1593 habeatis
2752 1580 2767 1605 ,
2813 1540 2905 1594 sed
2943 1555 3157 1612 semper
3180 1557 3242 1597 ea
3273 1554 3480 1599 servata
3519 1545 3635 1614 pnl-

2055 1622 2356 1679 chritudine
2384 1639 2584 1695 eosque
2609 1627 2892 1698 splendore
2907 1631 3348 1703 maneatis,quem
3380 1649 3521 1689 nunc
3546 1649 3642 1688 ac-

2050 1714 2258 1782 cepturi
2289 1716 2438 1771 estis.
2471 1716 2540 1773 Ut
2567 1719 2742 1787 itaque
2769 1721 2820 1775 in
2847 1735 2912 1776 eo
2940 1724 3202 1778 maneatis
3221 1765 3234 1789 ,
3263 1740 3394 1795 age,
3423 1725 3491 1780 de
3518 1726 3644 1780 vita:

2051 1807 2290 1863 instituto
2319 1825 2485 1880 pauca
2514 1812 2664 1868 vobis
2693 1813 3022 1871 disseramus
3048 1834 3062 1870 :
3090 1831 3212 1870 nam
3254 1818 3305 1871 in
3336 1818 3436 1872 hac
3473 1819 3644 1888 palae—

2051 1908 2161 1952 stra
2191 1899 2509 1956 athletarum
2540 1903 2719 1973 lapsus
2760 1905 2997 1974 periculo
3031 1915 3222 1961 vacant
3249 1926 3262 1960 :
3295 1922 3416 1962 cum
3447 1908 3643 1963 dome-

2051 1990 2199 2044 sticis
2228 1992 2370 2048 enim
2400 1993 2708 2062 decertant,
2735 2003 2788 2050 et
2817 1997 2867 2050 in
2895 2005 3283 2066 praeceptorum
3323 1998 3644 2068 corporibus

2049 2083 2226 2136 omnia
2253 2083 2594 2139 meditantur.
2617 2086 2750 2140 Cum
2776 2103 2903 2141 vero
2926 2089 3276 2142 certaminum
3313 2099 3522 2158 tempus
3543 2089 3636 2143 ad.

2049 2173 2276 2239 venerit,
2306 2189 2428 2228 cum
2458 2175 2692 2230 stadium
2721 2186 2965 2248 apertum
2994 2177 3174 2243 fuerit,
3202 2195 3322 2234 cum
3353 2195 3543 2235 omnes
3571 2181 3642 2234 ad

2049 2264 2410 2330 spectaculum
2449 2266 2788 2336 congregati,
2836 2267 2992 2323 sedes
3036 2283 3247 2323 sursum
3291 2272 3640 2340 occuparint,

2051 2361 2314 2421 prmscnte
2357 2357 2718 2425 agonOtheta:
2757 2368 2881 2412 tunc
2927 2374 3148 2413 necesse
3192 2371 3274 2414 est
3319 2370 3409 2415 aut
3451 2363 3643 2431 ignave

2049 2452 2265 2513 agentes
2294 2445 2468 2515 dcjici,
2499 2461 2560 2500 ac
2587 2461 2706 2501 cum
2737 2448 3017 2518 ignominia
3046 2450 3320 2507 discedere
3340 2494 3353 2516 ,
3382 2464 3474 2508 aut
3496 2469 3640 2510 sure-

2051 2552 2154 2590 nue
2182 2545 2420 2607 agentes,
2453 2552 2679 2594 coronas
2703 2549 2757 2594 et
2781 2541 2963 2595 bravia
2991 2544 3243 2612 consequi
3268 2561 3282 2608 ;
3328 2545 3404 2599 sic
3439 2545 3492 2600 hi
3543 2547 3644 2601 tri-

2049 2627 2193 2697 ginta
2221 2628 2336 2684 dies
2362 2630 2512 2684 vobis
2539 2625 2832 2700 palmstrte,
2861 2633 3258 2703 gymnasiorum
3298 2644 3350 2689 et
3378 2637 3644 2691 exercita-

2052 2719 2210 2772 tionis
2235 2719 2355 2775 loco
2395 2730 2535 2774 sunt.
2560 2721 2676 2775 Jam
2718 2721 2841 2776 hinc
2875 2723 3143 2777 discamus
3170 2725 3452 2796 malignum
3485 2728 3641 2783 illum

2049 2811 2346 2864 daemonem
2379 2811 2587 2866 vincere
2620 2830 2634 2866 :
2664 2829 2786 2867 nam
2817 2825 3001 2868 contra
3029 2815 3176 2869 illum
3217 2827 3336 2885 post
3373 2818 3640 2886 baptisma

2051 2899 2102 2953 in
2130 2915 2346 2955 arenam
2377 2903 2700 2957 descendere
2725 2904 2999 2969 debemus,
3023 2915 3208 2960 contra
3232 2907 3376 2961 illum
3401 2924 3642 2980 pugnare

2049 3001 2104 3047 et
2131 2992 2426 3048 decertare.
2454 2994 2570 3048 .Iam
2601 2995 2724 3051 hinc
2750 3011 2876 3066 ergo
2907 2998 3124 3053 insidias
3156 2998 3271 3068 ejus
3300 3000 3599 3056 ediscamus
3619 3044 3639 3069 ,

2049 3084 2314 3140 undenam
2346 3088 2610 3157 malignus
2639 3089 2745 3155 sit,
2788 3090 3052 3145 undenam
3098 3090 3255 3147 facile
3296 3109 3395 3148 nos
3438 3095 3641 3151 lwdere

2049 3179 2263 3250 poterit,
2293 3189 2349 3232 ut
2377 3181 2682 3235 certaminis
2725 3191 2965 3252 tempore
3008 3199 3112 3238 non
3157 3185 3449 3256 inexperti,
3482 3189 3641 3241 novis

2047 3271 2349 3339 conspectis
2394 3274 2772 3329 certaminibus
2817 3283 3133 3339 terreamur,
3177 3276 3271 3330 sed
3312 3277 3422 3347 jam
3464 3277 3640 3347 parati

2049 3363 2428 3433 meditatiqnc,
2461 3365 2680 3434 ejusque
2711 3365 2929 3421 insidias
2956 3381 3141 3422 omnes
3170 3367 3377 3434 edocti,
3407 3367 3642 3425 fidenter

2049 3455 2336 3508 certamina
2363 3471 2484 3509 cum
2516 3457 2606 3510 illo
2635 3457 2907 3512 adeamus.

2124 3544 2334 3616 Lingua:
2359 3558 2478 3618 quot
2509 3556 2552 3600 et
2582 3553 2756 3617 quanti
2787 3548 2982 3620 lapsus.
3014 3579 3084 3591 —
3108 3550 3350 3622 Undique
3379 3568 3504 3607 vero
3535 3569 3642 3608 no-

2051 3637 2132 3691 bis
2161 3653 2357 3693 nocere
2386 3641 2542 3706 solet,
2573 3641 2666 3695 sed
2695 3641 2744 3696 in
2774 3643 2959 3708 primis
2988 3644 3163 3714 lingua
3203 3653 3258 3699 et
3284 3659 3398 3699 ore.
3421 3645 3641 3701 Nullum

2050 3729 2191 3784 enim
2226 3731 2302 3784 illi
2345 3732 2414 3785 ita
2445 3742 2801 3802 opportunum
2833 3748 3089 3804 organum
3133 3735 3200 3790 ad
3245 3735 3484 3791 lmudem
3518 3753 3646 3806 pcr-

2051 3820 2352 3892 niciemqne
2383 3832 2641 3888 nostram,
2673 3834 2729 3877 ut
2764 3823 3126 3894 intemperans
3154 3825 3329 3894 lingua
3357 3835 3406 3880 et
3435 3841 3495 3880 os
3526 3842 3643 3880 non

2051 3913 2378 3968 obturatum.
2399 3914 2534 3969 llinc
2558 3915 2710 3968 nobis
2738 3914 2914 3984 lapsus
2937 3916 3168 3984 plurimi,
3193 3915 3317 3970 hinc
3343 3917 3495 3970 nobis
3518 3933 3645 3986 gra-

2051 4004 2132 4057 via
2161 4005 2407 4058 crimina.
2436 4005 2604 4071 Quam
2634 4004 2788 4060 facile
2818 4006 2885 4059 sit
2913 4021 3008 4060 ore
3035 4006 3160 4071 labi,
3191 4006 3268 4061 sic
3300 4007 3514 4077 quidam
3543 4008 3644 4062 de-

2049 4097 2269 4150 claravit
2293 4114 2306 4148 :
2341 4096 2393 4149 Μ
2402 4099 2492 4150 ulti
2516 4097 2736 4151 cecidere
2759 4098 2953 4169 gladio,
2983 4101 3072 4152 sed
3097 4116 3196 4153 non
3224 4109 3296 4153 tot
3323 4110 3440 4171 quot
3465 4101 3644 4171 lingua

2055 4186 2240 4258 (Eccli.
2272 4189 2360 4244 28.
2391 4189 2482 4260 2%)
2516 4207 2529 4244 :
2563 4190 2783 4261 ipseque
2808 4207 3018 4245 rursum
3045 4209 3202 4261 quam
3230 4194 3407 4262 gravis
3434 4194 3503 4246 sit
3532 4194 3642 4247 hu-

2043 4279 2280 4350 jnsmodi
2311 4283 2494 4352 lapsus
2525 4283 2775 4338 indicavit
2815 4284 2897 4340 his
2925 4285 3132 4349 verbis,
3161 4285 3359 4356 Lapsus
3394 4287 3458 4340 de
3489 4289 3641 4357 paui-

2049 4383 2217 4428 mento
2241 4375 2404 4445 potius
2423 4392 2575 4443 quam
2596 4376 2767 4447 lapsus
2791 4377 2853 4430 de
2874 4377 3046 4446 lingua
3072 4378 3090 4447 (
3115 4377 3272 4431 Eccli.
3298 4377 3386 4432 20.
3409 4377 3514 4449 20)
3541 4397 3554 4432 :
3586 4380 3642 4434 id

2049 4474 2134 4520 est
2153 4507 2167 4529 .
2198 4466 2388 4521 melius
2429 4476 2511 4522 est
2541 4467 2644 4521 labi
2673 4469 2984 4538 conterique
3011 4484 3227 4539 corpus,
3263 4485 3419 4540 quam
3451 4471 3639 4540 hujus-

2050 4557 2192 4610 modi
2226 4557 2446 4611 verbum
2476 4558 2736 4627 proferre,
2767 4560 2907 4630 quod
2936 4562 3101 4630 possit
3127 4562 3356 4615 animam
3398 4570 3638 4617 nostram

2050 4648 2291 4718 perdere.
2318 4647 2498 4718 Neque
2527 4650 2708 4719 lapsus
2734 4659 2936 4704 tantum
2970 4660 3249 4718 memorat,
3275 4650 3368 4705 sed
3399 4652 3641 4707 hortatur

2049 4749 2108 4794 ut
2129 4755 2371 4810 magnam
2389 4742 2798 4808 sollicitudinem
2821 4759 3090 4814 geramus,
3117 4759 3184 4798 ne
3205 4745 3637 4814 supplantemnr,

2050 4829 2132 4884 his
2153 4831 2348 4895 verbis,
2381 4830 2487 4884 Fac
2507 4832 2584 4885 ori
2612 4842 2697 4886 tuo
2712 4833 2929 4903 januam
2945 4842 2990 4887 et
3013 4844 3169 4889 vectes
3188 4834 3371 4906 (Eccli.
3395 4835 3487 4892 28.
3507 4837 3635 4907 28);

2049 4935 2158 4974 non
2185 4930 2241 4974 ut
2267 4935 2393 4975 vere
2417 4920 2610 4990 januas
2647 4932 2702 4976 et
2729 4931 2907 4978 vectes
2950 4938 3234 4992 paremus,
3281 4925 3375 4980 sed
3419 4936 3477 4980 ut
3514 4941 3636 4981 eum

2050 5028 2241 5083 magna
2289 5014 2498 5068 cautela
2548 5014 2792 5070 absurdis
2823 5017 2997 5071 verbis
3044 5017 3274 5088 linguam
3306 5019 3638 5082 claudamus.

2047 5106 2385 5177 Rursumque
2413 5106 2540 5161 alibi
2567 5107 2853 5164 ostendens
2881 5124 2980 5164 nos
3008 5119 3062 5165 et
3090 5125 3210 5165 eum
3240 5111 3417 5165 studio
3451 5120 3637 5166 nostro

2051 5206 2106 5252 et
2150 5206 2274 5251 ante
2318 5197 2550 5253 studium
2592 5209 2833 5254 nostrum
2861 5215 3092 5270 superno
3127 5217 3285 5272 egere
3315 5203 3544 5268 auxilio,
3579 5213 3637 5257 ut

2049 5289 2188 5344 hanc
2215 5289 2378 5344 feram
2406 5291 2550 5345 intus
2572 5290 2974 5358 contineamus,
3003 5293 3068 5347 ad
3101 5295 3264 5348 Deum
3298 5311 3486 5350 manus
3517 5304 3636 5349 ten-

2048 5381 2185 5437 dens
2214 5381 2469 5452 propheta
2501 5383 2746 5438 dicebat:
2777 5381 3007 5438 Elevatio
3035 5403 3273 5439 manuum
3299 5404 3523 5441 mearum
3552 5405 3634 5440 sa.

2055 5466 2312 5535 eri/icium
2341 5470 2704 5534 tespertinum.
2733 5466 2893 5534 Pone,
2935 5468 3174 5533 Domine,
3215 5469 3508 5521 custodiam
3545 5469 3628 5521 ori

2052 5576 2187 5625 meo,
2219 5570 2268 5613 et
2296 5560 2483 5613 ostium
2513 5561 2922 5615 circumstantiis
2947 5561 3100 5615 labiis
3136 5561 3265 5614 meis
3297 5559 3464 5627 (Psal.
3498 5560 3622 5614 ΗΟ.

2051 5649 2106 5702 2.
2129 5650 2205 5718 3).
2235 5648 2301 5704 Et
2323 5649 2413 5719 qui
2439 5651 2588 5720 prius
2619 5649 2846 5715 monuit,
2871 5665 3084 5705 rursum
3110 5650 3215 5704 ait:
3240 5649 3365 5714 Quis
3382 5650 3526 5703 dabit
3544 5651 3627 5703 ori

2052 5755 2162 5795 meo
2189 5741 2496 5811 custodiam,
2531 5751 2580 5797 et
2605 5741 2757 5798 labiis
2781 5743 2905 5797 meis
2927 5742 3154 5814 sigillum
3177 5751 3408 5796 astutum
3432 5741 3618 5812 (Eccli.
