3894 6226
171 329 280 383 229

165 443 260 495 2%.
289 441 377 508 53)
399 442 419 494 ?
443 439 628 496 Viden’
657 439 895 511 singulos
927 438 1235 509 hujusmodi
1265 438 1448 508 lapsus
1475 439 1745 502 timentes,

171 530 437 599 lugentes,
466 527 684 583 consilia
712 527 919 592 dantes,
951 537 1251 597 precantes,
1277 537 1332 580 ut
1354 528 1490 580 circa
1520 527 1750 597 linguam

168 635 362 689 magna
391 618 595 673 cautela
623 616 976 671 adhibeatur?
1005 619 1072 671 At
1098 633 1212 683 cur,
1237 617 1462 686 inquies,
1489 619 1531 671 si
1555 627 1752 672 tantam

172 710 331 765 nobis
357 710 642 781 perniciem
672 709 770 762 hoc
793 708 1200 762 instrumentum
1226 709 1431 773 afferat,
1459 713 1630 778 ipsum
1660 727 1754 763 no-

170 801 255 855 bis
300 818 328 853 a
377 799 632 869 principio
680 797 867 852 indidit
919 799 1092 852 Dens?
1135 799 1265 866 Quia
1306 815 1549 869 magnam
1597 800 1754 854 etiam

172 891 330 945 affert
357 890 660 956 utilitatem,
690 901 744 946 et
773 890 816 942 si
841 903 1123 944 caveamus
1143 931 1157 956 ,
1195 889 1472 944 utilitatem
1518 900 1718 943 tantum
1739 930 1753 954 ,

172 982 464 1052 perniciem
499 996 628 1034 vero
659 981 859 1034 nullam
889 979 1063 1034 affert.
1094 981 1228 1034 Audi
1267 982 1409 1036 enim
1449 981 1574 1051 quid
1619 983 1760 1037 dicat

172 1090 240 1136 Is,
274 1074 362 1143 qui
393 1074 537 1143 prius
567 1073 654 1127 illa
681 1074 923 1127 dixerat:
951 1071 1014 1124 In
1038 1090 1190 1126 manu
1217 1073 1402 1143 lingua:
1430 1074 1528 1126 vita
1551 1083 1594 1126 et
1625 1090 1761 1126 mors

176 1162 357 1236 (Prov.
390 1164 476 1218 18.
499 1163 612 1234 21).
649 1164 954 1232 Eademque
995 1164 1107 1232 ipsa
1141 1163 1384 1218 Christus
1410 1165 1642 1218 declarat
1681 1163 1763 1218 his

177 1256 357 1309 verbis
367 1299 380 1322 ,
398 1255 473 1310 De
483 1254 790 1308 sermonibus
804 1256 900 1309 tuis
916 1256 1340 1321 condemnaberis,
1356 1266 1501 1326 atque
1513 1255 1574 1309 de
1585 1272 1765 1310 sermo-

173 1345 324 1398 nibus
351 1345 448 1398 tuis
468 1346 831 1416 justi/icaberis
858 1344 1075 1414 (Matth.
1111 1347 1198 1398 12.
1228 1346 1294 1399 37
1315 1346 1354 1414 ).
1381 1346 1547 1399 Media
1571 1344 1765 1414 quippe

174 1449 280 1492 stat
307 1437 486 1506 lingua
514 1439 652 1492 inter
683 1448 964 1508 utrumque
991 1454 1176 1502 usum;
1207 1447 1260 1492 tu
1299 1438 1544 1493 dominus
1579 1455 1656 1494 es.
1690 1440 1764 1494 lta

174 1539 233 1583 et
258 1529 464 1599 gladius
484 1529 626 1598 jacet
651 1529 891 1594 medius;
917 1534 960 1584 si
991 1530 1079 1583 illo
1102 1540 1284 1584 contra
1310 1529 1552 1584 inimicos
1579 1531 1762 1596 utaris,

177 1621 416 1674 salutare
447 1620 538 1672 tibi
571 1621 982 1674 instrumentum
1011 1619 1271 1685 efficitur;
1297 1621 1376 1674 sin
1409 1620 1496 1674 tibi
1525 1621 1624 1689 ipsi
1654 1622 1769 1674 vul-

178 1729 284 1766 nus
311 1711 538 1781 inﬂigas,
575 1727 680 1765 non
712 1711 838 1766 ferri
861 1720 1069 1776 natura,
1097 1711 1191 1766 sed
1223 1711 1472 1781 iniquitas
1495 1720 1582 1766 tua
1608 1713 1770 1766 caedis

178 1819 342 1858 causa
369 1814 470 1858 est.
495 1803 567 1857 lta
595 1813 650 1858 et
675 1803 740 1858 de
768 1803 944 1874 lingua
971 1803 1268 1873 cogitemus
1306 1820 1318 1857 :
1356 1803 1562 1873 gladius
1596 1813 1679 1858 est
1716 1804 1766 1858 in

181 1896 362 1951 medio
385 1897 589 1964 jacens,
613 1911 745 1949 acue
775 1895 917 1948 illam
945 1894 1010 1949 ad
1043 1906 1094 1948 te
1115 1896 1182 1949 de
1209 1895 1444 1964 peccatis
1473 1895 1576 1948 tuis
1609 1910 1769 1948 accn-

182 1988 431 2052 sandum,
462 2003 528 2041 ne
552 1986 702 2040 fratri
729 1987 919 2040 vulnus
947 1986 1173 2056 infligas.
1219 1986 1342 2040 ldeo
1384 1985 1528 2039 illam
1569 1985 1768 2055 duplici

185 2095 342 2132 muro
374 2077 510 2132 Deus
535 2077 993 2145 circumvallavit,
1023 2077 1260 2132 dentium
1309 2092 1499 2146 nempe
1543 2086 1694 2147 septo
1721 2088 1774 2131 et

189 2169 451 2224 labiorum
495 2169 693 2223 ambitu
716 2209 730 2234 ,
777 2184 846 2224 ne
885 2169 1034 2223 facile
1061 2176 1115 2223 et
1144 2169 1438 2223 inconsuite
1476 2169 1636 2222 verba
1668 2185 1772 2222 non

188 2259 534 2328 congruentia
567 2258 816 2326 proferat.
849 2257 1082 2313 Refrena
1112 2258 1254 2312 illam
1283 2259 1442 2312 intus.
1470 2257 1663 2312 Verum
1690 2259 1773 2311 ilia

192 2366 296 2404 non
329 2350 379 2404 id
409 2349 908 2420 patitur?dentibus
946 2349 1089 2403 illam
1135 2352 1352 2420 castiga,
1403 2351 1636 2421 ipsorum
1679 2365 1776 2404 ceu

189 2441 499 2496 carnificum
536 2444 738 2496 morsui
767 2443 910 2496 illam
943 2441 1159 2496 tradens
1192 2459 1206 2495 :
1241 2442 1430 2496 melius
1470 2441 1666 2510 quippe
1697 2450 1779 2495 est

193 2533 334 2586 illam
366 2548 504 2587 nunc
540 2542 846 2602 peccantem
877 2533 1126 2588 dentibus
1159 2533 1391 2587 morderi
1417 2574 1431 2599 ,
1465 2547 1622 2602 quam
1654 2542 1780 2588 tunc

192 2623 396 2676 aridam
425 2632 477 2677 et
505 2639 656 2693 aqua:
681 2624 877 2678 stillam
919 2635 1246 2693 qumrentem
1295 2624 1380 2677 illa
1412 2624 1780 2680 consolatione

195 2712 413 2782 privari.
445 2714 502 2768 ln
535 2713 714 2767 multis
740 2728 870 2768 sane
900 2714 1017 2768 aliis
1048 2729 1272 2782 peccare
1301 2714 1388 2768 illa
1411 2715 1568 2782 solet,
1593 2719 1745 2771 convi
1764 2749 1779 2759 -

193 2805 292 2860 ciis
319 2821 528 2875 nempe,
561 2805 929 2875 blasphemiis,‘
954 2807 1130 2861 verbis
1158 2807 1443 2874 obscoenis,
1477 2809 1779 2879 syc0phan-

197 2898 305 2961 tiis,
334 2898 669 2967 juranientis,
702 2897 967 2967 perjuriis.

269 2990 323 3044 5.
367 2989 617 3043 Adversus
632 2990 848 3058 jurandi
876 2991 1299 3046 consuetudinem.
1328 3023 1400 3032 —
1424 2993 1526 3048 Sed
1557 3010 1625 3048 ne
1654 3009 1782 3049 eon-

195 3081 375 3137 fertim
426 3082 604 3134 omnia
654 3080 891 3135 dicentes
954 3092 1185 3136 mentem
1248 3083 1636 3138 eonfnndamus
1687 3101 1782 3139 ve-

196 3180 384 3237 stram,
430 3187 586 3224 unam
617 3170 766 3224 vobis
793 3170 959 3240 legem
1005 3172 1249 3240 ponimus
1275 3172 1341 3226 de
1388 3173 1614 3227 vitandis
1637 3174 1783 3243 jura-

200 3264 419 3327 mentis,
453 3263 556 3317 hoc
584 3263 734 3317 vobis
763 3264 1181 3332 prmnuntiantes
1207 3273 1257 3317 et
1285 3265 1573 3325 ediecntes,
1606 3268 1648 3319 si
1679 3283 1780 3319 non

202 3355 364 3410 modo
411 3354 661 3424 perjuria,
694 3353 786 3408 sed
814 3355 971 3408 etiam
994 3353 1296 3424 juranienta
1325 3355 1394 3409 ob
1433 3356 1627 3424 justam
1657 3373 1783 3410 cau-

199 3462 317 3501 sam
349 3446 571 3516 prolata,
605 3461 708 3499 non
741 3445 970 3514 fugiatis,
1004 3461 1088 3500 me
1117 3463 1220 3499 non
1247 3446 1388 3500 aliud
1415 3457 1782 3516 argumentum

204 3547 572 3592 traetaturum.
603 3537 733 3591 Nam
764 3537 1050 3591 absurdum
1093 3547 1256 3602 esset,
1285 3539 1349 3602 si,
1381 3538 1508 3592 dum
1558 3539 1785 3592 ludima-

201 3630 353 3701 gistri
401 3645 505 3684 non
558 3629 688 3683 alias
743 3631 920 3698 pueris
978 3630 1192 3683 tradunt
1241 3629 1569 3699 disciplinas,
1617 3630 1787 3684 donec

203 3723 417 3777 videant
465 3723 694 3792 priorem
737 3723 789 3776 in
841 3723 1076 3791 ipsorum
1126 3722 1381 3778 memoria
1430 3722 1650 3793 pulchre
1679 3722 1782 3776 ha:-

208 3828 352 3880 rere,
380 3827 477 3866 nos
523 3829 642 3867 cum
675 3813 878 3883 priores
925 3812 1233 3882 disciplinas
1260 3813 1492 3867 nomium
1524 3813 1788 3869 inculcare

209 3903 555 3972 potuerimus,
587 3903 783 3957 alteras
821 3902 995 3957 denuo
1026 3904 1326 3972 ingeramus
1359 3921 1372 3955 :
1405 3903 1454 3957 id
1486 3903 1625 3958 enim
1657 3904 1785 3957 nihil

204 3993 346 4047 aliud
375 4003 510 4048 esset
541 4010 697 4064 quam
730 3995 782 4048 in
827 4005 1040 4062 pertuso
1069 3993 1212 4048 dolio
1261 3994 1488 4048 haurire.
1519 3994 1594 4049 Ne
1634 3996 1790 4064 igitur

207 4101 268 4138 os
293 4085 445 4138 nobis
482 4084 760 4150 eiaudatis,
794 4099 1036 4154 magnam
1088 4085 1162 4138 rei
1192 4099 1376 4138 curam
1420 4085 1626 4138 habete.
1658 4084 1787 4142 Nam

206 4191 367 4245 grave
414 4185 683 4244 peccatum
733 4182 850 4240 est,
893 4174 1284 4245 admodumque
1331 4189 1534 4245 grave:
1567 4175 1791 4244 ideoque

208 4268 493 4323 admodum
523 4283 704 4337 grave,
736 4269 859 4338 quia
889 4283 991 4321 non
1040 4267 1245 4321 videtur
1268 4282 1428 4336 grave
1452 4282 1570 4322 esse
1602 4285 1617 4322 :
1646 4267 1790 4320 ideo.

212 4375 317 4430 que
346 4359 513 4428 ipsum
541 4358 788 4422 formido,
821 4358 940 4428 quia
972 4373 1128 4411 nemo
1170 4357 1416 4411 formidat
1449 4375 1462 4412 :
1493 4358 1612 4412 ideo
1638 4358 1788 4412 incu-

209 4451 391 4506 rabilis
440 4451 676 4516 morbus,
717 4453 838 4520 quia
882 4452 1098 4506 morbus
1143 4466 1247 4504 non
1275 4465 1392 4505 esse
1421 4450 1664 4515 videtur;
1696 4450 1790 4505 sed

207 4542 653 4614 quemadmodum
684 4558 860 4597 sermo
889 4541 1114 4609 simplex
1151 4543 1352 4596 crimen
1381 4556 1485 4595 non
1513 4551 1609 4605 est,
1644 4542 1712 4594 ita
1740 4551 1794 4595 et

211 4635 316 4689 hoc
363 4635 561 4688 crimen
606 4650 725 4689 esse
771 4649 876 4688 non
929 4632 1158 4697 videtur,
1187 4632 1279 4687 sed
1328 4633 1656 4688 confidenter
1695 4635 1794 4688 hoc

211 4724 418 4778 facinus
464 4725 801 4788 admittitur;
834 4725 877 4779 si
925 4724 1042 4795 quis
1090 4739 1220 4779 vero
1262 4725 1565 4794 redarguat,
1615 4726 1791 4778 statim

210 4817 354 4869 risus
381 4826 435 4871 et
462 4815 703 4870 cachinni
734 4815 960 4885 profusi,
1005 4830 1109 4870 non
1151 4817 1405 4871 adversus
1448 4831 1560 4882 eos,
1593 4817 1681 4886 qui
1707 4816 1796 4886 ju-

217 4918 454 4963 ramenta
481 4909 822 4979 redarguunt,
853 4908 945 4962 sed
987 4909 1243 4964 adversus
1271 4925 1386 4977 eos,
1430 4910 1518 4980 qui
1550 4911 1792 4964 morbum

212 5017 407 5058 curare
449 5001 650 5054 volunt.
706 4999 830 5054 Ideo
879 5001 1090 5069 longum
1134 4999 1232 5054 hac
1274 5001 1342 5056 de
1383 5016 1442 5056 re
1493 5015 1792 5056 sermonem

215 5093 390 5146 habeo
424 5110 438 5145 :
466 5091 624 5143 altam
652 5091 791 5144 enim
837 5090 1066 5144 radicem
1115 5091 1344 5146 evellere
1390 5091 1566 5160 cupio,
1597 5100 1649 5144 et
1678 5091 1796 5144 diu-

217 5193 430 5235 turnum
459 5181 640 5236 delere
687 5180 916 5244 malum;
947 5196 1048 5234 non
1081 5171 1308 5250 pc‘rjnria
1339 5181 1508 5234 solum
1533 5181 1673 5244 dico,
1703 5181 1794 5236 scd

213 5282 268 5325 et
317 5270 614 5340 juramenta
662 5270 806 5339 juste
851 5272 1076 5340 prolata.
1131 5273 1218 5333 At,
1251 5269 1474 5337 inquies,
1525 5271 1610 5323 ille
1639 5270 1798 5324 homo

218 5364 512 5429 modestus,
559 5364 908 5418 sacerdotium
953 5377 1165 5433 gerens,
1215 5363 1298 5432 pie
1339 5372 1798 5433 temperanterque

221 5455 428 5519 vivens,
463 5454 613 5523 'jurat
655 5462 848 5510 tamen.
893 5452 971 5509 Ne
996 5453 1123 5508 mihi
1153 5453 1450 5508 modestum
1481 5453 1625 5507 illum
1671 5454 1802 5508 alle-

218 5561 332 5614 ges,
382 5555 788 5615 temperantem,
821 5547 988 5615 pium,
1038 5547 1091 5601 in
1134 5547 1433 5601 sacerdotio
1479 5545 1796 5616 degentem:

217 5637 314 5692 sed
355 5636 402 5691 si
427 5636 507 5689 vis
551 5652 688 5705 pone
740 5637 952 5691 Petrum
980 5651 1099 5692 esse
1144 5637 1227 5692 vel
1254 5636 1497 5701 Paulum,
1531 5637 1612 5690 vel
1642 5637 1802 5705 ange-

220 5733 348 5794 lum,
379 5729 468 5800 qui
495 5729 562 5783 de
592 5730 724 5783 cmlo
759 5725 1092 5785 descenderit
1123 5746 1135 5782 :
1170 5745 1236 5785 ne
1265 5729 1340 5784 sic
1370 5730 1578 5800 quidem
1607 5745 1792 5799 perso-

1195 329 1286 384 ΑΒ
1326 323 1831 384 lLLUMlNANDOS
1871 323 2300 379 CATECUESIS
2338 323 2377 377 l.

3334 322 3441 377 9'50

1863 449 2048 488 narum
2079 433 2383 504 dignitatem
2429 433 2727 504 respiciam.
2759 433 2890 488 Nam
2921 435 3090 505 legem
3119 450 3224 490 non
3272 441 3438 491 servi-

1863 523 1992 590 lem,
2026 524 2118 578 sed
2149 525 2466 579 dominicam
2497 526 2564 580 de
2594 524 2900 596 juramcnto
2929 527 3046 596 lego
3076 544 3090 580 :
3119 543 3238 581 cum
3269 539 3442 582 autem

1864 615 2198 683 imperatoria
2220 616 2416 684 scripta
2439 616 2702 685 leguntur.
2727 618 2898 671 onmis
2919 633 3190 672 servorum
3218 618 3442 688 dignitas

1864 707 2124 775 quiescat.
2158 706 2288 760 Nam
2336 708 2378 760 si
2409 707 2588 761 dicere
2638 719 2789 778 potes
2839 708 3106 763 Christum
3147 709 3449 778 juramenta

1866 800 2201 868 praecepisse,
2229 809 2320 853 aut
2342 799 2608 854 Christum
2659 802 2771 871 ipsa
2809 802 3041 857 admissa
3091 818 3195 858 non
3225 807 3440 871 ulcisci,

1866 889 2086 944 05tende
2135 889 2282 955 mihi,
2329 899 2378 943 et
2411 905 2614 945 morem
2657 907 2856 959 geram.
2891 892 3041 959 Quod
3069 892 3114 946 si
3145 902 3287 946 tanta
3318 910 3444 948 cura

1871 982 2039 1051 ipsum
2069 991 2228 1044 vetat,
2261 991 2313 1036 et
2344 991 2542 1036 tantam
2571 982 2725 1052 hujus
2755 983 2830 1037 rei
2863 984 3243 1053 providentiam
3287 987 3445 1053 gerit,

1873 1082 1930 1125 ut
1959 1088 2078 1124 eum
2109 1072 2337 1142 maligno
2361 1071 2627 1140 jurantem
2651 1075 2940 1128 constituat
2965 1075 2982 1143 (
3005 1074 3152 1142 Quod
3180 1086 3347 1126 autem
3376 1077 3454 1128 his

1870 1160 2207 1216 abundantius
2243 1172 2335 1228 est,
2365 1165 2457 1228 ait,
2486 1179 2694 1233 nempe,
2725 1173 2796 1218 est
2845 1172 2898 1218 et
2924 1181 3044 1231 non,
3071 1181 3102 1218 a
3129 1165 3330 1218 diabolo
3373 1176 3447 1216 est

1874 1249 2200 1327 [Matth.5]),
2225 1255 2348 1324 quid
2373 1255 2499 1309 mihi
2530 1255 2670 1311 hunc
2698 1267 2750 1311 et
2781 1255 2928 1310 illum
2960 1257 3011 1310 in
3060 1257 3293 1312 medium
3327 1273 3452 1326 pro-

1874 1346 2065 1399 ducis?
2087 1345 2201 1400 Non
2233 1346 2374 1400 enim
2401 1362 2464 1400 ex
2495 1361 2870 1402 conservorum
2897 1348 3235 1417 negligentia,
3265 1350 3358 1403 sed
3389 1364 3454 1403 ex

1873 1433 2046 1504 legum
2076 1450 2292 1489 suarum
2337 1445 2624 1507 praecepto,
2672 1435 2812 1491 hunc
2843 1436 2983 1492 Deus
3012 1437 3146 1492 feret
3172 1438 3453 1492 calculum.

1874 1525 2037 1591 Jussi,
2088 1526 2255 1595 inquit
2291 1544 2304 1578 :
2337 1525 2706 1596 obtemperare
2751 1528 3052 1596 oportebat,
3101 1543 3205 1581 non
3238 1528 3378 1582 hunc
3407 1536 3462 1582 et

1877 1619 2022 1672 illum
2052 1619 2402 1688 praetendere,
2433 1635 2605 1688 neque
2642 1620 2813 1674 aliena
2843 1620 2980 1674 mala
3025 1621 3286 1674 curiosius
3313 1621 3460 1676 inve-

1876 1709 2090 1779 stigare.
2125 1709 2560 1779 Quandoquidem
2607 1725 2830 1780 magnus
2877 1710 2965 1764 ille
3014 1710 3177 1765 David
3222 1711 3274 1764 in
3303 1727 3463 1780 grave

1880 1809 2153 1868 peceatum
2200 1799 2379 1868 lapsus
2426 1809 2506 1853 est
2534 1816 2548 1852 :
2577 1798 2800 1866 ideone,
2835 1814 3036 1869 quaeso,
3083 1799 3198 1855 sine
3227 1801 3465 1870 periculo

1881 1907 2101 1960 peccare
2130 1890 2462 1960 poterimus?
2491 1890 2826 1960 Quapropter
2853 1889 2953 1945 hoc
2995 1905 3183 1945 cavere
3211 1900 3418 1960 oportet
3447 1932 3462 1954 ,

1879 1991 2042 2052 atque
2073 1992 2215 2037 recta
2265 1993 2468 2037 tantum
2499 1993 2801 2037 sanctorum
2846 1993 2991 2054 gesta
3023 1984 3239 2038 imitari.
3286 1984 3464 2040 Sicubi

1884 2076 2376 2147 vero'negligentia
2422 2077 2503 2131 vel
2553 2077 2901 2147 transgressio
2945 2077 3076 2147 legis
3123 2087 3385 2145 occurrat,
3417 2078 3468 2132 id

1886 2183 2093 2220 sunnna
2147 2167 2499 2221 sollicitudine
2527 2166 2834 2237 fugiendum
2865 2175 2964 2222 est.
3014 2167 3128 2222 Non
3160 2170 3302 2222 enim
3346 2183 3466 2222 cum

1883 2260 2176 2324 conservis,
2199 2259 2291 2313 sed
2318 2275 2437 2314 cum
2467 2260 2690 2314 Domino
2715 2260 2849 2313 ratio
2878 2261 3027 2314 nobis
3058 2269 3158 2326 est,
3187 2277 3470 2332 rerumque

1886 2350 1935 2402 in
1963 2350 2066 2403 vita
2095 2361 2364 2419 gestarum
2390 2351 2623 2404 omnium
2654 2351 2912 2405 rationem
2936 2351 3033 2420 ipsi
3061 2351 3359 2408 reddemus.
3390 2354 3470 2408 Ad

1887 2441 2014 2496 illud
2042 2443 2218 2510 itaque
2249 2442 2478 2496 tribunal
2507 2456 2605 2495 nos
2634 2457 2992 2512 prmparemus
3015 2459 3028 2494 :
3055 2458 3175 2496 nam
3201 2454 3471 2512 quantum-

1887 2531 1968 2586 vis
1996 2531 2339 2586 admirandus
2368 2541 2420 2586 et
2449 2547 2670 2602 magnus
2699 2534 2767 2585 sit
2797 2533 2842 2586 is
2869 2533 2958 2602 qui
2993 2533 3128 2588 hanc
3155 2533 3324 2603 legem
3356 2535 3470 2586 vin-

1886 2624 1978 2689 lat,
2004 2624 2239 2693 reposito
2271 2623 2389 2678 huic
2417 2625 2836 2694 prtevanieationi
2860 2626 3120 2695 supplicio
3145 2626 3283 2682 haud
3308 2627 3470 2683 dubie

1889 2716 2146 2784 plectetur
2166 2734 2176 2766 :
2199 2731 2303 2769 non
2335 2716 2478 2769 enim
2507 2731 2760 2784 personas
2783 2717 2974 2785 accipit
3001 2716 3160 2771 Deus.
3192 2717 3474 2785 Quomodo

1887 2816 2063 2860 autem
2092 2821 2259 2874 quave
2288 2807 2491 2860 ratione
2517 2815 2691 2876 potest
2718 2807 2817 2860 hoc
2850 2816 3120 2876 peccatum
3144 2808 3342 2863 vitari?
3368 2827 3472 2862 non

1887 2901 2031 2952 enim
2080 2912 2176 2966 par
2224 2905 2305 2951 est
2352 2913 2509 2966 quam
2556 2911 2717 2966 grave
2772 2897 2840 2951 sit
2891 2905 3162 2966 peccatum
3206 2897 3477 2956 dumtaxat

1887 2988 2188 3050 ostendere,
2241 2989 2332 3041 sed
2380 2989 2679 3052 consilium,
2729 3003 2834 3058 quo
2874 2989 2942 3044 ab
2972 3005 3036 3043 eo
3067 2990 3277 3044 liberari
3308 2993 3479 3060 possi-

1889 3096 2008 3134 mus
2027 3079 2253 3148 aperire.
2277 3079 2370 3133 Est
2391 3080 2479 3132 tibi
2517 3081 2729 3148 conjux,
2755 3091 2876 3134 sunt
2899 3082 2992 3135 tibi
3015 3082 3124 3146 filii,
3148 3092 3229 3136 est
3249 3083 3472 3150 amicus,

1888 3182 2164 3242 cognatus,
2189 3171 2392 3226 vicinus
2424 3188 2436 3222 :
2472 3171 2555 3225 his
2580 3172 2824 3224 omnibus
2849 3173 2984 3227 hanc
3008 3190 3171 3244 super
3196 3174 3278 3229 his
3298 3186 3480 3230 custo—

1889 3263 2030 3316 diam
2077 3263 2357 3316 dcmanda.
2389 3258 2574 3316 Gravis
2621 3277 2706 3316 res
2753 3270 2836 3316 est
2881 3265 3230 3331 consuetudo,
3261 3267 3477 3321 difficile

1890 3361 1974 3408 est
2002 3369 2116 3408 eam
2146 3354 2212 3408 de
2239 3353 2414 3408 medio
2443 3353 2648 3414 tollere,
2680 3352 2901 3406 arduum
2929 3363 3012 3408 est
3039 3355 3104 3408 ab
3133 3355 3216 3410 illa
3246 3371 3434 3410 cavere
3457 3396 3476 3424 ,

1891 3446 2085 3501 invitos
2114 3461 2254 3516 sa‘pe
2300 3455 2352 3500 et
2400 3445 2762 3514 imprudentes
2811 3446 3028 3500 invadit.
3077 3447 3238 3516 Igitur
3280 3458 3479 3518 quanto

1891 3539 2144 3608 majorem
2172 3539 2305 3592 nosti
2333 3541 2436 3590 vim
2459 3537 2876 3600 consuetudinis,
2903 3545 3048 3591 tanto
3070 3539 3236 3608 magis
3257 3555 3285 3591 a
3310 3554 3470 3608 prava

1891 3631 2276 3686 consuetudine
2327 3631 2534 3684 liberari
2565 3639 2743 3700 satagc
2767 3637 2823 3683 ct
2867 3630 2933 3682 ad
2962 3629 3117 3684 aliam
3149 3630 3479 3686 utilissimam

1895 3731 1945 3776 te
1973 3724 2217 3776 transfer.
2252 3721 2706 3790 Quemadmodum
2753 3721 2894 3774 enim
2928 3731 2978 3775 te
3023 3722 3166 3778 illam
3206 3733 3478 3777 curantem

1895 3831 2059 3884 smpe,
2091 3814 2158 3869 ab
2186 3814 2269 3868 illa
2297 3823 2576 3868 caventem
2616 3823 2771 3883 teque
2799 3813 3022 3867 Sollicite
3050 3813 3433 3868 custodientem
3463 3856 3479 3876 ,

1895 3907 2064 3976 potuit
2109 3905 2469 3973 supplantare,
2500 3905 2567 3956 ita
2609 3904 2651 3956 si
2698 3912 2750 3956 te
2801 3907 2851 3955 in
2898 3903 3088 3954 bonam
3119 3917 3226 3956 non
3269 3904 3479 3971 jnrandi

1894 3996 2328 4050 consuetudinem
2381 3992 2686 4057 transferas,
2732 4007 2829 4046 nec
2877 3992 3068 4045 invitus
3098 4007 3342 4062 umquam
3387 4009 3483 4047 nec

1897 4101 2082 4140 socors
2138 4085 2336 4154 poteris
2377 4084 2426 4136 in
2452 4082 2740 4153 juramenti
2790 4082 2992 4150 lapsum
3041 4079 3257 4136 deferri.
3295 4081 3482 4151 Magna

1897 4179 2076 4247 utique
2115 4191 2200 4230 res
2237 4176 2582 4238 consuetudo,
2631 4190 2747 4244 qua:
2795 4183 2995 4226 natura:
3041 4171 3145 4225 vim
3197 4173 3373 4228 habet.
3404 4173 3482 4228 Ne

1900 4270 2057 4339 igitur
2084 4268 2135 4322 id
2177 4267 2480 4338 frequenter
2520 4280 2756 4335 agamus,
2792 4267 2840 4319 in
2886 4265 3041 4319 aliam
3072 4280 3168 4318 nos
3193 4275 3478 4321 consuetu-

1898 4359 2074 4413 dinem
2111 4359 2488 4412 transferamus
2520 4373 2586 4411 :a
2615 4356 2835 4425 singulis
2866 4366 3039 4410 tecum
3086 4357 3384 4414 viventibus
3429 4369 3485 4414 et

1897 4452 2229 4506 versantibus
2285 4453 2418 4504 hanc
2465 4450 2685 4520 gratiam
2736 4449 2960 4518 pustula,
3006 4457 3062 4502 ut
3105 4459 3156 4504 te
3205 4449 3484 4504 hortentur

1898 4552 2056 4611 atque
2087 4543 2336 4596 inducant
2363 4540 2429 4594 ad
2480 4540 2746 4593 vitandmn
2771 4539 3148 4609 juramentum,
3180 4541 3483 4610 deprehen-

1901 4651 2014 4689 sum
2042 4644 2282 4705 arguant.
2322 4633 2454 4688 Nam
2481 4648 2663 4687 eorum
2709 4633 2850 4688 circa
2883 4642 2934 4686 te
2963 4634 3200 4687 custodia
3234 4635 3318 4689 vel
3352 4635 3480 4703 ipsis

1901 4726 2182 4780 consilium
2210 4735 2262 4778 et
2291 4724 2591 4778 adhortatio
2635 4724 2806 4778 estad
2852 4736 2995 4780 recte
3024 4726 3304 4794 agendum.
3350 4727 3480 4780 Nam

1901 4817 1986 4885 qui
2011 4815 2237 4870 alterum
2259 4815 2325 4869 de
2345 4813 2647 4884 iuramento
2685 4827 2918 4881 accusat,
2961 4830 3065 4870 non
3095 4815 3247 4870 facile
3291 4818 3403 4887 ipse
3436 4819 3486 4872 in

1902 4906 2002 4960 hoc
2026 4905 2330 4960 barathrum
2373 4905 2588 4959 incidet.
2623 4904 2935 4959 Batatltrum
2961 4907 3100 4959 enim
3131 4923 3234 4961 non
3267 4923 3484 4976 parvum

1903 5009 1986 5052 est
2029 4997 2240 5066 jurandi
2299 4996 2613 5065 frequentia,
2647 5011 2750 5048 non
2800 4996 2957 5050 modo
2986 5013 3105 5050 cum
3145 4997 3212 5053 de
3255 5000 3489 5055 minimis

1903 5090 2082 5155 rebus,
2103 5089 2195 5144 sed
2224 5104 2345 5144 cum
2365 5088 2430 5143 de
2452 5088 2696 5143 maximis
2711 5090 2899 5158 agitur.
2919 5088 3023 5143 Nos
3044 5099 3217 5144 autem
3238 5091 3317 5144 vel
3345 5092 3487 5146 olera

1903 5189 2162 5246 ementes,
2187 5180 2338 5233 valde
2357 5179 2423 5234 de
2438 5180 2642 5234 duobus
2665 5179 2832 5233 nbolis
2850 5180 3224 5249 disceptantes,
3244 5182 3296 5235 in
3323 5181 3487 5235 famu-

1905 5274 1984 5329 lus
2007 5274 2081 5328 ira
2105 5273 2354 5329 commoti
2382 5283 2433 5327 et
2458 5277 2860 5340 comminantes,
2894 5277 3054 5329 Deum
3085 5292 3296 5344 semper
3325 5277 3483 5329 advo-

1904 5379 2086 5419 camns
2118 5376 2326 5420 testem.
2357 5364 2634 5420 Hominem
2665 5366 2878 5435 quidem
2931 5367 3212 5437 ingenuum
3264 5369 3345 5422 vel
3385 5367 3484 5422 levi

1905 5454 2160 5525 dignitate
2198 5455 2498 5524 prteditum,
2526 5455 2592 5510 ad
2620 5456 2918 5525 hujusmodi
2962 5472 3048 5511 res
3079 5457 3127 5510 in
3158 5456 3272 5511 foro
3301 5467 3486 5512 testem

1906 5547 2167 5602 advocare
2187 5563 2291 5602 non
2312 5548 2497 5614 audes,
2531 5547 2611 5602 vel
2642 5549 2685 5602 si
2711 5549 2928 5612 audeas,
2951 5549 3284 5604 contumelia:
3310 5566 3490 5619 pmnas

1907 5639 2095 5703 dabis;
2141 5638 2390 5693 caelorum
2437 5646 2614 5692 autem
2655 5638 2849 5708 Regem
2879 5646 2933 5691 et
2960 5641 3267 5708 angelorum
3317 5640 3490 5694 Domi-

1911 5749 2058 5799 mnn,
2107 5733 2217 5784 sive
2262 5731 2330 5787 de
2376 5731 2672 5796 venalibus,
2722 5731 2831 5786 sive
2872 5731 2938 5786 de
2984 5733 3239 5802 pecuniis,
3271 5733 3382 5790 sive
3428 5732 3494 5785 de
