3894 6226
481 349 577 404 931

486 459 716 517 minimis
767 457 928 514 rebus
974 469 1276 513 sermonem
1324 452 1555 517 habeas,
1602 453 1655 508 in
1703 452 2066 509 testimonimn

486 553 689 618 trahis;
721 549 957 606 lueccine
1002 546 1260 603 ferenda?
1289 545 1567 612 Quomodo
1621 545 1911 614 poterimus
1941 556 2068 614 ergo

483 643 550 698 ab
587 642 687 696 hac
714 642 848 697 mala
876 637 1260 696 consuetudine
1288 635 1541 691 liberari?
1565 636 1620 690 Si
1646 635 1914 700 custodes,
1938 650 2072 704 quos

482 734 614 798 dixi,
659 733 797 786 circa
843 746 938 785 nos
977 743 1259 800 ponamus,
1294 736 1609 797 tempusque
1653 727 1806 781 nobis
1852 726 1979 796 ipsis
2003 726 2070 781 ad

486 821 877 892 correptionem
906 819 1314 884 constituamus,
1346 832 1663 887 poenamque
1689 816 1840 871 nobis
1868 816 2071 871 indica-

483 927 622 979 mus,
650 914 693 968 si
716 912 898 984 elapso
920 920 1158 980 tempore
1175 926 1280 965 non
1303 909 1568 964 emendati
1589 909 1866 964 fuerimus.
1888 908 2072 976 Quod-

483 1021 603 1058 nam
637 1013 842 1073 tempus
869 1000 935 1055 ad
986 1000 1089 1056 hoc
1131 1002 1263 1055 satis
1304 1001 1448 1054 erit?
1491 999 1604 1053 Non
1648 1008 1772 1070 puto
1820 1014 1933 1064 eos,
1983 998 2071 1068 qui

481 1095 768 1151 admodum
830 1095 1052 1163 vigilant
1104 1108 1319 1164 sumque
1371 1093 1619 1147 curandae
1670 1092 1825 1146 saluti
1883 1090 2072 1146 intenti

481 1197 628 1249 sunt,
664 1189 780 1256 plus
807 1186 990 1240 decem
1039 1185 1225 1239 diebus
1250 1200 1385 1253 opus
1419 1183 1635 1249 habere,
1666 1192 1722 1236 ut
1750 1198 1779 1236 a
1822 1181 1957 1235 mala
1983 1182 2069 1251 ju-

481 1286 845 1333 ramentorum
872 1276 1255 1329 consuetudine
1303 1290 1520 1343 prorsus
1566 1275 1872 1328 liberentur.
1919 1272 2071 1341 Quod

483 1371 528 1425 si
564 1381 680 1438 post
728 1369 847 1423 illos
895 1367 1080 1422 decem
1137 1367 1251 1421 dies
1291 1367 1533 1436 jurautes
1562 1364 2028 1435 deprchendemur
2053 1405 2069 1432 ,

484 1474 695 1530 ptenam
740 1458 893 1512 nobis
921 1459 1330 1522 constituamus,
1365 1456 1757 1511 damnationem
1786 1464 1840 1509 et
1868 1455 2070 1526 suppli-

1190 345 1249 402 S.
1288 342 1566 400 JOANNIS
1599 340 2079 399 CHRYSOSTOMI
2119 339 2437 396 ARCIIIEP.
2464 340 2995 427 CONSTANTINOP.

3668 350 3777 406 ess

2174 451 2316 506 cium
2364 466 2462 523 pro
2491 453 2927 523 prmvaricatione
2973 457 3283 514 maximum.
3313 460 3483 528 Quam
3510 478 3645 524 vero
3675 467 3773 521 da-

2178 541 2548 598 mnationem?
2577 544 2632 598 td
2662 560 2765 600 non
2803 561 2903 617 ego
2927 545 3199 618 deﬁniam,
3246 551 3341 607 sed
3370 569 3463 609 vos
3490 561 3782 614 sententia

2175 631 2422 688 dominos
2447 637 2736 692 constituo.
2764 635 2855 692 Sic
2883 652 2967 703 ea,
2992 655 3112 710 qua:
3133 656 3232 697 nos
3257 654 3523 714 spectant,
3552 647 3784 718 dispen-

2176 738 2378 789 semus,
2427 742 2529 781 non
2582 727 2743 783 modo
2790 730 2930 785 circa
2974 731 3298 801 juramenta,
3346 738 3439 793 sed
3477 739 3627 795 circa
3675 741 3784 798 alia

2175 816 2427 884 qua-libet
2472 817 2705 883 delicta;
2754 834 2818 875 ac
2880 830 3090 892 tempus
3137 825 3290 881 nobis
3342 831 3739 887 constituentes
3767 876 3783 899 ,

2175 910 2506 979 gravissimis
2534 911 2800 983 deputatis
2830 916 3024 985 pmnis,
3057 917 3101 972 si
3131 919 3416 988 aliquando
3443 923 3493 976 iu
3537 939 3601 979 ea
3636 926 3783 981 inei-

2177 1002 2384 1068 damus,
2432 1005 2547 1072 puri
2575 1004 2640 1058 ad
2686 1005 2970 1061 Dominum
3018 1021 3259 1063 nosnum
3291 1013 3637 1080 accedemus,
3671 1027 3724 1071 et
3754 1032 3787 1069 a

2175 1093 2417 1162 gehcnna
2446 1094 2581 1164 ignis
2607 1095 2968 1164 liherabimur,
3003 1098 3330 1172 ﬁdentcrque
3357 1105 3473 1160 stab
3497 1123 3621 1161 mus
3656 1118 3790 1162 ante

2179 1185 2407 1239 tribunal
2452 1186 2647 1241 Christi
2682 1204 2696 1241 :
2728 1188 2867 1258 quod
2909 1206 3008 1244 nos
3036 1194 3251 1262 assequi
3283 1196 3577 1266 contingat,
3606 1200 3788 1267 gratia

2177 1285 2232 1330 et
2276 1276 2596 1346 benignitate
2640 1278 2853 1334 Domini
2906 1283 3071 1336 nostri
3122 1281 3249 1339 Jesu
3293 1284 3509 1353 Christi,
3558 1290 3785 1358 quicum

2180 1364 2320 1421 Patri
2349 1368 2519 1438 gloria
2549 1384 2654 1424 una
2685 1385 2805 1424 cum
2836 1370 3036 1441 Spiritu
3062 1385 3268 1441 sancto,
3302 1376 3353 1430 in
3379 1379 3575 1432 Sil‘Cllla
3603 1394 3787 1435 saecu-

2177 1455 2373 1513 lorum.
2402 1462 2592 1515 Amen.

2273 1594 3778 1623 _______________

1540 1663 2512 1777 CATECHESIS
2580 1672 2727 1779 II

489 1889 569 1930 AD
611 1885 1101 1939 ILLUIIINANDOS,
1149 1885 1228 1926 ΕΤ
1272 1884 1354 1926 DE
1396 1883 1782 1929 MULIEBIBUS
1825 1884 1899 1927 SE
1940 1883 2085 1927 T081

2207 1888 2499 1935 CRINIBUS
2540 1893 2623 1936 ΕΤ
2687 1896 2860 1941 ΔΙ]Βο
2900 1897 3320 1958 οιιΝΑΝΤιΒυε,
3368 1905 3451 1948 ΕΤ
3493 1909 3579 1951 DE
3621 1911 3790 1954 SEC-

563 1986 872 2032 TANTIBUS
912 1984 1258 2039 VATICINIA,
1305 1984 1425 2027 VEL
1466 1983 1838 2041 LIGATURAS,
1884 1984 2005 2029 νει.
2055 1986 2085 2027 ις

2194 1987 2554 2035 .NTATIONES

564 2089 725 2133 SUNT
766 2085 1019 2130 ALIENA.
1035 2098 1050 2112 ·

2600 1996 2616 2036 ι
2660 1994 2804 2049 QUB
2872 1998 3119 2045 CUNCTA
3170 2004 3210 2047 Δ
3278 2005 3790 2057 CHRISTIANISIO

1906 2206 2350 2248 mm

558 2356 610 2409 1.
639 2354 817 2424 Nuper
840 2352 1102 2406 dictarunt
1130 2347 1274 2419 apud
1315 2347 1589 2402 caritatem
1617 2357 1847 2402 vestram
1873 2346 2081 2405 fructus

486 2465 515 2504 a
546 2448 698 2503 vobis
726 2445 1051 2514 repetiturus
1093 2442 1283 2497 adveni
1318 2457 1333 2495 :
1367 2454 1475 2495 non
1504 2441 1647 2495 enim
1686 2450 1967 2511 propterea
1999 2442 2075 2495 lo-

486 2545 719 2613 quimur,
768 2550 819 2593 ut
857 2547 1060 2591 tantum
1104 2533 1354 2597 audiatis,
1386 2547 1571 2588 verum
1617 2541 1676 2586 ut
1714 2541 1771 2587 et
1816 2532 2081 2586 dictorum

493 2632 806 2689 memoriam
857 2625 1100 2688 servetis,
1147 2634 1201 2679 et
1231 2640 1326 2695 per
1370 2638 1531 2693 opera
1576 2623 1729 2678 nobis
1772 2622 2083 2678 memoriam

489 2721 903 2784 demonstretis;
935 2719 1042 2773 imo
1087 2730 1216 2771 vero
1257 2730 1363 2771 non
1397 2713 1572 2778 nobis,
1602 2714 1695 2768 sed
1730 2715 1838 2769 Deo
1880 2714 2075 2769 mentis

492 2830 683 2874 arcana
720 2813 927 2869 scienti.
979 2812 1267 2879 Propterea
1311 2816 1365 2862 et
1390 2807 1707 2873 eatechesis,
1739 2808 1790 2861 id
1820 2818 1900 2863 est
1933 2809 2087 2861 insti-

498 2909 652 2974 tutio,
699 2907 912 2969 dicitur,
943 2900 1006 2958 ut
1048 2912 1103 2957 ct
1141 2901 1450 2955 absentibus
1480 2900 1634 2954 nobis
1678 2914 1859 2954 sermo
1910 2910 2090 2955 uoster

491 3008 699 3056 mentes
742 3008 948 3051 vestras
995 2996 1250 3050 iuetituat.
1283 2994 1348 3048 Et
1391 3008 1456 3047 ne
1486 2993 1774 3059 miremini,
1805 2994 1850 3047 si
1901 2994 2086 3048 decem

491 3093 684 3150 diebus
715 3102 923 3147 tantum
955 3086 1236 3143 transactis
1260 3086 1525 3142 seminum
1572 3085 1771 3140 fruetus
1812 3085 2087 3156 repetituri

491 3185 736 3240 venimus
775 3182 1015 3238 :etenim
1064 3180 1150 3235 die
1203 3195 1307 3234 una
1360 3179 1485 3235 licet
1535 3178 1734 3250 pariter
1779 3187 1835 3235 et
1882 3179 2088 3233 semina

491 3291 744 3348 spargere
772 3285 822 3330 et
855 3288 1085 3329 messem
1133 3274 1305 3327 lacere
1338 3257 1352 3326 ἐ
1383 3286 1490 3325 non
1520 3271 1660 3325 enim
1706 3271 1920 3341 pr0pria
1965 3279 2085 3325 tan-

495 3380 605 3424 tum
635 3370 847 3429 virtute,
881 3381 1066 3420 verum
1096 3377 1153 3420 et
1196 3364 1379 3419 divino
1405 3364 1603 3418 auxilio
1632 3363 1887 3428 roborati,
1917 3363 1994 3418 sic
2020 3363 2086 3418 ad

498 3461 791 3517 certamina
819 3473 1088 3512 vocamur.
1122 3456 1453 3526 Quicumque
1485 3455 1644 3526 igitur
1666 3455 1808 3510 dicta
1837 3470 2090 3524 suscepe-

496 3563 627 3609 rttnt
652 3562 708 3607 et
736 3567 832 3621 per
854 3566 1017 3619 opera
1044 3550 1418 3618 impleverunt,
1448 3557 1698 3602 maneant
1725 3563 1783 3603 se
1802 3548 2090 3602 extenden-

498 3653 581 3696 tes
601 3643 652 3696 in
682 3642 972 3697 anteriora.
999 3640 1333 3708 Quicumque
1359 3654 1485 3694 vero
1513 3638 1704 3693 bonam
1730 3639 1865 3694 hanc
1894 3655 2087 3709 opera-

499 3735 699 3788 tionem
756 3732 989 3787 nondum
1041 3730 1363 3801 attigerunt,
1415 3729 1525 3799 jam
1576 3730 1864 3800 attingant,
1920 3740 1976 3785 ut
2023 3747 2087 3785 ex

500 3836 721 3894 torpore
749 3831 927 3877 natam
956 3822 1351 3876 damnationem
1384 3819 1559 3875 futuro
1584 3820 1759 3876 studio
1798 3821 2084 3891 repellant.

505 3917 651 3972 Licet
676 3917 841 3980 enim,
869 3915 1014 3979 licet,
1049 3915 1285 3984 inquam,
1318 3928 1439 3969 eum
1465 3914 1555 3984 qui
1598 3914 1818 3969 multum
1852 3915 2046 3983 torpuit
2071 3954 2087 3980 ,

504 4018 624 4078 post
650 4007 765 4061 iure
790 4006 1056 4076 diligentia
1082 4005 1299 4068 utendo,
1325 4004 1577 4074 praeteriti
1600 4004 1855 4074 temporis
1878 4020 2090 4059 omnem

503 4102 703 4158 sarcire
722 4100 1004 4169 iacturam.
1036 4098 1238 4151 Idcirco
1264 4096 1460 4152 dicitur
1491 4115 1505 4152 :
1540 4096 1706 4153 Hodie
1725 4098 1769 4152 si
1796 4115 1961 4153 vocem
1984 4100 2092 4170 rius

499 4195 778 4256 audieritis,
798 4194 952 4247 nolite
964 4192 1213 4245 obdurare
1233 4190 1388 4244 corda
1413 4201 1575 4244 vestra
1602 4191 1729 4245 sicut
1748 4192 1800 4244 in
1830 4191 2095 4246 exacerba-

500 4291 635 4342 tione
676 4286 846 4359 (Psat.
902 4285 990 4339 95.
1023 4286 1102 4354 8).
1138 4284 1249 4338 lloc
1294 4296 1473 4339 autem
1523 4284 1670 4348 dicit,
1719 4284 2012 4340 admonens
2040 4296 2094 4340 et

505 4380 793 4435 consulens
825 4394 1109 4447 numquam
1157 4377 1463 4446 desperare,
1512 4376 1608 4432 sed
1653 4377 1825 4433 donec
1868 4379 1954 4433 hic
2000 4395 2093 4435 su-

507 4478 647 4537 mus,
672 4472 862 4526 bonam
887 4468 1085 4523 habere
1109 4484 1258 4538 spem
1283 4479 1339 4523 et
1363 4469 1631 4523 anteriora
1660 4470 2091 4539 apprehendendi

504 4575 560 4619 et
590 4563 828 4619 bravinm
853 4577 1096 4629 supernae
1121 4561 1214 4614 Dei
1244 4562 1534 4616 vocationis
1564 4563 2096 4632 persequendi.(Plti-

505 4657 636 4725 tipp.
685 4654 738 4709 3.
775 4650 883 4723 14).
925 4650 1037 4705 Hoc.
1082 4650 1238 4721 igitur
1278 4650 1553 4719 faciamus,
1604 4662 1659 4708 et
1688 4669 1891 4724 magna:
1937 4655 2094 4724 hujus

508 4746 811 4801 donationis
837 4744 1050 4797 nomina
1072 4744 1429 4812 exquiramns.
1459 4744 1607 4799 Sicut
1630 4745 1771 4801 enim
1794 4745 1919 4801 dum
1949 4748 2097 4817 igno-

514 4846 659 4890 ratur
681 4834 953 4905 dignitatis
983 4833 1306 4904 magnitudo,
1348 4835 1624 4904 segniores
1649 4844 1770 4890 sunt
1798 4837 1833 4891 ii
1877 4838 1965 4908 qui
1994 4836 2094 4891 ho-

513 4926 910 4981 noranturzita
941 4926 986 4979 si
1042 4937 1311 4989 noscatur,
1364 4935 1546 4997 gratos
1596 4927 1772 4983 reddit
1824 4939 1878 4984 et
1928 4929 2095 4998 magis

511 5019 781 5074 studiosos
808 5016 991 5072 efﬁcit.
1021 5017 1270 5087 Alioquin
1309 5026 1361 5071 et
1391 5026 1541 5086 turpe
1571 5026 1789 5073 essetet
1817 5020 2093 5073 ridiculum

507 5121 658 5166 tanto
702 5112 964 5179 potientes
1002 5108 1139 5177 apud
1190 5109 1351 5163 Deum
1403 5108 1627 5173 honore,
1677 5124 1777 5164 nec
1804 5111 1941 5165 scire
1971 5110 2093 5180 quid

508 5205 674 5275 ipsius
702 5201 915 5257 tandem
948 5201 1161 5254 nomina
1204 5200 1503 5270 signiﬁcare
1533 5201 1715 5255 velint.
1766 5202 1831 5256 Et
1873 5201 1998 5271 quid
2029 5200 2096 5257 de

511 5296 614 5351 huc
642 5307 864 5348 munere
902 5291 1063 5346 dico?
1087 5291 1130 5345 si
1171 5292 1311 5345 enim
1358 5306 1641 5346 commune
1689 5292 1899 5361 generis
1930 5291 2095 5346 nostri

510 5401 706 5440 nomen
730 5382 1065 5455 cogitaveris,
1096 5382 1379 5437 maximam
1422 5382 1487 5437 ad
1516 5383 1761 5435 virtutem
1807 5383 1984 5451 capies
2012 5383 2098 5438 dia

507 5476 786 5547 seiplinam
817 5483 873 5530 et
896 5473 1341 5530 exhortationem.
1373 5472 1484 5526 Hoc
1510 5473 1651 5527 enim
1677 5487 1892 5539 nomen,
1924 5474 2091 5542 homo,

508 5584 609 5624 nos
638 5585 743 5624 non
772 5568 1065 5624 secundum
1090 5578 1343 5624 externos
1367 5566 1673 5632 deﬁnimus,
1702 5566 1796 5622 sed
1836 5577 1892 5621 ut
1920 5567 2096 5623 divina
2129 5582 2134 5586 ”

509 5661 671 5731 jussit
698 5662 993 5731 Scriptura.
1022 5658 1156 5716 Nam
1201 5658 1362 5714 homo
1386 5673 1492 5713 non
1521 5666 1602 5712 est
1626 5658 1943 5729 quicumque
1965 5659 2099 5713 sim-

516 5752 724 5822 pliciter
752 5768 939 5807 manus
966 5752 1126 5808 habet
1149 5762 1202 5806 ct
1230 5749 1392 5822 pedes
1425 5750 1706 5819 humanos,
1735 5766 1833 5808 nec
1859 5752 2100 5824 quicum-

2188 2368 2293 2422 que
2322 2364 2524 2409 tantum
2554 2359 2825 2414 rationalis
2847 2371 2964 2427 est;
2991 2363 3082 2419 sed
3105 2366 3424 2439 quicumque
3452 2370 3710 2440 pietatem
3734 2384 3793 2430 et

2190 2446 2438 2502 virtutem
2466 2464 2588 2532 cum
2618 2451 2808 2507 lldncia
2857 2465 3097 2510 exercet.
3131 2457 3267 2511 Audi
3300 2474 3527 2530 namque
3552 2463 3687 2532 quid
3720 2466 3794 2518 de

2185 2535 2288 2592 Joh
2311 2537 2458 2594 dicit.
2486 2530 2622 2595 Cum
2652 2543 2794 2596 enim
2824 2543 3054 2599 dixisset
3098 2546 3239 2616 quod
3282 2545 3348 2601 In
3379 2558 3515 2603 terra
3542 2530 3791 2607 Ᾰιιεὶιὶάε

2194 2630 2342 2683 homo
2368 2640 2495 2698 erat,
2524 2647 2629 2687 non
2657 2648 2722 2687 ex
2753 2634 2817 2689 iis
2845 2650 2966 2690 eum
2994 2635 3250 2693 describit
3294 2641 3558 2707 terminis,
3589 2643 3795 2713 quibus

2191 2719 2413 2786 ethnici,
2464 2737 2565 2777 nec
2593 2723 2695 2779 hoc
2739 2724 2890 2786 dicit,
2938 2727 3078 2795 quod
3127 2728 3263 2784 duos
3290 2730 3451 2799 pedes
3482 2731 3713 2788 haberet
3740 2745 3794 2788 et

2192 2828 2396 2883 ungues
2424 2814 2561 2871 latos
2591 2833 2606 2882 ;
2635 2818 2728 2872 sed
2775 2819 2966 2873 iudicia
3012 2821 3225 2892 pietatis
3256 2822 3398 2878 illius
3426 2825 3681 2893 praebens
3712 2826 3795 2880 di-

2192 2906 2365 2969 cebat,
2392 2906 2596 2975 Justus,
2628 2926 2796 2977 verax,
2823 2913 2991 2967 colens
3029 2913 3213 2979 Deum,
3259 2916 3510 2970 abstinens
3551 2918 3620 2972 ab
3650 2921 3797 2974 omni

2196 2998 2333 3051 mala
2370 3015 2426 3051 re
2456 2997 2575 3069 (Job
2607 3001 2657 3054 1.
2688 3001 2765 3073 1),
2794 3002 3167 3061 demonstrans
3192 3007 3331 3075 quod
3366 3007 3467 3063 hoc
3490 3018 3571 3062 est
3601 3009 3796 3076 homo,

2193 3091 2334 3146 sicut
2385 3092 2587 3147 scilicet
2617 3105 2671 3147 et
2724 3095 2861 3150 alius
2901 3097 3092 3163 inquit,
3143 3097 3302 3152 Deum
3345 3099 3495 3166 time,
3539 3109 3589 3154 et
3631 3102 3800 3171 ipsius

2192 3183 2431 3237 mandata
2459 3186 2675 3249 custodi,
2720 3187 2955 3256 quoniam
2984 3188 3078 3242 hoc
3103 3197 3176 3243 est
3217 3191 3379 3245 omnis
3408 3191 3557 3245 homo
3589 3191 3796 3262 (Ea-le.

2194 3274 2282 3329 12.
2314 3274 2425 3347 15).
2458 3275 2515 3331 Si
2540 3288 2717 3332 autem
2747 3280 2847 3333 hoc
2876 3295 3067 3335 nomen
3100 3280 3259 3335 homo
3286 3291 3484 3337 tantam
3512 3283 3579 3339 ad
3614 3286 3798 3339 virtu-

2194 3377 2302 3423 tem
2334 3368 2534 3438 prtcbet
2562 3370 3011 3441 exhortationem,
3043 3374 3209 3427 multo
3236 3375 3403 3445 magis
3424 3375 3574 3441 illud,
3599 3377 3796 3443 ﬁdelis.

2191 3458 2389 3514 Fidelis
2414 3459 2555 3514 enim
2589 3460 2708 3516 ideo
2737 3463 2945 3517 vocaris
2965 3506 2979 3529 ,
3013 3463 3260 3534 quoniam
3292 3474 3346 3520 et
3373 3467 3551 3522 credis
3580 3468 3717 3535 Deo,
3743 3480 3801 3525 et

2193 3551 2260 3606 ab
2306 3566 2372 3605 eo
2421 3552 2676 3607 creditam
2723 3553 2837 3623 ipse
2877 3556 3136 3624 justitiam
3178 3557 3365 3624 habes,
3409 3561 3756 3616 sanctitatem
3782 3605 3798 3629 ,

2194 3642 2506 3696 munditiam
2555 3644 2767 3709 animm,
2823 3646 2874 3699 in
2923 3644 3088 3701 tilium
3141 3648 3505 3719 adoptionem,
3558 3669 3793 3725 regnum

2191 3732 2468 3799 etelorutu,
2497 3744 2548 3788 et
2576 3733 2691 3790 haec
2719 3736 2813 3790 tibi
2860 3738 3274 3794 commendavit.
3303 3741 3381 3795 Tu
3409 3742 3646 3797 vicissim
3694 3746 3800 3814 ipsi

2192 3822 2293 3876 alia
2317 3824 2592 3881 credidisti
2612 3835 2665 3880 et
2685 3827 3095 3895 commendaui,
3124 3830 3547 3903 eleemosynam,
3577 3849 3797 3902 preces,

2200 3914 2514 3969 modestiam
2562 3924 2617 3971 et
2643 3932 2855 3973 omnem
2902 3920 3059 3974 aliam
3087 3921 3355 3978 virtutem.
3403 3923 3469 3977 Et
3512 3926 3642 3994 quid
3673 3926 3803 3981 dico

2194 4005 2632 4077 eleemosynam?
2661 4009 2704 4063 si
2736 4009 2818 4063 vel
2867 4010 3111 4081 frigidum
3140 4012 3237 4080 ipsi
3277 4012 3486 4068 dederis
3512 4017 3799 4086 poculum,

2199 4112 2297 4151 nec
2326 4096 2427 4152 hoc
2459 4100 2669 4155 amittes
2719 4099 2928 4171 (Matth.
2980 4101 3066 4156 10.
3099 4104 3212 4175 42),
3259 4119 3442 4158 verum
3491 4114 3549 4159 et
3598 4105 3706 4161 hoc
3745 4108 3799 4162 in

2199 4187 2345 4242 illum
2391 4200 2631 4244 reservat
2678 4193 2864 4246 sedqu
2913 4194 3074 4259 diem,
3117 4204 3171 4248 et
3217 4210 3339 4250 cum
3385 4197 3548 4251 multa
3602 4199 3803 4255 reddet

2201 4279 2735 4347 superabundantia:
2776 4284 2878 4338 hoc
2921 4286 3114 4355 quippe
3156 4286 3469 4344 admirabile
3511 4300 3617 4354 est,
3652 4293 3801 4359 quod

2200 4391 2306 4431 non
2360 4382 2563 4428 tantum
2614 4374 2857 4446 deposita
2909 4386 3105 4443 servet,
3158 4394 3341 4433 verum
3372 4389 3426 4435 et
3474 4382 3799 4452 multiplices

2201 4465 2658 4520 retributionibus.
3172 4522 3191 4539 χ

2269 4558 2575 4626 llluminali,
2602 4575 2690 4613 seu
2718 4558 2960 4629 baptizati
2986 4555 3221 4629 oﬁicium'.
3251 4590 3326 4601 —
3354 4561 3466 4616 lloc
3503 4570 3558 4616 et
3602 4570 3659 4617 te
3703 4579 3798 4616 sc-

2197 4651 2427 4705 cuudum
2460 4650 2749 4719 potentiam
2778 4659 2920 4703 tuam
2949 4652 3123 4704 tacere
3143 4649 3303 4719 jussit
3336 4651 3388 4705 in
3419 4652 3503 4717 iis,
3528 4668 3651 4722 qua:
3700 4654 3800 4709 tibi

2199 4742 2399 4796 credita
2448 4748 2570 4795 sunt
2603 4757 2617 4794 :
2652 4755 2843 4809 nempe
2891 4741 3248 4805 sanctitatem,
3279 4758 3437 4810 quam
3493 4744 3749 4812 accepisti
3777 4787 3795 4813 ,

2199 4833 2494 4897 intendere,
2521 4841 2576 4886 et
2598 4847 2663 4886 ex
2694 4832 2904 4887 lavacro
2925 4832 3182 4902 justitiam
3211 4833 3436 4889 reddere
3478 4835 3794 4899 clariorem,

2199 4933 2253 4978 et
2273 4922 2493 4994 gratiam
2519 4923 2866 4978 illustriorem
2898 4922 3074 4979 facere
3104 4942 3119 4979 :
3143 4925 3281 4979 sicut
3308 4927 3489 4995 utique
3516 4935 3568 4980 et
3591 4927 3797 4984 Paulus

2200 5016 2345 5081 fecit,
2375 5015 2723 5084 sequentibus
2776 5014 3046 5070 laboribus
3093 5025 3148 5071 et
3191 5018 3369 5071 studio
3407 5017 3797 5089 diligentiaque

2198 5122 2398 5177 augens
2440 5108 2618 5163 omnia
2647 5122 2765 5177 quae
2809 5108 3015 5176 accepit
3061 5108 3219 5163 bona.
3244 5108 3312 5163 Et
3360 5120 3483 5163 nota
3524 5110 3615 5163 Dei
3665 5127 3796 5181 pro-

2201 5197 2490 5253 videntiam
2524 5217 2537 5252 :
2571 5214 2670 5253 nec
2723 5197 2815 5253 tibi
2853 5206 3020 5252 totum
3070 5198 3172 5253 hoc
3218 5197 3408 5264 dedit,
3459 5215 3632 5270 neque
3678 5212 3796 5256 toto

2201 5291 2458 5360 privavit;
2499 5289 2591 5345 St'd
2635 5291 2750 5345 lucc
2793 5289 2982 5355 dedit,
3038 5290 3124 5344 illa
3179 5292 3438 5359 promisit.
3498 5293 3565 5346 Et
3620 5308 3795 5363 quare

2201 5398 2307 5435 non
2339 5381 2424 5435 hic
2449 5388 2614 5435 totum
2646 5380 2828 5435 dedit?
2854 5379 2923 5436 Ut
2960 5389 3016 5434 tu
3058 5380 3215 5435 [idem
3258 5381 3310 5435 in
3350 5383 3518 5450 ipsum
3558 5384 3790 5438 demon—

2200 5485 2360 5539 stres,
2383 5473 2619 5528 nondum
2650 5472 2789 5527 datis
2828 5486 2895 5529 ex
2934 5472 3099 5542 ipsius
3151 5475 3502 5544 promissione
3529 5478 3640 5531 sola
3673 5495 3791 5533 crc-

2200 5566 2355 5622 dens.
2386 5566 2563 5633 Quare
2591 5582 2719 5620 vero
2762 5580 2971 5621 rursum
3015 5567 3340 5621 nonomnia
3386 5567 3491 5624 illic
3519 5573 3789 5637 servavit,

2203 5660 2295 5715 sed
2322 5660 2467 5715 dedit
2488 5669 2541 5716 et
2562 5658 2794 5729 Spiritus
2828 5660 3049 5731 gratiam
3070 5669 3124 5715 et
3153 5659 3418 5729 justitiam
3455 5673 3511 5717 et
3546 5667 3793 5719 sanctiﬁ-

2203 5753 2468 5808 cationem
2489 5752 2512 5808 ?
2530 5751 2598 5808 Ut
2625 5752 2717 5807 tibi
2740 5751 2949 5808 labores
2976 5752 3121 5809 leves
3143 5751 3320 5822 faciat,
3345 5762 3399 5810 et
3426 5769 3488 5810 cx
3510 5753 3621 5824 jam
3651 5756 3791 5812 datis
