3894 6226
270 322 380 379 255

275 433 435 489 etiam
472 430 540 488 de
567 429 760 486 futuris
787 438 841 486 te
865 429 1018 485 bona:
1050 430 1164 501 spei
1201 433 1508 489 constituat.
1537 432 1856 507 Pmpterea-

269 542 377 597 qtte
401 531 648 581 recenter
670 524 995 579 illuminatus
1017 525 1196 581 vocari
1223 525 1422 582 debes:
1449 528 1700 597 quoniam
1723 544 1858 585 nova

271 615 361 684 lux
402 631 616 687 semper
659 614 776 682 tibi,
805 614 851 670 si
891 615 1050 682 velis,
1079 623 1134 670 et
1163 631 1452 687 numquam
1481 620 1855 691 exstinguitur.

267 705 418 761 lianc
445 721 638 777 nempe
661 701 837 761 lucem
866 715 921 761 et
945 705 1250 762 volentibus
1274 707 1429 764 nobis
1455 718 1510 764 et
1546 711 1856 769 nolentibus

263 812 370 853 nox
402 798 780 869 subsequitur;
805 798 953 853 illum
987 813 1114 854 vero
1136 798 1344 854 radium
1371 801 1606 858 tenebrae
1632 819 1736 859 non
1757 821 1855 861 no-

263 898 390 944 runt
425 907 438 944 :
473 889 592 945 Lua:
617 890 763 945 enim
791 891 844 944 in
876 891 1088 945 tenebris
1115 898 1280 958 lucet,
1309 902 1353 949 et
1378 894 1592 950 tenebrte
1617 911 1727 950 eam
1750 913 1851 952 non

260 981 740 1052 comprehenderunt
775 979 950 1053 (Joan.
983 983 1034 1037 1.
1062 983 1136 1054 5).
1169 983 1286 1039 Non
1316 987 1394 1041 sic
1431 987 1574 1042 enim
1621 989 1851 1046 mundus

260 1081 340 1126 est
369 1072 544 1128 clarus
569 1073 777 1128 oriente
805 1073 976 1138 radio,
996 1084 1055 1129 ut
1074 1076 1249 1130 anima
1272 1077 1567 1134 illustratur
1593 1087 1650 1136 et
1671 1082 1848 1152 splen-

255 1161 437 1217 didior
463 1163 520 1216 lit
547 1178 578 1217 a
608 1162 810 1232 Spiritu
848 1163 1074 1234 gratiam
1118 1167 1434 1237 suscipiens.
1468 1168 1535 1224 Et
1569 1171 1847 1228 considera

254 1253 566 1324 diligentius
593 1269 771 1308 rerum
801 1263 1062 1309 naturam.
1085 1255 1251 1312 Nocte
1277 1258 1420 1312 enim
1443 1268 1610 1315 terras
1631 1272 1845 1320 tenente

251 1353 305 1398 et
332 1345 567 1399 tenebris
582 1346 949 1415 caligantibus,
965 1360 1108 1417 saepe
1127 1346 1422 1404 funiculum
1448 1351 1566 1420 quis
1587 1368 1836 1422 cernens,

251 1447 558 1508 serpentem
589 1453 709 1494 esse
737 1439 957 1508 putavit,
990 1449 1043 1494 et
1066 1440 1296 1496 amicum
1322 1443 1666 1501 accedentem
1700 1454 1840 1502 tam-

250 1547 413 1602 quam
441 1532 713 1587 inimicum
737 1530 887 1602 fugit,
903 1541 958 1588 et
984 1533 1262 1604 strepitum
1285 1537 1586 1606 quempiam
1603 1540 1838 1596 sentiens

251 1621 491 1692 trepidus
515 1622 683 1678 factus
707 1631 822 1688 est;
855 1623 1066 1681 lucente
1089 1639 1219 1680 vero
1255 1625 1342 1681 die
1387 1627 1519 1682 nihil
1556 1629 1660 1684 tale
1698 1632 1839 1686 acci-

251 1712 414 1781 derit,
443 1712 538 1769 sed
586 1715 765 1769 omnia
801 1715 976 1785 qualia
1009 1724 1134 1771 sunt
1160 1727 1419 1788 apparent
1450 1736 1465 1773 :
1506 1721 1646 1791 quod
1687 1731 1743 1778 et
1779 1723 1836 1780 in

247 1804 424 1858 anima
442 1814 624 1859 nostra
653 1805 930 1876 contingit.
953 1806 1238 1878 Postquam
1261 1809 1403 1864 enim
1419 1813 1586 1880 gratia
1615 1814 1835 1871 veniens

247 1905 428 1949 mente
452 1894 700 1950 tenebras
739 1895 1025 1965 expulerit,
1045 1912 1223 1952 rerum
1243 1897 1526 1954 veritatem
1554 1900 1828 1972 discimus,

246 1992 301 2039 et
323 1986 476 2042 nobis
503 1985 636 2040 fiunt
662 1987 1015 2057 despicabiles
1055 2004 1142 2043 res
1179 1990 1327 2060 prius
1369 1993 1662 2050 tremendae
1691 2013 1704 2050 :
1733 2013 1833 2053 nec

243 2077 386 2132 enim
421 2079 649 2148 amplius
700 2089 927 2136 mortem
983 2081 1251 2150 timemus,
1298 2082 1583 2155 diligenter
1623 2103 1687 2143 ex
1730 2088 1831 2145 hac

243 2181 395 2224 sacra
444 2170 746 2226 initiatione
791 2172 1086 2242 discentes,
1116 2182 1343 2230 mortem
1390 2192 1497 2232 non
1530 2193 1651 2236 esse
1686 2197 1831 2237 mor-

243 2269 371 2328 tem,
417 2261 511 2316 sed
559 2276 806 2318 somnum
858 2273 912 2319 et
964 2265 1341 2322 dormitionem
1405 2273 1825 2339 temporariam:

241 2367 349 2406 non
380 2354 709 2423 pauperiem,
740 2371 844 2410 non
875 2357 1145 2426 morbum,
1179 2373 1285 2413 non
1316 2359 1460 2416 aliud
1491 2363 1616 2433 quid
1645 2364 1828 2436 hujus-

240 2441 387 2498 modi
416 2445 826 2502 reformidamus
847 2489 862 2514 ,
891 2449 1123 2504 scientes
1151 2465 1251 2506 nos
1279 2451 1346 2506 ad
1389 2454 1665 2512 meliorem
1707 2468 1826 2514 ten-

237 2533 368 2591 dere
392 2537 553 2592 vitam
576 2579 590 2605 ,
616 2539 971 2596 immortalem
997 2550 1051 2598 et
1079 2542 1441 2616 incorruptam
1467 2589 1482 2615 ,
1510 2557 1566 2605 et
1587 2549 1655 2605 ab
1679 2554 1823 2610 omni

241 2626 333 2680 tali
361 2627 579 2682 liberam
611 2629 991 2701 inaequalitate.

306 2717 362 2771 2.
402 2718 478 2774 Ne
508 2720 668 2791 igitur
700 2722 930 2793 amplius
957 2723 1022 2779 ad
1062 2725 1306 2783 mortalia
1326 2743 1640 2787 maneamus
1665 2731 1821 2790 hian-

237 2817 340 2876 tes,
372 2825 474 2866 nec
502 2811 644 2867 circa
685 2828 888 2870 mensae
925 2813 1164 2885 delicias,
1197 2833 1296 2875 nec
1343 2821 1488 2878 circa
1532 2827 1824 2884 vestimen-

237 2908 414 2954 torum
443 2911 689 2957 ornatum
719 2919 732 2956 :
759 2903 924 2961 habes
946 2906 1088 2962 enim
1111 2911 1399 2967 maximum
1423 2913 1817 2988 indumentum,

234 2990 400 3046 habes
428 3008 668 3048 mensam
699 2996 1027 3065 spiritualem
1051 3041 1067 3066 ,
1101 3000 1265 3057 habes
1291 3004 1520 3074 gloriam
1559 3023 1812 3079 superne,

236 3088 292 3135 et
317 3083 496 3138 omnia
528 3083 623 3138 tibi
651 3084 898 3141 Christus
917 3085 1087 3144 factus
1110 3097 1215 3157 est,
1249 3102 1303 3148 et
1329 3109 1513 3152 mensa
1533 3140 1549 3165 ,
1575 3109 1630 3154 et
1657 3103 1820 3156 vesti-

232 3181 492 3238 mentum,
518 3182 574 3229 et
616 3175 829 3245 domus,
867 3187 921 3233 et
969 3189 1144 3250 caput,
1173 3190 1227 3237 et
1267 3185 1439 3240 radix.
1471 3186 1726 3260 Quotquot
1764 3193 1818 3247 in

229 3259 430 3317 Christo
449 3265 590 3319 enim
620 3265 863 3336 baptizati
891 3269 1040 3336 estis,
1075 3269 1330 3328 Christum
1357 3275 1591 3333 induistis
1613 3259 1812 3352 (Garat.

229 3355 287 3411 3.
319 3355 433 3422 27).
489 3357 628 3413 Ecce
678 3360 950 3430 quomodo
1004 3363 1383 3422 veStimentum
1435 3369 1529 3426 tibi
1571 3381 1674 3427 est.
1723 3375 1816 3432 Vis

229 3448 439 3505 discere
461 3451 728 3521 quomodo
757 3461 810 3508 et
839 3468 1023 3510 mensa
1052 3456 1146 3511 tibi
1176 3457 1288 3512 sit?
1320 3459 1420 3527 Qui
1458 3479 1536 3517 me
1559 3467 1810 3536 comedit,

231 3536 440 3608 inquit,
471 3539 600 3594 sicut
649 3557 740 3612 ego
781 3543 890 3597 vivo
939 3554 1144 3614 propter
1195 3545 1404 3603 Patrem
1426 3592 1442 3619 ,
1473 3552 1600 3608 vivet
1645 3564 1692 3610 et
1729 3556 1816 3612 ille

227 3638 432 3699 propter
450 3646 528 3683 me
540 3629 716 3702 (Joan.
747 3631 799 3688 6.
833 3631 944 3706 58).
976 3634 1128 3702 Quod
1155 3645 1335 3693 autem
1363 3639 1554 3699 domus
1579 3644 1648 3699 sit
1676 3645 1808 3704 tibi:

229 3721 332 3785 Qui
354 3723 569 3776 comedit
607 3740 811 3780 carnem
861 3743 1059 3797 meam,
1092 3729 1145 3784 in
1183 3747 1263 3786 me
1296 3745 1464 3788 manet
1487 3745 1533 3790 et
1557 3754 1646 3810 ego
1672 3739 1727 3795 in
1752 3759 1811 3797 eo

226 3812 334 3881 (llr.
365 3828 413 3866 .
441 3814 555 3884 57).
586 3814 656 3870 Et
680 3817 822 3887 quod
852 3818 1022 3886 radix,
1045 3837 1259 3878 rursum
1287 3825 1460 3896 inquit
1488 3845 1502 3882 :
1535 3828 1648 3902 Ego
1674 3834 1806 3901 vitis,

223 3920 310 3959 vos
353 3907 604 3976 palmites.
659 3909 728 3964 Et
754 3910 896 3980 quod
945 3910 1132 3974 frater.
1167 3923 1223 3970 et
1257 3917 1460 3974 amicus
1483 3960 1498 3986 ,
1529 3935 1759 3992 sponsus
1788 3943 1803 3979 :

223 3995 346 4050 Non
367 3999 585 4068 amplius
609 4016 694 4055 vos
724 4001 889 4056 dicam
908 4020 1093 4060 servos.
1126 4004 1224 4062 Vos
1250 4009 1381 4064 enim
1404 4012 1554 4068 amici
1568 4014 1663 4070 mei
1693 4019 1807 4073 estis

223 4087 399 4158 (Joan.
426 4091 512 4146 15.
538 4091 592 4146 5.
621 4101 668 4146 et
700 4093 791 4163 l5)
818 4111 834 4148 :
863 4103 919 4150 et
945 4096 1171 4153 Paulus:
1196 4097 1454 4172 Despondi
1475 4120 1559 4159 vos
1587 4108 1677 4162 uni
1701 4111 1805 4166 viro

219 4180 460 4251 virginem
487 4191 678 4237 castam
693 4185 923 4241 exhibere
939 4187 1136 4244 Christo
1153 4190 1232 4262 (2.
1249 4192 1368 4248 Cor.
1386 4196 1474 4264 11,
1488 4198 1546 4266 2)
1612 4208 1668 4256 et
1682 4218 1803 4258 rur-

217 4283 366 4326 sum:
395 4272 462 4328 Ut
487 4275 552 4329 sit
579 4275 687 4347 ipse
707 4278 1064 4349 primogenitus
1085 4282 1137 4336 in
1167 4285 1340 4340 multis
1366 4289 1608 4358 fratribus
1625 4291 1799 4364 (Rom.

216 4365 272 4419 8.
295 4364 407 4433 29).
438 4366 550 4423 Nec
592 4368 783 4426 fratres
812 4380 1016 4427 tantum
1056 4374 1241 4444 ipsius,
1276 4393 1462 4434 verum
1496 4391 1551 4438 et
1594 4387 1800 4453 pueruli

212 4469 432 4512 sumus:
456 4457 588 4514 Ecce
605 4461 757 4528 enim,
790 4461 979 4532 inquit,
1009 4480 1100 4535 ego
1119 4475 1164 4520 et
1192 4469 1408 4538 pueruli,
1435 4487 1559 4541 quos
1583 4475 1796 4529 tradidit

213 4549 340 4604 mihi
363 4548 500 4605 Deus
527 4550 678 4622 (Isai.
706 4553 762 4609 8.
796 4554 906 4627 18).
933 4555 1050 4610 Non
1107 4557 1208 4613 hoc
1260 4569 1439 4617 autem
1483 4565 1679 4633 solum,
1706 4583 1798 4623 ve-

211 4654 332 4696 rum
358 4651 413 4698 et
435 4645 670 4700 membra
692 4647 857 4718 ipsius
882 4658 935 4704 et
958 4664 1150 4720 corpus
1175 4651 1289 4721 ejus
1314 4655 1402 4724 (l.
1427 4655 1543 4710 Cor.
1572 4657 1658 4713 12.
1681 4659 1792 4731 27).

211 4735 507 4805 Tamquam
538 4738 681 4793 enim
712 4754 817 4794 non
856 4740 1168 4797 sufcerent
1191 4758 1276 4811 ea,
1303 4759 1423 4815 quae
1453 4747 1701 4818 dixerat,
1727 4751 1795 4807 ad

211 4825 679 4885 demonstrandam
730 4831 1174 4902 benevolentiam,
1214 4845 1270 4892 et
1309 4839 1586 4896 caritatem
1632 4858 1790 4913 quam

208 4932 335 4988 erga
364 4934 466 4975 nos
491 4920 730 4990 exhibet,
757 4931 812 4978 et
834 4923 977 4980 aliud
999 4925 1082 4982 his
1120 4927 1292 4998 majus
1335 4938 1391 4986 et
1435 4932 1653 5004 propius
1688 4950 1787 5004 po-

206 5012 345 5079 suit,
401 5027 460 5068 se
505 5022 666 5085 caput
711 5028 952 5072 nosrrum
993 5019 1266 5100 appellans
1313 5020 1537 5094 (Ep/tes.
1587 5027 1639 5080 l.
1670 5027 1785 5101 22).

207 5100 333 5157 Haec
359 5105 537 5158 omnia
566 5113 714 5160 certo
743 5108 936 5171 sciens,
958 5109 1179 5177 dilecte,
1210 5113 1286 5167 sis
1317 5122 1498 5183 gratus
1523 5131 1651 5186 erga
1692 5100 1787 5175 be-

202 5191 532 5249 nefactorem
560 5203 706 5251 tuum
731 5200 928 5268 optima
973 5204 1405 5269 conversatione,
1437 5213 1493 5260 et
1538 5209 1785 5266 sacrificii

201 5284 619 5352 magnitudinem
653 5287 913 5358 cogitans,
945 5305 1073 5345 orna
1118 5295 1358 5363 corporis
1392 5297 1468 5350 tui
1506 5300 1781 5356 membra:

199 5374 374 5443 cogita
400 5374 526 5444 quid
557 5393 714 5432 manu
745 5379 943 5448 capias,
970 5396 1068 5436 nec
1095 5398 1344 5454 umquam
1384 5386 1551 5441 ullum
1590 5390 1784 5446 verbe-

201 5477 321 5518 rare
370 5465 606 5534 audeas,
651 5482 750 5522 nec
799 5477 944 5523 tanto
985 5471 1287 5527 decoratam
1332 5491 1584 5546 munere,
1613 5480 1783 5551 plagas

201 5554 427 5611 crimine
475 5556 816 5614 dedecores:
863 5562 1034 5630 cogita
1077 5565 1202 5634 quid
1246 5582 1408 5624 manu
1457 5569 1676 5640 capias,
1728 5582 1782 5628 et

203 5645 370 5714 ipsam
401 5647 470 5704 ab
498 5650 644 5705 omni
686 5651 905 5708 avaritia
932 5663 986 5708 et
1014 5657 1197 5725 rapina
1237 5659 1458 5719 liberam
1498 5679 1774 5721 conserva.

205 5733 408 5805 Reputa
437 5739 578 5812 quod
606 5756 711 5795 non
739 5750 942 5798 tantum
974 5760 1130 5800 manu
1163 5751 1372 5820 capias,
1404 5770 1588 5812 verum
1617 5767 1666 5815 et
1696 5761 1774 5817 ori

515 5835 788 5902 PATROL.
836 5844 952 5905 Gn.
1066 5846 1218 5910 LIX.

1229 319 1322 375 AD
1362 321 1862 382 lLLUMlNANDOS
1888 326 2306 393 CATECllESlS
2331 338 2394 394 ll.

3440 372 3548 436 284

1968 439 2275 513 admoveas,
2303 459 2356 504 ct
2384 451 2614 523 linguam
2640 462 2846 518 custodi
2889 481 2917 519 a
2949 475 3349 536 contumeliosis
3393 499 3546 542 mun-

1963 529 2085 586 dam
2109 543 2161 589 ct
2193 539 2432 608 turpibus
2460 546 2654 614 verbis,
2687 551 3034 628 blasphemia,
3059 529 3545 637 perjurioretualiis

1961 626 2208 684 omnibus
2258 629 2582 702 hujusmodi.
2613 640 2822 698 Etenim
2870 626 3225 718 perniciosum
3273 626 3396 731 est,

1962 717 2251 775 tremendis
2285 723 2677 786 ministrantem
2730 717 3000 806 mysteriis
3041 744 3274 816 linguam
3320 717 3388 808 et,

1957 805 2115 873 guine
2142 810 2232 865 tali
2259 827 2624 886 purpuratam,
2653 832 2707 878 et
2733 805 2926 885 factam
2951 805 3191 905 auream,
3213 805 3446 910 gladium
3467 850 3534 905 ad

1956 898 2193 956 convicia
2239 912 2296 958 et
2336 913 2688 970 contumelias
2737 926 2793 972 et
2832 925 3181 985 scurrilitates
3213 898 3538 997 transferre.

1955 986 2224 1050 Reverere
2249 995 2509 1056 honorem
2531 1019 2637 1074 quo
2659 1007 2799 1066 Deus
2823 1013 2992 1084 ipsam
3019 1018 3317 1095 honoravit,
3349 1047 3448 1088 nec
3470 1035 3537 1090 ad

1953 1083 2158 1150 peccati
2190 1100 2340 1142 usum
2363 1090 2533 1162 ipsam
2550 1095 2822 1170 deducas;
2847 1107 2940 1161 sed
2968 1125 3179 1172 rursum
3207 1120 3539 1182 animadver-

1955 1180 2090 1242 tens,
2123 1179 2262 1247 quod
2281 1192 2400 1250 post
2425 1201 2641 1245 manum
2664 1202 2718 1248 ct
2739 1195 2970 1268 linguam
3005 1218 3101 1261 cor
3127 1213 3383 1284 suscipiat
3419 1179 3530 1276 trev-

1950 1267 2200 1323 mendum
2229 1272 2359 1329 illud
2387 1281 2699 1349 mysterium
2725 1327 2740 1353 ,
2766 1303 2833 1344 ne
2862 1307 3113 1364 umquam
3148 1300 3203 1356 in
3228 1267 3530 1374 ptfoximum

1946 1368 2175 1415 consuas
2203 1361 2402 1434 dolum,
2431 1369 2527 1424 scd
2565 1386 2800 1434 mentem
2841 1361 2988 1439 tuam
3029 1388 3096 1444 ab
3139 1361 3283 1451 omni
3331 1401 3529 1458 malitia

1946 1451 2200 1507 mundam
2240 1471 2532 1530 conserva;
2563 1466 2640 1522 sic
2685 1479 2740 1524 et
2783 1476 2999 1544 oculos,
3024 1490 3079 1536 et
3121 1499 3277 1544 aures
3321 1496 3532 1552 munire

1947 1540 2167 1606 poteris.
2197 1543 2479 1610 Quomodo
2513 1556 2658 1611 cnim
2702 1576 2808 1616 non
2840 1573 2922 1620 est
2945 1569 3234 1631 absurdum
3267 1591 3386 1649 post
3413 1602 3530 1657 my-

1947 1629 2125 1657 -...
2177 1635 2312 1657 -
2777 1653 2808 1657 --
2888 1656 2894 1657 ,

1941 1629 2127 1686 sticam
2175 1635 2318 1693 illam
2373 1657 2558 1700 vocem
2607 1665 2639 1704 e
2693 1653 2838 1710 caelis
2868 1656 3120 1730 delatam,
3161 1682 3192 1721 a
3237 1629 3524 1732 Crherubiin

1940 1719 2082 1791 dico,
2109 1730 2428 1789 meretriciis
2467 1739 2710 1797 cantibus
2755 1755 2809 1800 et
2847 1747 3028 1806 fractis
3073 1759 3319 1819 melodiis
3363 1781 3520 1826 aures

1939 1811 2258 1884 inquinare?
2283 1828 2550 1894 quomodo
2577 1847 2704 1888 vero
2730 1853 2838 1892 non
2859 1852 3096 1902 extrema
3125 1866 3278 1918 pinna
3305 1857 3521 1929 dignum

1939 1912 2016 1929 ,
2094 1909 2254 1929 ,
2375 1915 2406 1929 ..

1937 1912 2020 1958 est
2041 1945 2056 1968 ,
2089 1909 2258 1966 oculis
2298 1915 2492 1983 quibus
2531 1934 2726 1979 arcana
2753 1928 2902 1985 vides
2931 1942 2984 1989 et
3014 1909 3288 1998 tremenda
3331 1909 3522 2021 niyste-

1939 1995 2011 2021 ..
2070 1995 2147 2021 Li-
2204 2016 2302 2021 --
2356 2014 2369 2021 -

1936 1995 2035 2062 ria,
2067 1995 2150 2052 his
2203 2007 2515 2064 meretrices
2565 2025 2831 2087 spectare,
2880 2033 2934 2079 et
2967 2038 3148 2087 mente
3199 1995 3516 2099 adulterium

1935 2093 2229 2147 exercere?
2257 2095 2340 2152 Ad
2369 2103 2831 2171 nuptiasvocatus
2860 2129 2919 2170 es
2943 2157 2957 2182 ,
2989 2118 3218 2180 dilecte:
3246 2145 3316 2184 ne
3352 2133 3519 2193 intres

1933 2180 2164 2237 sordidis
2197 2184 2418 2246 indutus
2457 2195 2810 2268 vestimentis,
2853 2206 2948 2262 sed
2995 2215 3193 2284 nuptiis
3228 2235 3514 2294 congruam

1925 2837 2053 2879 vero
2074 2840 2174 2883 nec
2197 2843 2333 2902 opus
2357 2844 2441 2891 est
2467 2853 2799 2915 comparare,
2829 2852 2926 2907 sed
2955 2853 3071 2924 ipse
3098 2861 3185 2930 qui
3213 2875 3368 2924 vocat
3411 2837 3506 2928 tibi

1923 2915 2016 3022 dat
2061 2923 2259 3022 gratis,
2299 2943 2369 2984 ne
2392 2932 2474 2986 vel
2518 2948 2883 3008 paupertatem
2927 2915 3500 3022 prtetetidereva'lea;

1924 3006 2118 3066 Serves
2144 3013 2495 3119 itaque-quod
2535 3006 2787 3100 accepisti
2829 3006 3204 3105 vesiimentum
3230 3069 3244 3119 ;
3269 3055 3313 3109 si
3349 3074 3504 3115 nam-

1921 3113 2025 3168 que
2078 3104 2404 3206 perdideris,
2442 3117 2671 3185 amplius
2711 3132 3046 3191 commodato
3095 3104 3339 3212 accipere
3395 3166 3500 3208 non

1921 3193 2120 3260 poteris
2145 3236 2162 3262 ,
2207 3207 2300 3254 aut
2353 3216 2577 3262 emere:
2621 3227 2882 3284 nusquam
2922 3225 3065 3280 enim
3107 3193 3354 3292 venditur
3398 3242 3502 3299 tale

1920 3285 2310 3346 vestimentum.
2326 3294 2530 3354 Audisti
2561 3307 2826 3372 quomodo
2851 3285 3168 3380 gemuerunt

1919 3373 2239 3448 introducti,
2281 3394 2334 3440 et
2387 3399 2568 3457 pectus
2601 3409 3006 3472 percusserunt,
3053 3424 3146 3466 eos
3194 3417 3502 3482 stimulante

1917 3471 2240 3529 conscientia
2267 3477 2627 3541 "tConsidera
2655 3488 2812 3558 igitur
2839 3505 2894 3549 et
2921 3471 3001 3564 tu,
3024 3500 3246 3575 dilecte,
3279 3471 3496 3571 neum:

1916 3575 2073 3630 quam
2101 3563 2202 3620 hoc
2229 3569 2466 3638 patiaris.
2491 3573 2768 3642 Quomodo
2791 3596 2966 3644 autem
2994 3608 3096 3648 non
3125 3600 3359 3671 patieris,
3391 3623 3500 3666 non

1915 3655 2130 3722 expulsa
2171 3673 2330 3727 prava
2379 3665 2640 3724 malorum
2680 3681 3103 3740 consuetudine?
3127 3655 3414 3762 lropterea
3444 3712 3498 3756 ct

1915 3745 2060 3814 prius
2091 3749 2196 3805 dixi
2239 3760 2296 3808 et
2340 3771 2482 3813 nunc
2527 3759 2665 3829 dico,
2695 3773 2748 3820 et
2772 3767 2949 3828 dicere
2995 3790 3101 3830 non
3139 3745 3423 3857 desistam,
3452 3795 3498 3847 si

1913 3837 2032 3906 quis
2056 3854 2262 3898 morum
2285 3845 2407 3901 vitia
2434 3865 2538 3905 non
2569 3859 2798 3912 correxit
2821 3876 2922 3916 nec
2958 3863 3057 3919 sibi
3094 3867 3301 3929 faeilem
3336 3837 3495 3947 para-

1912 3931 1986 3985 vit
2022 3933 2270 3990 virtutem
2293 3978 2307 4002 ,
2340 3954 2407 3994 ne
2456 3942 2770 4014 baptizetur.
2801 3951 2986 4011 Priora
3032 3975 3222 4032 nempe
3270 3931 3492 4029 crimina

1910 4022 2179 4080 lavacrum
2209 4028 2422 4086 abluere
2448 4044 2654 4104 potest;
2681 4040 2838 4097 timor
2871 4057 3046 4104 autem
3075 4069 3178 4108 non
3211 4073 3402 4127 parvus
3439 4078 3494 4122 et

1909 4117 2199 4184 periculum
2224 4135 2327 4176 non
2354 4125 2639 4196 mediocre,
2665 4147 2734 4188 ne
2751 4150 2962 4194 rursum
2991 4141 3059 4196 ad
3085 4117 3272 4204 eadem
3298 4155 3488 4212 redea-

1907 4221 2060 4275 mus,
2090 4221 2145 4264 et
2185 4210 2238 4267 in
2277 4215 2467 4272 vulnus
2509 4219 2662 4276 nobis
2699 4225 2964 4284 medicina
2995 4242 3252 4295 vertatur.
3281 4241 3490 4311 Quanto

1906 4314 2131 4373 namque
2170 4305 2340 4376 major
2367 4307 2503 4364 facta
2535 4321 2616 4368 est
2641 4317 2805 4386 gratia
2826 4359 2840 4385 ,
2876 4329 3020 4381 tanto
3044 4330 3268 4400 amplior
3290 4305 3487 4406 postea

1905 4395 2244 4461 peccantibus
2271 4413 2448 4468 pmna.

1975 4483 2028 4537 5.
2069 4485 2146 4541 Ne
2170 4486 2328 4558 igitur
2352 4490 2417 4545 ad
2444 4493 2724 4564 pristinum
2759 4501 3038 4564 redeamus
3063 4513 3314 4573 vomitum
3333 4557 3348 4586 ,
3371 4520 3482 4591 jam

1903 4588 2001 4628 nos
2026 4576 2169 4645 ipsos
2192 4580 2514 4640 erudiamus.
2540 4587 2691 4656 Quod
2721 4593 2864 4650 enim
2906 4610 3149 4668 oporteat
3189 4576 3484 4684 prius,

1901 4665 2124 4723 nituisse
2153 4679 2207 4724 et
2231 4685 2259 4723 a
2283 4674 2549 4740 prioribus
2577 4678 2845 4740 destitisse
2874 4665 3047 4758 malis,
3071 4703 3126 4748 et
3161 4665 3240 4753 sic
3273 4700 3340 4757 ad
3360 4665 3486 4775 gra-

1900 4755 2026 4858 tiam
2069 4761 2359 4830 accedere,
2385 4767 2507 4824 audi
2551 4772 2676 4841 quid
2715 4774 2946 4860 Joannes
2993 4755 3151 4853 dicat,
3182 4755 3482 4860 quidvero

2166 4855 2528 4954 apostolorum
2549 4859 2804 4932 baptizari
2824 4845 3158 4932 debentibus.
3173 4845 3271 4938 ille
3282 4845 3483 4959 nempe

1895 4935 2024 4992 dicit
2054 4956 2069 4993 :
2098 4939 2276 4998 Facite
2303 4947 2524 5017 fructum
2555 4951 2764 5024 dignum
2791 4961 3094 5029 paenitentia
3118 4984 3138 5023 :
3167 4935 3482 5032 et,

1896 5029 2045 5097 piatis
2067 5032 2230 5089 dicere
2253 5036 2386 5092 intra
2409 5056 2514 5108 vos,
2543 5041 2752 5102 Patrem
2784 5049 3022 5111 habemus
3043 5058 3301 5119 Abraham
3320 5029 3471 5138 (Luc.

1895 5120 1948 5213 5.
1967 5120 2044 5193 8).
2076 5124 2173 5180 llic
2199 5134 2374 5184 autem
2392 5131 2842 5207 interrogantibus
2883 5159 3069 5204 rursus
3107 5152 3282 5210 aiebat
3305 5120 3472 5213 frti;

1893 5211 2148 5267 nitentium
2173 5219 2323 5288 agite,
2355 5230 2402 5276 et
2443 5223 2722 5295 baptizetur
2765 5233 2974 5306 quisque
3013 5251 3227 5298 vestrum
3271 5247 3323 5300 in
3372 5265 3470 5304 no-

1891 5302 2024 5356 mine
2066 5302 2277 5362 Domini
2323 5315 2482 5368 nostri
2507 5315 2634 5372 Jesu
2661 5319 2847 5378 Citristt'
2873 5302 3008 5399 (Act.
3033 5331 3085 5384 2.
3106 5333 3222 5406 ).
3246 5335 3344 5403 Qui
3371 5302 3472 5395 at.

1891 5401 1996 5447 tem
2035 5399 2143 5467 agit
2187 5401 2572 5477 paenitentiam,
2603 5426 2708 5468 non
2749 5419 2976 5487 amplius
3028 5399 3213 5480 eadem
3256 5399 3470 5504 attingit

1889 5486 2128 5581 negotia,
2159 5505 2386 5581 quorum
2413 5500 2658 5566 paenituit
2687 5521 2702 5557 :
2731 5486 2956 5578 ideoque
2971 5511 3223 5579 jubcmur
3242 5486 3462 5581 dicere;

1887 5573 2220 5636 Abrenuntio
2243 5583 2358 5652 tibi,
2387 5595 2602 5659 satana,
2631 5608 2700 5648 ne
2725 5573 2952 5664 amplius
2972 5573 3047 5656 ad
3083 5603 3254 5675 ipsum
3284 5573 3465 5672 rever;

2377 5726 2540 5782 pectus
2572 5734 2923 5792 percusserunt,
2971 5733 3335 5805 amuientiam,
3367 5757 3462 5798 en:-

1883 5774 2269 5837 pergefocientcs.

3038 5875 3112 5936 15
