3894 6226
431 345 537 401 235

437 475 631 518 tamur.
674 459 822 515 Sicut
877 456 1033 527 igitur
1076 454 1127 508 in
1176 449 1465 522 pictoribus
1530 444 1765 509 accidit,
1823 441 1900 497 sic
1950 449 2005 495 et

437 568 581 610 nunc
612 551 741 617 ﬁat;
770 549 965 607 etenim
1006 546 1081 601 illi
1109 543 1312 599 tabulas
1342 545 1700 611 pr0ponentes
1719 576 1736 604 ,
1765 543 1820 590 et
1860 532 2008 589 albas

437 642 894 700 circumducenles
944 637 1141 695 lineas,
1164 641 1219 688 et
1260 645 1433 699 regias
1458 628 1801 698 depingeutes
1828 626 2010 692 imagi-

438 752 566 802 nes,
595 735 900 806 priusquam
949 728 1189 783 colorum
1236 724 1513 777 veritatem
1564 715 2005 787 superinducaut,

435 841 557 883 eum
584 824 726 881 omni
753 822 991 876 libertate
1020 817 1134 871 haec
1161 812 1371 884 quidem
1400 810 1615 874 delent,
1644 808 1731 861 illa
1759 820 1887 860 vero
1925 818 2010 858 re—

437 920 688 989 pingunt,
714 921 768 968 ct
801 919 976 966 errata
1025 907 1352 977 corrigentes
1374 912 1426 957 et
1468 900 1605 956 male
1652 914 1710 953 se
1761 897 2009 951 habentia

437 1013 843 1079 transponentes
874 1022 888 1059 :
919 1010 1196 1073 postquam
1224 1011 1352 1052 vero
1384 995 1494 1066 jam
1532 993 1762 1047 colorem
1790 990 2011 1043 induxe-

438 1103 562 1167 rint,
588 1113 695 1155 non
730 1095 957 1167 amplius
981 1094 1280 1148 libertatem
1310 1088 1506 1143 habent
1551 1098 1760 1140 rursum
1797 1079 2010 1136 delendi

435 1203 489 1247 et
508 1187 851 1260 depingendi,
880 1184 1130 1256 quoniam
1176 1179 1418 1250 imaginis
1446 1173 1821 1247 pulchritudini
1853 1186 2012 1225 noce-

439 1293 580 1351 rent,
607 1291 663 1338 et
688 1282 803 1336 sine
831 1279 988 1347 culpa
1020 1275 1133 1331 ﬁeri
1174 1290 1279 1328 non
1309 1279 1490 1342 posset
1518 1288 1532 1324 :
1566 1270 1667 1322 hoc
1705 1276 1762 1322 tu
1799 1280 2011 1335 quoque

436 1377 711 1445 {amputa
755 1372 987 1425 animum
1033 1381 1154 1422 esse
1195 1365 1291 1419 tibi
1342 1362 1650 1432 imaginem.
1697 1357 2011 1425 Priusquam

436 1468 595 1537 igitur
621 1463 963 1536 superveniat
988 1475 1111 1515 vera
1139 1458 1368 1530 Spiritus
1392 1457 1635 1517 tinctura,
1661 1452 1796 1507 male
1826 1449 2012 1505 insitas

439 1559 535 1613 tibi
564 1554 977 1613 consuetudines
1026 1551 1143 1606 dele
1173 1568 1186 1604 :
1220 1549 1334 1604 sive
1360 1544 1540 1616 iurare
1561 1587 1577 1613 ,
1608 1544 1722 1600 sive
1769 1539 2007 1604 mentiri,

436 1650 549 1704 sive
572 1646 919 1703 contumelias
945 1642 1143 1698 inferre
1162 1681 1177 1705 ,
1202 1640 1313 1694 sive
1337 1637 1509 1706 turpia
1535 1634 1714 1705 loqui,
1743 1633 1855 1687 sive
1880 1629 2009 1684 ridi-

438 1741 561 1795 cuia
588 1741 763 1794 facere
783 1737 973 1792 solitus
998 1751 1077 1802 cs,
1111 1735 1222 1787 sive
1246 1730 1371 1801 quid
1401 1728 1541 1783 aliud
1571 1725 1870 1797 hujusmodi
1904 1737 2010 1777 non

441 1834 641 1888 licitum
672 1828 899 1886 faciendi
920 1822 1358 1881 consuetudinem
1381 1820 1543 1874 habes
1565 1861 1580 1885 ,
1622 1831 1750 1872 erue
1783 1828 2011 1870 consue-

439 1922 677 1977 tudinem
698 1923 740 1985 ί,
764 1935 830 1974 ne
851 1925 973 1989 post
1015 1915 1275 1984 baptisma
1300 1925 1511 1967 rursum
1538 1908 1603 1963 ad
1635 1909 1801 1978 ipsam
1831 1919 2013 1973 regre-

439 2014 623 2067 diaris.
675 2009 896 2066 Peccata
952 2007 1090 2062 delet
1132 2005 1400 2059 lavacrum
1432 2017 1446 2059 :
1478 2010 1532 2055 tu
1575 1995 2012 2054 consuetudinem

440 2105 647 2175 corrige
670 2143 685 2170 ,
714 2117 781 2157 ne
804 2102 914 2171 jam
950 2097 1177 2153 induetis
1205 2094 1470 2151 coloribus
1510 2102 1563 2147 et
1588 2091 1846 2146 illustrata
1883 2088 2015 2142 ima-

438 2200 560 2267 gine
587 2196 749 2265 regia,
777 2192 1002 2262 amplius
1035 2190 1237 2255 deleas,
1270 2194 1324 2244 et
1368 2186 1586 2241 vulnera
1637 2193 1691 2240 et
1740 2181 2015 2237 cicatrices

441 2287 637 2344 inferas
672 2302 702 2339 a
734 2285 843 2340 Deo
888 2283 979 2337 tibi
1007 2283 1130 2336 dato
1167 2278 1366 2335 decori.
1393 2277 1613 2345 Corripe
1656 2274 1816 2345 igitur
1857 2273 2011 2335 iram,

441 2378 716 2448 exstingue
741 2375 994 2440 furorem,
1023 2372 1135 2427 sive
1160 2371 1279 2441 quis
1308 2368 1504 2423 alliciat
1528 2366 1720 2435 injuria
1746 2363 1859 2418 sive
1882 2376 2014 2417 con-

442 2470 657 2525 tumelia
679 2511 693 2534 ,
727 2466 975 2537 lacrymis
1019 2464 1167 2518 illum
1213 2473 1538 2531 prosequere
1570 2475 1586 2513 :
1618 2470 1684 2510 ne
1728 2452 2016 2523 indigneris

442 2572 531 2625 tu,
559 2557 807 2624 condnle,
835 2570 902 2610 ne
929 2552 1264 2609 exacerberis
1292 2568 1306 2603 :
1339 2565 1407 2604 ne
1434 2549 1601 2614 dicas,
1634 2547 1687 2600 in
1715 2546 1888 2599 anima
1917 2557 2015 2613 pa-

444 2657 546 2711 tior
574 2651 840 2723 injuriam.
880 2648 1050 2703 Nemo
1082 2654 1167 2701 est
1200 2645 1253 2699 in
1286 2645 1461 2699 anima
1491 2640 1733 2710 injuriam
1776 2638 2013 2707 patiens,

447 2748 546 2801 nisi
593 2758 690 2799 nos
716 2744 860 2813 ipsos
898 2741 951 2795 in
993 2738 1170 2794 anima
1209 2735 1401 2806 injuria
1440 2732 1766 2794 afﬁciamus;
1790 2736 1846 2783 et
1882 2742 2017 2797 quo-

448 2837 608 2893 modo
633 2835 685 2891 id
716 2835 786 2889 ita
824 2834 922 2896 sit,
942 2834 1053 2900 jam
1077 2825 1479 2888 dicani,Ablata
1510 2831 1592 2877 est
1631 2835 1718 2875 res
1762 2829 1884 2885 tua;
1911 2832 2017 2871 non

449 2943 635 3000 passus
669 2941 729 2984 es
755 2926 807 2982 in
835 2924 1030 2989 anima,
1062 2920 1156 2977 sed
1184 2919 1238 2973 in
1264 2916 1500 2990 pecuniis
1529 2932 1542 2969 :
1571 2914 1615 2969 si
1642 2923 1697 2968 tu
1729 2925 1857 2967 vero
1897 2910 2020 2965 mali

450 3020 764 3078 memoriam
807 3030 1009 3085 serves,
1033 3015 1085 3068 in
1130 3012 1307 3066 anima
1337 3018 1392 3064 tu
1423 3009 1649 3077 teipsum
1676 3003 1858 3060 lmsisti
1890 3020 1902 3056 :
1928 3016 2022 3072 pe-

451 3113 621 3168 cuniae
645 3110 786 3166 enim
829 3108 1016 3163 ablatae
1042 3104 1173 3160 nihil
1200 3102 1431 3157 animam
1459 3100 1731 3165 laeserunt,
1760 3111 1943 3153 verum
1969 3105 2025 3151 et

451 3203 804 3274 adjuverunt;
852 3208 907 3253 tu
933 3212 1060 3252 vero
1081 3211 1190 3251 non
1223 3195 1353 3248 iram
1383 3190 1676 3256 dimittens,
1705 3201 1892 3258 pinnas
1917 3186 2026 3241 illic

452 3294 609 3364 hujus
636 3301 864 3347 servata:
892 3288 1153 3344 malorum
1177 3282 1446 3340 memoriae
1469 3281 1638 3337 dabis.
1665 3279 1932 3336 Conviciis
1974 3286 2027 3333 te

452 3385 711 3456 quispiam
737 3390 794 3438 et
814 3379 1153 3437 contumeliis
1178 3377 1385 3433 alfecit?
1407 3383 1459 3431 te
1485 3374 1559 3429 nil
1584 3374 1635 3428 in
1663 3373 1839 3427 anima
1868 3371 2025 3436 laesit,

396 3474 419 3505 λ
453 3476 550 3533 sed
582 3489 682 3530 nec
709 3474 762 3528 in
791 3487 1033 3542 corpore.
1063 3471 1142 3524 Tu
1167 3469 1400 3523 vicissim
1434 3464 1785 3522 contumelias
1813 3470 1868 3518 et
1894 3477 2027 3517 eon-

455 3569 591 3624 vicia
619 3565 882 3622 intulisti?
910 3564 1137 3634 teipsum
1172 3561 1227 3615 in
1254 3562 1429 3614 anima
1474 3557 1677 3623 laesisti,
1697 3572 1883 3613 eorum
1910 3570 2030 3625 quae

456 3658 659 3722 dixisti,
677 3656 784 3710 illic
803 3668 987 3723 pcenas
1014 3652 1303 3707 subiturus.
1328 3649 1397 3703 Et
1420 3650 1521 3703 hoc
1541 3648 1778 3703 omnium
1799 3645 2030 3699 maxime

460 3764 555 3803 vos
594 3755 799 3802 certum
843 3743 987 3798 scire
1029 3744 1188 3808 volo,
1217 3739 1577 3795 Christianum
1621 3747 1675 3792 et
1721 3736 1930 3791 ﬁdelem
1977 3736 2031 3789 in

460 3840 634 3895 anima
672 3851 831 3909 posse
868 3835 1064 3890 lmdcre
1105 3831 1499 3901 neminem,uec
1527 3832 1699 3901 ipsum
1742 3830 2030 3884 diabolum.

461 3931 568 3987 Nec
589 3930 689 3986 hoc
719 3935 920 3983 tantum
945 3934 1028 3980 est
1042 3923 1377 3990 admirabile,
1404 3922 1544 3992 quod
1576 3937 1673 3976 nos
1703 3921 1842 3975 Deus
1864 3920 2031 3973 eruni-

462 4025 561 4079 bus
586 4020 791 4079 insidiis
814 4017 1252 4089 inexpugnabiles
1281 4016 1486 4081 lecerit,
1506 4030 1689 4070 verum
1721 4022 1774 4069 et
1799 4013 1940 4085 quod
1967 4013 2035 4069 ad

462 4128 675 4173 omnem
700 4111 913 4168 virtutis
942 4110 1304 4180 operationem
1331 4122 1428 4163 nos
1456 4116 1610 4176 aptos
1644 4109 1909 4177 paraverit
1939 4123 1953 4160 :
1984 4113 2037 4160 et

464 4205 898 4277 impedimentum
922 4204 1121 4258 nullum
1141 4213 1242 4270 est,
1261 4203 1305 4256 si
1337 4202 1578 4268 velimus,
1603 4202 1728 4257 licet
1754 4215 2034 4271 pauperes,

462 4300 578 4354 sive
603 4311 830 4367 corpore
858 4295 1149 4351 imbecilles
1168 4336 1182 4359 ,
1214 4296 1325 4350 sive
1344 4294 1535 4363 abjecti
1557 4336 1571 4360 ,
1603 4295 1714 4349 sive
1743 4293 2000 4364 ignobiles
2020 4335 2036 4360 ,

466 4391 579 4446 sive
602 4388 762 4445 servi.
791 4386 901 4442 Nec
925 4386 1066 4442 enim
1093 4396 1398 4457 paupertas,
1423 4399 1523 4440 nec
1551 4385 1912 4451 imbecillitas,
1939 4399 2040 4440 nec

466 4480 712 4551 corporis
769 4476 1053 4545 mutilatio,
1081 4492 1186 4532 non
1229 4477 1481 4544 servitus,
1514 4490 1618 4531 non
1664 4475 1806 4530 aliud
1855 4476 2040 4530 talium

468 4570 738 4643 quidpiam
764 4568 833 4623 ad
870 4568 1122 4624 virtutem
1147 4567 1581 4637 impedimentum
1611 4581 1731 4622 esse
1755 4564 1933 4637 queat.
1975 4567 2044 4620 Et

466 4661 596 4732 quid
620 4660 741 4717 dico
765 4673 1051 4729 pauperem
1082 4668 1135 4713 et
1153 4674 1363 4714 servum
1397 4666 1452 4713 et
1471 4658 1792 4729 ignobilem?
1817 4657 1975 4713 etiam
1999 4658 2044 4711 si

467 4752 709 4824 captivus
737 4751 834 4817 sis,
861 4765 961 4805 nec
982 4748 1083 4805 hoc
1113 4750 1206 4804 tibi
1232 4750 1297 4804 ad
1321 4750 1569 4805 virtutem
1600 4750 2038 4819 impedimentum

465 4847 564 4908 ﬁt;
590 4851 647 4900 et
666 4856 774 4914 quo
798 4843 852 4898 id
871 4842 1031 4899 modo
1059 4843 1145 4909 sit,
1175 4843 1367 4897 dicam.
1385 4842 1606 4921 Quidam
1634 4842 2046 4897 domesticorum

473 4949 526 4996 te
561 4934 897 4991 contristavit
923 4944 977 4991 et
1015 4935 1280 4990 irritavit?
1306 4935 1406 5005 ipsi
1452 4935 1584 4989 iram
1619 4934 1847 4989 remitte.
1878 4931 2045 4987 Num-

466 5025 597 5097 quid
626 5027 721 5083 tibi
755 5026 821 5083 ad
850 5026 955 5083 hoc
994 5026 1200 5082 vincula
1241 5036 1296 5083 et
1325 5035 1608 5097 paupertas
1645 5033 1699 5080 et
1748 5024 2047 5095 ignobilitas

475 5118 918 5190 impedimentum
941 5118 1077 5174 facta
1108 5120 1273 5173 sunt?
1302 5118 1366 5173 Et
1389 5118 1516 5188 quid
1542 5117 1662 5174 dico
1689 5117 2046 5187 impedimen-

471 5230 581 5274 tum
603 5213 629 5269 i
654 5222 712 5269 et
740 5216 916 5285 potius
942 5212 1156 5283 quidem
1183 5211 1476 5282 adjuvant:
1504 5225 1735 5280 namque
1769 5218 1823 5265 et
1847 5223 2045 5278 coope-

472 5315 656 5363 rantur
683 5306 752 5362 ad
806 5306 1110 5375 superbiam
1149 5305 1626 5374 comprimendam.
1654 5303 1844 5358 Vidisti
1885 5303 2049 5357 alium

470 5397 697 5455 feliciter
732 5396 1023 5467 agentem?
1048 5413 1116 5453 ne
1142 5395 1419 5464 invideas;
1443 5411 1564 5453 nam
1591 5410 1691 5452 nec
1713 5395 1799 5450 hic
1831 5407 2054 5465 pauper-

478 5499 558 5545 tas
581 5489 1015 5559 impedimentum
1041 5497 1142 5543 est.
1168 5489 1397 5545 Rursum
1439 5505 1559 5545 cum
1595 5503 1752 5545 orare
1779 5487 2051 5553 convenit,

477 5580 653 5636 sobria
676 5587 731 5634 et
755 5579 901 5648 vigili
926 5588 1106 5636 mente
1132 5579 1234 5636 hoc
1265 5588 1457 5649 praesta
1482 5621 1499 5647 ,
1531 5588 1586 5637 et
1613 5594 1713 5636 nec
1751 5577 1838 5634 hic
1883 5578 2051 5635 ullum

541 5751 557 5783 ²
595 5750 678 5801 Alii
698 5765 804 5802 cum
836 5752 994 5814 Savil.,
1019 5754 1125 5805 dele
1144 5754 1545 5807 cauuetudinem.

1168 339 1223 395 s.
1262 334 1539 393 JOANNIS
1576 325 2049 389 cnnvsosront
2087 325 2399 384 ARClllEP.
2446 328 2980 390 CONSTANTINOP.

2116 442 2219 496 erit
2285 441 2641 500 obstaculum.
2733 445 3156 517 Benignitatem,
3227 453 3697 512 mansuetudinem

2113 548 2324 589 onmem
2373 534 2565 592 exhibe
2584 579 2599 602 ,
2628 537 2978 605 modestiam,
3010 540 3343 599 honestatem
3373 561 3387 598 :
3420 562 3523 602 nec
3546 548 3695 603 enim

2112 624 2209 679 ista
2240 627 2563 681 exteriorum
2592 628 2829 699 indigent
2852 631 3190 688 auxiliorum.
3231 635 3300 691 Et
3328 637 3431 692 hoc
3466 647 3552 694 est
3598 639 3698 694 im-

2114 716 2300 787 primis
2330 719 2621 774 maximum
2649 720 2700 786 ',
2732 721 2880 791 quod
2904 739 3013 777 non
3040 723 3257 792 divitiis,
3284 742 3390 781 non
3421 729 3694 799 potentia,

2114 821 2218 864 non
2244 810 2431 880 gloria,
2458 827 2561 866 non
2600 812 2702 868 alia
2751 814 2999 884 quapiam
3028 816 3210 871 talium
3238 833 3415 873 rerum
3436 834 3574 890 opus
3602 820 3699 874 ha.

2111 901 2255 966 beat,
2280 901 2373 958 sed
2402 904 2578 957 anima
2621 912 2826 959 tantum
2866 907 3231 974 sanctiﬁcata,
3260 917 3315 963 et
3349 909 3424 963 nil
3463 910 3699 978 amplius

2114 991 2364 1062 inquirat.
2397 993 2623 1065 Respice
2649 1010 2778 1050 vero
2821 1003 2874 1051 et
2915 997 2968 1051 in
3003 999 3169 1067 gratia
3200 998 3301 1053 hoc
3327 999 3501 1068 ipsum
3532 1001 3651 1068 ﬁeri
3679 1019 3697 1056 :

2115 1083 2225 1138 sive
2251 1085 2368 1153 quis
2398 1085 2538 1140 enim
2559 1084 2844 1154 claudicet,
2872 1096 2929 1143 et
2953 1088 3151 1143 evulsis
3177 1089 3247 1143 sit
3268 1091 3437 1145 oculis
3458 1133 3474 1158 ,
3503 1101 3557 1146 et
3575 1060 3701 1146 eor-

2112 1188 2245 1245 pore
2300 1174 2536 1243 mutilus,
2578 1176 2690 1231 sive
2729 1176 2783 1231 in
2831 1187 3125 1233 extremam
3172 1178 3420 1250 delapsus
3465 1181 3699 1236 inﬁrmi-

2116 1275 2300 1331 tatem,
2333 1266 2401 1321 ab
2428 1267 2618 1321 horum
2646 1268 2793 1323 nullo
2812 1272 2982 1339 gratia
3001 1272 3187 1327 venire
3214 1273 3545 1342 prohibetur.
3566 1277 3701 1330 Ani-

2112 1370 2255 1410 mam
2282 1358 2425 1411 enim
2452 1360 2683 1429 exquirit
2721 1360 2889 1415 solam
2940 1375 2999 1417 se
3040 1377 3163 1416 cum
3198 1363 3477 1419 alacritate
3517 1366 3698 1421 susci-

2116 1447 2394 1516 pien'cm,
2442 1460 2495 1505 et
2555 1451 2668 1507 haec
2740 1453 2920 1507 omnia
2982 1454 3248 1509 exteriora
3311 1458 3695 1526 praeter-currit.

2115 1539 2469 1594 Exteruorum
2497 1540 2709 1610 quidem
2743 1542 2969 1597 militum
2996 1554 3049 1599 et
3078 1546 3322 1615 corporis
3348 1555 3607 1601 staturam
3644 1556 3702 1602 et

2115 1630 2309 1685 bonam
2337 1632 2513 1686 carnis
2556 1631 2920 1689 habitudinem
2950 1637 3236 1705 exquirunt
3264 1639 3353 1708 qui
3384 1639 3529 1709 ipsos
3556 1641 3701 1694 mili-

2115 1721 2203 1775 tia:
2247 1721 2592 1789 adscribunt;
2627 1738 2733 1778 non
2799 1724 2914 1780 [nec
2959 1736 3135 1781 autem
3179 1728 3291 1783 sola
3345 1731 3700 1786 militaturum

2116 1822 2328 1882 oportet
2359 1813 2575 1879 habere,
2610 1830 2797 1869 verum
2840 1825 2895 1871 et
2933 1817 3339 1885 lihertatem;si
3387 1821 3507 1890 quis
3548 1823 3697 1875 enim

2118 1905 2190 1958 sit
2235 1920 2423 1959 servus
2453 1947 2468 1973 ,
2517 1906 2756 1975 rejicitur
2797 1909 3091 1963 :cmlorum
3144 1918 3321 1965 autem
3367 1911 3481 1966 Rex
3509 1913 3532 1943 '
3562 1912 3701 1967 nihil

2118 1999 2221 2053 tale
2243 1998 2486 2069 requirit,
2513 1999 2608 2053 sed
2634 2007 2689 2054 et
2714 2015 2900 2055 servos
2927 2000 2978 2055 in
3012 2004 3307 2057 exercitum
3339 2019 3491 2058 suum
3519 2005 3699 2060 susci-

2119 2094 2218 2162 pit,
2252 2102 2307 2147 et
2337 2106 2515 2159 senes,
2541 2099 2597 2147 et
2642 2091 2902 2147 invalidos
2946 2095 3202 2150 membris
3223 2137 3239 2162 ,
3269 2110 3441 2164 neque
3462 2110 3585 2150 eum
3614 2105 3702 2149 ta-

2121 2189 2247 2242 lium
2283 2188 2442 2257 pudet
2474 2205 2487 2241 :
2519 2202 2625 2258 quo
2653 2187 2780 2259 quid
2813 2189 3095 2244 humanius
3126 2200 3218 2243 aut
3244 2189 3523 2260 benignius
3548 2190 3701 2260 Cogi-

2121 2280 2217 2334 tari
2248 2279 2459 2348 potest?
2485 2278 2580 2335 Hic
2605 2281 2747 2335 enim
2774 2296 2837 2335 ea
2867 2281 3218 2347 solummodo,
3250 2298 3369 2353 qua:
3414 2282 3468 2335 in
3515 2291 3704 2337 nostra

2120 2380 2384 2441 potestate
2431 2371 2532 2425 sita
2581 2379 2722 2437 sunt,
2753 2372 2982 2441 quaerit;
3012 2372 3085 2426 illi
3124 2388 3254 2426 vero
3299 2387 3416 2442 qua:
3455 2373 3555 2426 sita
3591 2387 3704 2425 nun

2120 2472 2266 2517 sunt.
2294 2462 2535 2518 Servitus
2575 2463 2718 2517 enim
2753 2464 2840 2519 vel
2874 2464 3097 2518 libertas
3125 2462 3180 2517 in
3211 2472 3474 2532 potestate
3514 2471 3703 2516 nostra

2121 2555 2222 2609 sita
2247 2569 2353 2609 non
2384 2562 2545 2621 sunt,
2577 2554 3022 2623 quemadmodum
3056 2570 3228 2625 neque
3269 2553 3567 2624 proceritas
3588 2562 3705 2606 sta-

2124 2657 2256 2701 tura:
2308 2655 2401 2699 aut
2434 2645 2708 2712 brevitas,
2741 2661 2916 2715 neque
2964 2646 3193 2713 senium,
3246 2655 3301 2699 et
3352 2659 3707 2716 quaecumque

2126 2739 2286 2803 talia;
2319 2746 2651 2793 mansuetum
2683 2746 2860 2792 autem
2889 2748 2943 2793 et
2975 2739 3157 2792 mitem
3188 2752 3327 2802 esse,
3360 2746 3413 2791 et
3442 2736 3524 2791 his
3556 2737 3711 2791 simio

2124 2829 2233 2896 lia,
2263 2830 2553 2886 voluntatis
2596 2839 2796 2885 nostra:
2847 2839 2992 2884 sunt.
3028 2830 3095 2885 Et
3148 2829 3263 2884 haec
3304 2828 3416 2884 sola
3468 2845 3499 2884 a
3549 2828 3711 2883 nobis
3776 2808 3779 2809 7

2126 2922 2267 2978 Deus
2310 2921 2508 2992 exigit,
2539 2936 2766 2990 quorum
2813 2934 2913 2975 nos
2956 2920 3163 2975 domini
3207 2934 3425 2985 sumus,
3458 2929 3513 2973 et
3550 2918 3712 2972 valde

2125 3021 2487 3081 congruenter
2516 3029 2529 3066 :
2561 3026 2667 3065 non
2698 3012 2839 3066 enim
2862 3019 3081 3081 propter
3098 3010 3366 3081 propriam
3393 3008 3710 3074 utilitatem,

2129 3107 2221 3163 sed
2252 3116 2470 3177 propter
2494 3102 2902 3159 beneﬁcentiam
2931 3116 3029 3157 nos
3058 3101 3127 3156 ad
3171 3115 3321 3155 suam
3348 3100 3577 3170 gratiam
3609 3115 3712 3153 vo-

2129 3208 2231 3263 cat,
2261 3212 2419 3266 reges
2445 3210 2575 3250 vero
2601 3195 2669 3250 ad
2697 3194 3050 3249 ministerium
3073 3208 3229 3248 suum
3262 3210 3277 3245 :
3307 3200 3362 3247 et
3392 3191 3469 3244 illi
3495 3189 3714 3260 quidem

2130 3288 2197 3342 ad
2245 3287 2440 3342 bellum
2472 3283 2687 3339 trahunt
2726 3283 2981 3339 sensibile
3004 3325 3020 3351 ,
3060 3282 3149 3337 hic
3185 3279 3442 3336 autemad
3480 3294 3715 3353 pugnam

2132 3379 2481 3450 spiritualem.
2509 3377 2618 3432 Nec
2645 3377 2697 3430 in
2726 3375 2878 3431 bellis
2906 3382 3107 3429 tantum
3134 3372 3370 3428 externis
3394 3411 3411 3438 ,
3437 3385 3625 3425 verum
3654 3379 3716 3425 et

2134 3472 2186 3525 in
2209 3468 2587 3524 certaminibus
2607 3466 2849 3521 eamdem
2871 3466 2990 3536 quis
3017 3465 3280 3520 rationem
3312 3462 3495 3518 videre
3523 3462 3711 3531 possit.

2135 3564 2191 3619 in
2220 3562 2348 3618 illud
2378 3562 2520 3618 enim
2544 3560 2809 3616 theatrum
2846 3559 2936 3629 qui
2968 3557 3217 3614 trahendi
3238 3565 3381 3623 sunt,
3413 3569 3522 3611 non
3563 3555 3718 3625 prius

2136 3655 2464 3712 descendunt
2508 3654 2561 3708 in
2606 3652 2892 3707 certamina
2921 3690 2937 3716 ,
2987 3649 3160 3704 donec
3218 3649 3364 3718 ipsos
3434 3660 3720 3701 assumens

2139 3762 2315 3820 prmeo
2343 3746 2442 3801 sub
2468 3743 2707 3799 omnium
2744 3742 2914 3797 oculis
2948 3739 3315 3796 circumducat
3345 3738 3612 3802 clamans,
3638 3746 3722 3790 at-

2137 3854 2241 3911 que
2268 3839 2452 3894 dicens
2481 3854 2494 3891 :
2525 3836 2662 3891 Num
2700 3836 2819 3907 quis
2857 3833 3000 3889 hunc
3026 3832 3287 3887 accusat?
3312 3830 3414 3887 etsi
3461 3831 3568 3885 illic
3610 3845 3721 3884 non

2138 3932 2352 3999 animae,
2382 3929 2476 3985 sed
2502 3929 2744 3999 corporis
2773 3941 2963 3997 pugnae
2991 3926 3096 3980 sint
3116 3942 3129 3979 :
3151 3938 3316 3995 quare
3345 3922 3505 3993 igitur
3530 3922 3722 3977 nobili-

2140 4026 2263 4081 tatis
2284 4026 2518 4080 rationes
2548 4020 2811 4091 requiris?
2837 4019 2934 4074 Hic
2957 4031 3086 4073 vero
3112 4016 3244 4071 nihil
3268 4016 3395 4082 tale,
3424 4014 3518 4070 sed
3550 4023 3723 4068 totum

2141 4118 2463 4189 contrarium
2519 4131 2532 4168 :
2575 4129 2698 4168 cum
2756 4127 2863 4168 non
2918 4112 2972 4166 in
3043 4124 3295 4164 manuum
3348 4107 3722 4163 collationibus

2145 4211 2252 4266 sint
2300 4208 2454 4263 nobis
2496 4204 2808 4269 certamina,
2840 4201 2938 4258 sed
2984 4202 3037 4256 in
3084 4200 3247 4254 animi
3284 4197 3623 4268 phiIOSOphia
3668 4206 3725 4250 et

2143 4300 2338 4356 mentis
2367 4299 2583 4364 virtute,
2612 4293 2936 4350 contrarium
2962 4290 3283 4361 agonotheta
3320 4296 3507 4343 noster
3550 4286 3674 4341 facit
3703 4304 3719 4340 :

2145 4408 2252 4449 non
2283 4392 2454 4463 ipsum
2484 4401 2763 4444 assumens
2791 4383 3159 4450 circumducit,
3190 4389 3245 4436 et
3267 4380 3420 4437 dicit:
3443 4378 3577 4433 Num
3604 4377 3724 4448 quis

2147 4485 2290 4540 hunc
2339 4479 2596 4537 accusat?
2633 4478 2727 4534 sed
2754 4478 2991 4533 clamat:
3025 4474 3177 4529 Licet
3221 4485 3409 4528 omnes
3455 4469 3726 4533 homines,

2147 4577 2272 4632 licet
2296 4575 2566 4631 dazmones
2589 4587 2709 4628 cum
2738 4570 2950 4626 diabolo
2969 4566 3244 4624 constituti
3270 4566 3442 4636 ipsum
3471 4570 3731 4619 accusent

2148 4668 2216 4724 de
2241 4666 2559 4739 turpissimis
2584 4674 2639 4720 et
2667 4662 2889 4719 occultis
2923 4659 3251 4724 criminibus,
3282 4671 3387 4711 non
3415 4655 3601 4724 rejicio
3626 4668 3730 4709 nec

2149 4759 2447 4825 abominor,
2473 4755 2569 4812 sed
2593 4755 2660 4810 ab
2687 4752 3087 4810 accusatoribus
3116 4752 3288 4821 ipsum
3312 4748 3547 4804 liberans
3569 4754 3625 4801 ct
3660 4743 3731 4799 ab

2150 4851 2429 4921 iniquitate
2473 4847 2790 4914 absolvens,
2839 4845 2919 4901 sic
2963 4843 3030 4899 ad
3076 4841 3367 4899 certamina
3414 4838 3596 4893 duco:
3630 4851 3731 4891 nec

2152 4941 2437 4997 immerito.
2468 4939 2583 4996 Illic
2611 4938 2752 4995 enim
2779 4936 3100 5008 agonotheta
3133 4934 3206 4989 nil
3235 4930 3564 4988 certantibus
3594 4943 3729 4983 con-

2154 5033 2254 5088 l‘crt
2274 5031 2341 5088 ad
2363 5032 2636 5087 victoriam
2657 5073 2672 5098 ,
2696 5030 2789 5085 sed
2811 5028 3016 5085 medius
3049 5025 3366 5082 constitutus
3387 5032 3495 5087 est;
3524 5021 3612 5076 hic
3637 5035 3733 5073 au-

2155 5136 2262 5183 tem
2310 5125 2630 5198 agonotheta
2663 5123 2874 5195 pietatis
2912 5119 3391 5193 propugnatoribus
3435 5115 3733 5172 commilito

2156 5219 2215 5274 lit
2244 5227 2297 5275 et
2325 5216 2627 5284 auxiliator,
2656 5232 2777 5272 cum
2819 5215 2947 5287 ipsis
2976 5223 3161 5269 contra
3188 5210 3459 5268 diabolum
3503 5221 3735 5279 pugnam

2157 5316 2514 5371 committens.

2229 5411 2282 5465 4.
2310 5408 2418 5464 Nec
2444 5408 2545 5462 hoc
2568 5414 2770 5462 tantum
2795 5413 2878 5461 est
2897 5403 3226 5473 admirabile,
3257 5400 3397 5473 quod
3426 5397 3580 5455 nobis
3608 5412 3736 5472 pce-

2167 5691 2180 5702 _
2225 5633 2241 5661 ⁸
2284 5631 2383 5704 Itin,
2406 5631 2583 5704 hoe‘est
2617 5624 3060 5704 larinatis
3087 5624 3387 5685 mirum;
3413 5619 3517 5682 alii.
3541 5619 3648 5671 Iw:
3669 5620 3741 5666 est

2158 5691 2398 5751 imprimis
2422 5692 2606 5743 virtutis
2629 5690 2923 5751 magnitudo.

2233 5760 2253 5789 ’
2275 5752 2393 5809 Alii.
2415 5767 2735 5806 mut‘cz'sorum
2754 5758 2907 5802 autem
2934 5757 3048 5800 Rex.
