3896 6230
386 368 494 428 231

381 496 499 540 cata
539 483 790 550 dimittat,
826 497 1014 539 verum
1043 491 1092 540 et
1138 482 1275 553 quod
1319 481 1432 554 ipsa
1477 497 1582 536 non
1625 481 1826 538 revelet
1871 497 1972 537 nec

382 578 667 634 manifesta
698 578 886 644 faciat,
918 594 1019 634 nec
1063 577 1378 634 accedentes
1404 585 1558 647 cogat
1601 576 1652 629 in
1681 574 1858 630 medio
1885 590 1976 645 pa.

384 680 519 725 trata
541 671 772 738 edicere,
800 670 893 746 s_ed
921 670 1021 725 sibi
1053 670 1150 724 soli
1173 669 1434 724 rationem
1461 666 1686 722 reddere
1711 666 1893 735 jubeat
1922 673 1976 719 et

381 762 484 816 sibi
511 763 775 817 conﬁteri.
810 763 1020 818 Etenim
1044 776 1111 817 ex
1132 761 1474 816 smeularibus
1498 760 1765 831 judicibus
1791 759 1834 814 si
1856 759 1974 829 quis

384 852 546 907 alicui
572 863 849 924 captorum
877 854 1142 908 latronum
1164 853 1246 908 vel
1269 868 1453 907 eorum
1474 853 1562 922 qui
1584 851 1824 922 sepulcra
1845 849 1976 906 effo-

380 943 537 999 diunt
563 944 785 1009 diceret,
823 952 883 998 ut
909 952 1126 1014 peccata
1154 945 1517 1010 confiteretur,
1551 959 1657 1014 quo
1685 943 1785 998 sibi
1815 957 1972 1012 poma

379 1033 762 1100 dimitteretur,
791 1049 910 1090 cum
939 1035 1084 1089 omni
1115 1043 1262 1090 certe
1297 1034 1574 1090 alacritate
1604 1034 1707 1088 hoc
1733 1034 1974 1103 suscipe-

384 1135 543 1194 rent,
573 1128 761 1182 salutis
802 1127 1092 1198 cupiditate
1121 1126 1377 1196 pudorem
1425 1134 1846 1181 contemnentes.
1876 1125 1974 1180 llic

380 1233 513 1273 vero
555 1219 694 1273 nihil
736 1219 839 1274 tate
881 1226 983 1286 est,
1017 1233 1196 1273 verum
1238 1227 1291 1272 et
1329 1226 1546 1288 peccata
1593 1216 1832 1285 dimittit,
1873 1231 1974 1272 nec

381 1309 526 1378 cogit
573 1309 926 1379 praesentibus
969 1308 1286 1380 quibusdam
1332 1309 1445 1378 ipsa
1501 1309 1766 1363 enuntiari
1810 1326 1823 1363 :
1877 1306 1972 1362 sed

381 1416 547 1455 unum
575 1401 748 1456 solum
776 1401 967 1471 exigit,
1001 1411 1056 1457 ut
1099 1402 1211 1472 ipse
1257 1403 1574 1456 remissione
1603 1401 1806 1468 fruens,
1847 1400 1971 1456 doni

381 1490 799 1561 magnitudinem
831 1492 1017 1547 discat.
1047 1491 1326 1558 Quomodo
1348 1492 1507 1562 igitur
1529 1506 1632 1546 non
1660 1491 1968 1556 absurdum,

380 1591 440 1637 ut
469 1583 521 1638 in
553 1583 744 1654 quibus
771 1598 868 1638 nos
891 1584 1005 1654 ipse
1032 1583 1291 1639 beneﬁcio
1311 1582 1495 1649 afﬁcit,
1526 1583 1642 1638 solo
1669 1583 1971 1638 testimonio

380 1685 566 1731 nostro
590 1685 869 1732 contentus
891 1677 991 1741 sit;
1015 1691 1112 1731 nos
1139 1685 1315 1731 autem
1344 1675 1397 1730 in
1423 1675 1615 1746 quibus
1637 1676 1808 1745 ipsum
1836 1675 1970 1730 coli-

379 1782 520 1833 mus,
548 1768 679 1822 alios
705 1776 867 1823 testes
889 1779 1190 1838 qumramus
1217 1775 1270 1822 et
1291 1767 1354 1822 ad
1377 1766 1788 1822 ostentationem
1810 1765 1968 1836 quid-

380 1874 539 1928 quam
571 1859 862 1913 faciamus?
896 1859 1062 1928 Ipsius
1091 1858 1250 1928 igitur
1277 1857 1658 1928 benignitatem
1689 1857 1966 1921 admirati,

380 1957 562 2003 nostra
593 1949 692 2018 ipsi
723 1949 1101 2014 exhibeamus,
1130 1957 1184 2004 et
1212 1963 1321 2018 pra:
1351 1949 1599 2004 omnibus
1633 1950 1825 2018 lingum
1865 1949 1967 2002 im-

381 2050 563 2111 petum
591 2041 944 2110 refrenemus,
976 2051 1120 2098 etne
1147 2059 1360 2113 semper
1392 2044 1688 2114 loquamur.
1722 2043 1804 2097 Ex
1834 2043 1967 2097 mut-

379 2135 588 2203 tiloquio
617 2153 833 2204 namque
858 2153 957 2190 non
986 2136 1196 2208 effugies
1227 2147 1488 2205 peccatum
1519 2136 1697 2210 (Prov.
1729 2136 1814 2192 IO.
1854 2133 1965 2205 19).

378 2227 438 2283 Si
468 2244 658 2298 nempe
683 2228 963 2284 dicendum
990 2229 1120 2284 utile
1149 2229 1274 2299 quid
1299 2229 1484 2297 habes,
1532 2229 1677 2299 aperi
1717 2228 1855 2284 labia
1883 2247 1894 2282 :
1921 2229 1968 2284 si

378 2320 509 2375 nihil
541 2320 609 2374 sit
635 2321 1027 2385 necessarium,
1060 2329 1211 2376 tace:
1237 2322 1425 2376 melius
1446 2330 1526 2376 est
1547 2320 1710 2376 enim.

454 2410 648 2480 Ubique
679 2411 812 2466 Deus
857 2412 956 2466 coli
1000 2422 1182 2483 potest.
1211 2443 1279 2451 —-
1305 2411 1519 2466 Artifex
1565 2413 1825 2466 manualis
1872 2412 1968 2468 es?

379 2503 575 2560 sedens
601 2505 807 2574 psalle;
841 2504 934 2560 sed
984 2521 1090 2559 non
1137 2506 1215 2559 vis
1259 2521 1353 2560 ore
1376 2505 1641 2575 psallere?
1667 2504 1769 2559 hoc
1808 2505 1968 2560 facias

381 2604 565 2652 mente
601 2613 614 2649 :
647 2613 868 2666 magnus
918 2597 1315 2652 contubernalis
1361 2599 1616 2668 psalmus.
1656 2597 1797 2652 Nihil
1843 2598 1969 2654 hinc

378 2705 540 2761 grave
571 2692 880 2756 sustinebis,
908 2691 1002 2747 sed
1031 2699 1299 2761 tamquam
1330 2691 1383 2744 in
1411 2690 1738 2746 monasterio
1765 2691 1815 2745 in
1845 2690 1965 2744 offi-
2013 2743 2015 2745 ,

379 2782 498 2837 cina
529 2783 716 2837 sedere
736 2784 936 2853 poteris
961 2800 974 2836 :
1007 2798 1113 2838 non
1142 2782 1284 2838 enim
1314 2783 1552 2837 locorum
1583 2783 1929 2838 commoditas
1949 2823 1964 2849 ,

378 2872 476 2928 sed
505 2888 716 2927 morum
751 2873 1251 2948 probitaquuietcm
1283 2872 1434 2928 nobis
1466 2873 1742 2942 pra-bcbit.
1772 2873 1968 2929 Paulus

378 2963 520 3018 enim
549 2964 601 3017 in
629 2963 840 3018 ofﬁcina
881 2972 1052 3018 artem
1083 2980 1231 3019 suam
1271 2972 1541 3029 tractans,
1574 2965 1705 3019 nihil
1733 2965 1800 3019 ad
1841 2981 1966 3035 pro-

380 3055 549 3125 priam
568 3055 816 3110 virtutem
841 3057 999 3112 laesus
1020 3065 1104 3112 est
1125 3057 1262 3125 (Act.
1293 3057 1380 3111 18.
1404 3057 1482 3126 5).
1508 3057 1583 3112 Ne
1606 3056 1750 3112 dicas
1770 3057 1963 3128 igitur:

375 3147 658 3215 Quomodo
688 3156 892 3218 potero,
927 3162 1047 3202 cum
1075 3147 1264 3203 artifex
1303 3157 1357 3202 et
1399 3163 1602 3218 pauper
1636 3149 1760 3216 sim,
1789 3148 1966 3218 philo-

382 3238 644 3307 sophari?
689 3237 982 3307 Propterea
1024 3252 1218 3307 nempe
1263 3238 1431 3308 magis
1477 3239 1677 3308 poteris
1725 3237 1965 3310 philosoo

376 3329 550 3399 phari.
579 3328 709 3383 Nam
755 3337 1042 3398 paupertas
1090 3327 1319 3395 divitiis,
1349 3338 1402 3384 et
1445 3330 1715 3400 negotium
1759 3332 1868 3386 otio
1901 3332 1997 3411 ad.

377 3420 630 3489 pietatem
672 3420 826 3474 nobis
862 3428 946 3475 est
986 3420 1382 3490 opportunius:
1411 3420 1607 3490 quippe
1636 3436 1754 3476 cum
1796 3431 1851 3478 et
1879 3423 1964 3478 di-

375 3511 520 3565 vitia:
560 3527 665 3565 non
698 3510 1104 3566 advertentibus
1154 3510 1593 3580 impedimentum
1639 3513 1786 3567 ﬁant.
1829 3513 1963 3570 Cum

375 3604 517 3656 enim
548 3602 680 3656 iram
717 3602 986 3656 dimittere
1016 3610 1288 3672 oporteat,
1317 3617 1439 3658 cum
1486 3603 1737 3658 invidiam
1765 3607 1966 3660 exstin-

376 3709 559 3764 guere,
587 3709 708 3749 cum
748 3695 1024 3750 remittere
1070 3694 1340 3762 furorem,
1372 3709 1492 3750 cum
1540 3697 1836 3751 orationem
1881 3697 1964 3752 of-

376 3783 546 3848 ferre,
594 3799 715 3838 cum
761 3783 1152 3854 benignitatem»
1191 3793 1246 3839 et
1292 3785 1786 3853 mansuetudinem,
1845 3803 1963 3842 cum

377 3875 692 3930 modestiam
719 3884 772 3931 et
801 3877 1079 3931 caritatem
1107 3875 1382 3943 exhibere,
1411 3876 1500 3931 ubi
1542 3889 1827 3948 paupertas
1869 3879 1966 3933 im-

381 3965 746 4037 pedimentum
790 3982 908 4022 esse
945 3967 1156 4021 valeat?
1181 3965 1298 4021 Non
1340 3969 1480 4022 enim
1527 3977 1802 4037 argentum
1846 3985 1967 4026 ero-

376 4066 563 4126 gantes
591 4056 705 4112 haec
733 4065 947 4126 oportet
971 4056 1142 4124 obire,
1174 4056 1269 4112 sed
1296 4067 1495 4112 rectam
1525 4059 1840 4115 exhibentes
1867 4076 1962 4115 vo-

378 4149 662 4205 luntatem.
696 4151 1051 4223 Eleemosyna
1077 4155 1308 4209 maxime
1337 4155 1577 4223 pecuniis
1606 4165 1746 4224 eget,
1780 4171 1962 4210 verum

378 4252 436 4296 et
463 4243 572 4312 ipsa
608 4259 701 4313 per
727 4254 1098 4314 paupertatem
1129 4249 1299 4316 magis
1328 4247 1542 4317 effulget
1575 4267 1588 4302 :
1621 4249 1815 4303 etenim
1846 4265 1965 4319 qua:

377 4332 514 4388 duos
554 4335 742 4390 obolos
788 4337 1044 4406 erogavit,
1091 4339 1327 4392 omnium
1358 4339 1631 4393 hominum
1677 4349 1791 4394 erat
1832 4355 1964 4410 pau-

377 4423 607 4492 perrima
649 4467 664 4491 ,
710 4435 765 4480 ct
819 4441 1006 4481 omnes
1052 4428 1320 4496 superavit
1363 4427 1512 4501 (Luc.
1559 4430 1648 4484 21.
1693 4429 1832 4500 2-4).
1887 4431 1966 4487 Ne

377 4529 633 4585 magnum
681 4515 840 4587 igitur
865 4517 991 4588 quid
1033 4517 1245 4574 divitias
1270 4535 1388 4575 esse
1427 4529 1694 4590 putemus,
1727 4536 1825 4576 nec
1854 4522 1965 4578 luto

377 4610 570 4664 melius
595 4625 783 4665 aurum
811 4625 930 4665 esse
958 4612 1281 4682 cogitemus;
1318 4614 1553 4668 materiae
1582 4629 1812 4685 namque
1840 4631 1962 4686 pre-

377 4700 508 4753 tium
536 4716 640 4754 non
691 4715 755 4755 ex
781 4708 970 4755 natura
1000 4711 1082 4757 est
1108 4743 1122 4768 ,
1153 4701 1248 4757 sed
1275 4719 1340 4758 ex
1369 4703 1620 4774 opinione
1658 4715 1857 4760 nostra.
1907 4706 1963 4761 Si

377 4793 497 4861 quis
539 4793 682 4848 enim
727 4792 1010 4863 diligenter
1046 4796 1377 4865 inquireret,
1425 4796 1591 4850 multo
1627 4797 1793 4866 magis
1835 4813 1964 4852 auro

372 4885 574 4940 ferrum
602 4885 962 4939 necessarium
990 4903 1006 4939 :
1039 4885 1170 4940 ill’ud
1198 4901 1426 4956 namque
1447 4885 1652 4941 nullum
1677 4886 1800 4940 vitae
1831 4901 1963 4940 con-

372 4973 676 5042 fertusum,
707 4975 810 5031 hoc
839 4986 1014 5032 autem
1058 4977 1312 5049 pleraque
1351 4980 1652 5034 necessaria
1696 4980 1848 5036 nobis
1872 4996 1965 5036 ex—

373 5065 544 5137 pedit,
575 5067 871 5123 innumeris
900 5068 1104 5124 artibus
1131 5070 1391 5125 serviens.
1440 5071 1507 5126 Et
1532 5072 1659 5141 quid
1698 5072 1818 5128 dico
1847 5074 1963 5128 auri

373 5165 430 5211 et
475 5157 604 5213 ferri
652 5161 1143 5229 comparationem?
1187 5161 1241 5216 hi
1286 5164 1426 5218 enim
1465 5165 1710 5235 vulgares
1761 5166 1964 5238 lapides

373 5247 546 5317 magis
572 5251 862 5305 necessarii
907 5261 1064 5320 sunt,
1111 5268 1267 5323 quam
1317 5256 1534 5323 pretiosi
1569 5273 1581 5308 :
1622 5272 1742 5311 nam
1769 5273 1834 5312 ex
1881 5259 1962 5314 his

374 5339 508 5394 nihil
540 5342 670 5397 utile
698 5341 811 5396 ﬁeri
851 5354 1052 5413 posset,
1081 5359 1148 5399 ex
1177 5345 1284 5400 illis
1323 5360 1450 5401 vero
1492 5347 1683 5401 domus
1711 5357 1764 5403 et
1792 5350 1959 5418 muri,

372 5438 431 5484 et
460 5430 623 5485 urbes
651 5441 970 5488 constructae
999 5442 1140 5488 sunt.
1171 5434 1250 5488 Tu
1288 5450 1416 5490 vero
1456 5436 1588 5491 mihi
1617 5437 1921 5492 demonstra
1943 5480 1958 5507 ,

372 5535 495 5590 quae
534 5520 601 5577 de
643 5524 942 5594 margaritis
984 5525 1186 5580 utilitas
1233 5525 1368 5592 istis,
1410 5527 1649 5596 quiuimo
1676 5529 1815 5599 quod
1855 5546 1958 5584 non

371 5609 502 5665 inde
535 5610 784 5667 damnum
817 5614 1064 5668 eveniat?
1091 5614 1303 5671 Etenim
1347 5625 1405 5671 ut
1432 5626 1487 5670 tu
1526 5617 1666 5671 feras
1708 5620 1960 5676 unionem

372 5719 561 5772 unum,
595 5703 860 5761 innumeri
911 5721 1170 5777 pauperes
1219 5707 1356 5764 fame
1401 5719 1751 5778 premuntur:
1803 5726 1958 5782 quam

371 5794 534 5864 igitur
555 5795 940 5868 defensionem,
973 5813 1131 5869 quam
1159 5800 1364 5856 veniam
1392 5803 1690 5870 assequeris
1722 5804 1744 5860 't’

1491 368 1583 423 AD
1623 365 2128 424 ILLUMINANDOS
2167 369 2590 429 CATECHESIS
2621 371 2700 432 ll.

3563 376 3668 434 238

2159 482 2319 539 Verus
2345 486 2568 540 mulieris
2595 492 2823 541 ornatus.
2854 515 2927 527 —
2953 483 3049 542 Vis
3074 500 3268 544 ornare
3296 486 3532 545 faciem?
3563 508 3666 546 non

2083 577 2383 646 margaritis
2405 593 2558 645 orna,
2583 577 2678 634 sed
2696 577 2956 633 modestia
2986 587 3038 634 et
3060 579 3361 647 honestate,
3390 581 3572 652 sicque
3589 587 3669 636 vir

2081 668 2369 738 gratiorem
2416 667 2606 724 faciem
2654 677 2855 725 cernet.
2907 670 2997 726 Ille
3031 686 3226 742 nempe
3276 680 3496 727 ornatus
3521 681 3575 728 et
3616 674 3668 728 in

2083 758 2359 830 zelotypire
2383 759 2742 828 suspicionem
2780 759 3000 830 injicere
3033 776 3178 831 saepe
3204 763 3339 818 solet
3365 771 3418 818 et
3445 761 3677 818 inimici-

2083 847 2182 902 tias
2212 859 2265 902 et
2306 850 2676 903 contentiones
2703 857 2756 904 et
2791 863 2992 920 pugnas
3023 850 3137 904 :nil
3187 860 3364 906 autem
3411 853 3556 908 vultu
3576 866 3669 907 su-

2080 949 2265 1008 specto
2293 940 2528 1009 turpius;
2552 941 2908 1011 eleemosynae
2930 956 3058 996 vero
3083 949 3139 996 et
3160 942 3434 998 modestiae
3449 953 3668 998 ornatus

2081 1045 2294 1086 omnem
2358 1030 2573 1100 quidem
2629 1031 2926 1102 improbam
2991 1033 3349 1102 suspicionem
3416 1035 3660 1105 expellit.

2080 1121 2223 1175 omni
2254 1130 2431 1176 autem
2459 1122 2672 1177 vinculo
2703 1122 2905 1178 firmius
2931 1125 3212 1197 conjugem
3239 1126 3488 1181 conciliat
3517 1143 3530 1180 :
3559 1143 3668 1181 non

2078 1214 2219 1268 enim
2264 1222 2370 1268 tam
2399 1213 2648 1270 decoram
2692 1225 2878 1270 natura
2919 1227 3072 1288 parat
3098 1217 3310 1285 faciem,
3339 1235 3498 1290 quam
3539 1235 3665 1290 spe~

2077 1306 2270 1361 ctantis
2322 1307 2542 1363 allectus
2593 1326 2606 1363 :
2659 1307 2905 1365 aﬁ‘ectum
2941 1325 3070 1366 vero
3119 1312 3251 1367 nihil
3293 1313 3372 1366 sic
3423 1321 3481 1368 ut
3549 1328 3668 1367 mo-

2077 1397 2247 1455 destia
2311 1409 2364 1456 et
2427 1400 2681 1457 honestas
2738 1402 3023 1458 conciliare
3075 1403 3232 1459 solet.
3295 1403 3478 1475 Itaque
3547 1405 3670 1459 licet

2079 1491 2297 1560 pulchra
2344 1493 2412 1548 sit
2451 1494 2662 1561 mulier,
2697 1495 2778 1550 vir
2806 1503 2984 1568 autem
3029 1510 3155 1567 erga
3190 1495 3359 1566 ipsam
3406 1495 3546 1550 male
3590 1496 3666 1549 af-

2077 1581 2247 1638 fectus
2279 1585 2366 1650 sit,
2395 1585 2632 1640 omnium
2664 1586 2762 1657 ipsi
2797 1587 3101 1658 turpissima
3130 1587 3431 1654 videbitur;
3462 1588 3506 1643 si
3537 1604 3666 1644 vero

2078 1692 2184 1733 non
2211 1692 2332 1732 esse
2373 1677 2651 1748 pulchram
2691 1680 2919 1749 aliquam
2949 1680 3252 1750 contingat,
3278 1681 3365 1734 illa
3403 1689 3598 1746 tamen,
3622 1682 3666 1736 si

2076 1768 2190 1822 viro
2214 1784 2310 1823 suo
2338 1769 2565 1839 placeat,
2593 1770 2830 1824 omnium
2854 1770 2953 1840 ipsi
2984 1771 3340 1840 pulcherrima
3371 1786 3490 1826 esse
3515 1771 3666 1826 vide-

2077 1857 2251 1922 bitur;
2282 1875 2387 1914 non
2414 1861 2555 1915 enim
2592 1861 2644 1915 in
2681 1874 2865 1916 eorum
2889 1901 2904 1927 ,
2934 1877 3051 1931 qua:
3096 1870 3405 1926 cernuntur,
3454 1869 3665 1926 natura,

2075 1953 2168 2008 sed
2196 1954 2246 2008 in
2275 1955 2610 2009 cernentium
2645 1954 2838 2010 affectu
2861 1953 3062 2026 judicia
3108 1954 3261 2012 fiunt.
3295 1955 3537 2025 Speciem
3566 1955 3666 2025 igi—

2076 2052 2160 2098 tur
2185 2045 2292 2098 oris
2320 2060 2517 2100 exorna
2545 2045 2828 2114 modestia,
2857 2045 3160 2114 honestate,
3184 2046 3548 2118 eleemosyna,
3569 2046 3666 2101 hu-

2075 2136 2347 2200 manitate,
2382 2137 2622 2204 caritate,
2661 2153 2786 2208 erga
2816 2137 2988 2193 virum
3017 2138 3326 2204 dilectione,
3353 2148 3666 2194 mansuetu-

2077 2225 2220 2291 dine,
2255 2227 2612 2299 benignitate,
2645 2230 2906 2284 manrum
2950 2230 3234 2286 tolerantia
3267 2248 3278 2284 :
3314 2231 3372 2286 hi
3408 2241 3531 2286 sunt
3558 2232 3664 2286 vir—

2077 2317 2202 2371 tutis
2229 2319 2456 2385 colores,
2491 2335 2588 2388 per
2608 2319 2706 2374 hos
2736 2319 2940 2376 allicies
2979 2320 3216 2391 angelos,
3250 2337 3356 2377 non
3387 2322 3626 2378 homines
3647 2365 3661 2389 ,

2077 2425 2172 2478 per
2197 2409 2296 2465 hos
2326 2411 2498 2481 ipsum
2532 2411 2752 2468 habebis
2779 2412 2946 2467 Deum
2985 2411 3316 2468 laudatorem
3347 2432 3361 2468 :
3389 2429 3508 2468 cum
3535 2428 3665 2468 vero

2077 2501 2216 2558 Deus
2242 2505 2594 2574 acceptaverit
2617 2546 2630 2568 ,
2657 2515 2709 2559 et
2752 2505 2925 2560 virum
2954 2505 3171 2560 omnino
3201 2506 3294 2562 tibi
3330 2506 3576 2576 placabit.
3607 2507 3664 2562 Si

2073 2594 2217 2648 enim
2264 2594 2363 2648 viri
2408 2595 2668 2666 sapientia
2710 2594 2899 2651 faciem
2945 2597 3238 2663 illuminat,
3287 2598 3453 2652 multo
3497 2598 3665 2668 magis

2073 2683 2242 2738 virtus
2263 2684 2500 2739 mulieris
2515 2686 2718 2740 vultum
2748 2686 3011 2741 illuminat
3039 2686 3232 2758 (Eccle.
3263 2688 3316 2743 8.
3344 2689 3415 2759 l).
3443 2688 3497 2743 Si
3538 2703 3664 2743 vero

2075 2784 2229 2845 putas
2251 2791 2371 2832 esse
2397 2791 2644 2846 magnum
2673 2777 2816 2833 hunc
2836 2789 3102 2844 ornatum,
3135 2778 3220 2834 dic
3238 2779 3386 2844 mihi,
3413 2796 3529 2849 quae
3554 2781 3663 2834 uti-

2074 2868 2196 2922 litas
2241 2869 2332 2922 tibi
2365 2869 2416 2922 in
2452 2868 2540 2924 die
2589 2870 2675 2924 illa
2726 2870 2793 2924 de
2841 2870 3148 2941 margaritis
3197 2871 3311 2925 istis
3355 2872 3567 2925 veniet?
3598 2871 3665 2926 Et

2074 2958 2201 3028 quid
2244 2974 2378 3029 opus
2409 2960 2553 3016 diem
2599 2961 2745 3016 illam
2775 2977 3199 3018 commemorare
3222 3005 3236 3030 ,
3267 2979 3387 3018 cum
3425 2965 3584 3019 liceat
3611 2974 3665 3019 et

2074 3065 2137 3104 ex
2170 3050 2522 3119 praesentibus
2549 3051 2664 3108 haec
2691 3055 2871 3108 omnia
2911 3054 3322 3110 demonstrare?
3352 3055 3488 3110 Cum
3518 3057 3661 3110 enim

2074 3141 2130 3208 ii,
2160 3143 2248 3211 qui
2280 3143 2592 3212 Imperatori
2622 3145 3003 3200 contumeliam
3033 3146 3360 3213 intulerant,
3393 3147 3457 3201 ad
3494 3147 3664 3203 tribu-

2075 3235 2160 3289 nal
2192 3234 2538 3290 trahebantur
2566 3244 2620 3290 et
2651 3235 2718 3291 de
2753 3241 3009 3293 extremis
3037 3239 3504 3309 periclitabantur,
3540 3248 3663 3294 tunc

2073 3336 2273 3382 matres
2299 3336 2353 3383 et
2397 3343 2590 3383 uxores
2633 3329 2850 3383 monilia
2875 3343 3036 3384 aurea
3072 3337 3126 3384 ct
3152 3331 3464 3399 margaritas
3495 3329 3663 3399 depo-

2074 3425 2263 3472 nentes
2307 3427 2788 3488 ornamentumque
2824 3433 2983 3474 omne
3028 3427 3082 3474 BI.
3119 3419 3435 3474 vestimenta
3478 3434 3661 3484 aurea,

2075 3511 2230 3565 vilem
2266 3520 2320 3566 et
2350 3511 2610 3582 ahjectam
2639 3521 2842 3568 vestem
2886 3520 3180 3577 sumentes,
3207 3519 3262 3566 et
3304 3512 3538 3567 cinerem
3578 3512 3662 3566 in-

2073 3613 2387 3673 spergentes
2414 3603 2536 3669 sibi,
2569 3613 2623 3658 et
2653 3613 2778 3659 ante
2802 3605 2900 3660 fori
2916 3605 3109 3674 januas
3139 3619 3199 3660 se
3225 3605 3556 3670 volutantes,
3586 3604 3663 3660 sic

2068 3695 2275 3765 judiees
2295 3697 2608 3752 exorabant.
2637 3697 2695 3752 Si
2723 3706 2898 3753 autem
2921 3697 2974 3752 in
3003 3697 3086 3752 his
3108 3695 3326 3768 iudiciis
3355 3711 3515 3752 aurea
3543 3696 3663 3767 qui-

2072 3785 2194 3841 dem
2239 3787 2458 3842 monilia
2507 3796 2563 3842 et
2608 3787 2838 3844 uniones
2865 3796 2920 3843 et
2956 3788 3103 3842 varia
3148 3787 3315 3843 vestis
3363 3785 3568 3842 insidia:
3609 3794 3664 3841 et

2071 3878 2303 3950 proditio
2323 3879 2540 3946 fuerint,
2559 3878 2914 3935 mansuetudo
2934 3887 3137 3943 autem,
3163 3879 3484 3948 benignitas,
3503 3878 3666 3942 cinis,

2074 3969 2323 4042 Iacryma:
2369 3979 2423 4024 et
2452 3971 2577 4025 vilia
2621 3973 2940 4026 vestimenta
2984 3971 3154 4040 magis
3197 3969 3433 4039 judicem
3482 3969 3664 4024 conci-

2074 4060 2206 4114 liant
2233 4077 2246 4113 :
2281 4061 2449 4115 multo
2489 4060 2658 4131 magis
2687 4062 2740 4115 in
2765 4061 2967 4131 judicio
3014 4060 3106 4114 illo
3134 4059 3426 4114 inevitabili
3465 4068 3519 4114 et
3547 4069 3661 4115 tre-

2074 4151 2269 4206 mendo
2320 4151 2424 4207 hoc
2479 4153 2590 4208 ﬁet.
2638 4153 2806 4220 Quam
2858 4152 3004 4207 enim
3058 4152 3322 4206 rationem
3379 4151 3659 4207 dicendam

2075 4243 2329 4300 habebis?
2356 4260 2535 4314 quam,
2578 4244 2662 4299 dic
2704 4244 2854 4310 mihi,
2901 4244 3300 4299 excusationem
3321 4286 3336 4309 ,
3365 4242 3580 4314 quando
3602 4253 3656 4298 te

2074 4336 2331 4391 Dominus
2379 4337 2649 4391 accusabit
2689 4335 2756 4391 de
2787 4335 3090 4406 margaritis
3126 4334 3264 4402 istis,
3298 4341 3356 4389 et
3394 4349 3658 4404 pauperes

2074 4427 2213 4482 fame
2259 4427 2496 4498 perditos
2545 4428 2597 4482 in
2642 4427 2877 4482 medium
2919 4426 3080 4497 aget?
3123 4427 3417 4496 Propterea
3462 4425 3661 4480 Paulus

2071 4519 2282 4574 dicebat
2311 4537 2324 4573 :
2359 4517 2482 4572 Non
2530 4521 2582 4572 in
2613 4520 2758 4573 tortis
2798 4518 3052 4585 crinibus,
3081 4517 3158 4572 vel
3184 4534 3331 4581 auro,
3359 4517 3436 4571 vel
3457 4533 3660 4586 ntarga—

2071 4611 2202 4677 ritis,
2229 4611 2306 4664 vel
2327 4611 2612 4665 vestimento
2635 4611 2852 4682 pretioso
2871 4611 2948 4682 (I.
2971 4609 3102 4663 Tim.
3125 4610 3179 4662 2.
3199 4608 3278 4677 9).
3305 4608 3439 4664 Hinc
3466 4623 3662 4678 nempe

2070 4709 2344 4757 struentur
2383 4701 2587 4756 insidia:
2643 4721 2656 4755 :
2711 4702 2810 4757 etsi
2854 4711 3032 4756 autem
3073 4700 3272 4771 jugiter
3325 4699 3453 4770 ipsis
3499 4697 3659 4754 frua-

2074 4810 2212 4858 mur,
2242 4803 2420 4848 tamen
2449 4794 2668 4848 omnino
2713 4809 2808 4864 per
2850 4801 3074 4847 mortem
3105 4793 3173 4848 ab
3202 4792 3333 4862 ipsis
3376 4792 3655 4861 separabi-

2073 4901 2209 4939 mur.
2238 4884 2316 4938 Ex
2334 4885 2533 4939 virtute
2557 4900 2684 4938 vero
2710 4885 2969 4938 securitas
2993 4883 3192 4948 omnis,
3219 4890 3274 4937 et
3301 4884 3525 4937 mutatio
3553 4883 3656 4936 rui.

2073 4991 2208 5030 nave
2234 4975 2400 5039 nulla,
2429 4991 2615 5031 verum
2656 4985 2709 5030 et
2750 4974 2837 5030 hic
2881 4990 2978 5029 nos
3020 4990 3081 5030 ea
3111 4973 3287 5030 reddit
3327 4975 3570 5038 tutiores,
3607 4983 3661 5027 et

2071 5067 2197 5121 illuc
2217 5068 2518 5122 comitatur.
2564 5066 2658 5122 Vis
2695 5067 3008 5137 margaritas
3050 5065 3354 5136 possidere,
3387 5080 3487 5119 nec
3525 5079 3647 5118 um-

2070 5174 2227 5230 quam
2250 5160 2346 5214 has
2369 5159 2583 5214 divitias
2625 5159 2928 5230 deponere?
2959 5168 3201 5212 ornatum
3250 5172 3463 5211 omnem
3504 5155 3653 5211 aufe-

2071 5267 2192 5307 rens
2221 5252 2273 5306 in
2302 5252 2499 5306 Christi
2527 5267 2717 5306 manus
2749 5267 2844 5320 per
2872 5265 3134 5322 pauperes
3156 5263 3356 5318 repone
3388 5265 3401 5301 :
3432 5247 3522 5300 ille
3553 5247 3647 5300 tibi

2068 5353 2288 5398 cunctas
2331 5332 2596 5398 custodiet
2642 5342 2887 5409 divitias,
2938 5350 3214 5410 postquam
3263 5352 3458 5406 corpus
3501 5345 3650 5394 tuum

2069 5436 2235 5490 multa
2264 5451 2384 5490 cum
2413 5436 2655 5491 claritate
2681 5435 3100 5500 resuscitaverit,
3134 5443 3257 5488 tunc
3279 5432 3370 5486 tibi
3403 5432 3651 5489 meliores

2069 5529 2436 5596 circumponet
2481 5526 2691 5582 divitias
2735 5538 2789 5581 et
2831 5534 3073 5580 ornatum
3120 5524 3410 5593 majorem,
3453 5525 3650 5594 quippe

2068 5635 2189 5675 cum
2220 5621 2289 5674 sit
2319 5620 2404 5675 hic
2429 5636 2664 5690 praesens
2689 5621 2806 5674 vilis
2834 5627 2889 5672 et
2910 5619 3181 5673 ridiculus.
3213 5616 3395 5688 Cogita
3421 5633 3652 5688 namque

2069 5712 2264 5782 quibus
2290 5712 2368 5767 vis
2399 5713 2633 5782 placere,
2662 5721 2715 5767 et
2743 5719 2960 5780 propter
3003 5724 3136 5781 quos
3173 5709 3315 5764 hunc
3354 5710 3529 5765 induis
3555 5724 3647 5761 or-

2071 5811 2273 5873 natum,
2301 5813 2358 5860 ut
2389 5803 2628 5860 funarius
2653 5813 2704 5860 et
2741 5803 3060 5860 wrariusct.
3081 5803 3290 5859 institor
3319 5802 3646 5856 admirentur
