3896 6230
322 318 426 373 επο

319 441 612 504 conpleat:
637 448 844 494 :anaon
869 433 1272 492 confumlerisct
1293 433 1560 487 erubescis
1592 440 1642 486 te
1679 430 1784 485 illis
1821 447 1912 484 os-

323 540 556 595 ieutuns,
590 538 646 586 et
679 543 816 601 quos
842 543 941 584 nec
979 525 1338 598 appellatione
1363 533 1453 580 tua
1479 525 1670 597 dignos
1695 539 1899 590 censes,

325 631 541 688 promer
564 621 662 674 hos
688 620 866 676 omnia
894 617 1129 672 faciens?

405 712 564 766 Verba
599 712 653 766 in
675 713 919 781 baptismo
943 710 1163 781 prolata.
1189 739 1263 752 —
1283 709 1562 777 Quomodo
1592 710 1750 781 igitur
1771 707 1908 763 hanc

318 819 532 858 omnem
561 802 850 858 vanitatem
886 799 1199 856 deridebis?
1225 799 1282 856 Si
1312 802 1456 856 vocis
1488 801 1629 855 illius
1654 799 1908 854 recorde-

321 899 414 962 ris,
443 911 598 966 quam
622 894 746 948 dum
771 893 936 948 sacris
971 894 1274 963 initiareris,
1303 895 1526 950 emisisti
1575 912 1588 950 :
1621 895 1907 950 Abrenun-

321 989 392 1041 tio
417 987 529 1049 tibi,
571 993 776 1052 satana,
822 993 876 1040 et
906 1000 1113 1056 pompa:
1155 997 1257 1041 tua:
1296 996 1350 1041 et
1393 987 1554 1041 cultui
1598 994 1688 1040 tuo
1718 1003 1731 1040 :
1764 986 1902 1040 circa

318 1077 718 1147 margaritarum
753 1077 896 1132 enim
925 1077 1127 1132 cultum
1172 1079 1374 1133 insania
1403 1087 1486 1134 est
1522 1092 1716 1148 pompa
1760 1087 1904 1132 sata-

318 1171 456 1225 nica.
488 1171 686 1223 Aurum
715 1169 858 1224 enim
887 1171 1094 1240 cepisti,
1119 1188 1224 1226 non
1251 1181 1308 1225 ut
1331 1187 1525 1242 corpus
1559 1172 1782 1233 vincias,
1811 1171 1903 1225 sed

321 1271 379 1320 ut
409 1278 670 1333 pauperes
697 1265 878 1320 solvas
903 1272 957 1319 et
983 1267 1239 1319 enutrias.
1276 1267 1366 1319 Dic
1390 1265 1548 1334 igitur
1573 1263 1901 1335 frequenter,

319 1357 651 1412 Abrenuntio
708 1357 822 1424 tibi,
885 1358 1264 1412 satanaznihil
1305 1358 1404 1413 hac
1453 1357 1614 1412 tutius
1654 1371 1806 1422 voce,
1860 1356 1904 1410 si

316 1448 483 1518 ipsam
506 1465 601 1520 per
625 1464 785 1518 opera
813 1448 1179 1504 exhibeamus.

389 1541 445 1595 5.
479 1541 623 1594 llanc
652 1551 704 1595 et
735 1556 828 1593 vus
857 1541 1095 1596 initiandi
1153 1552 1205 1595 ut
1227 1542 1461 1609 discatis,
1494 1544 1716 1598 obsecro
1745 1561 1757 1597 :
1790 1543 1905 1599 htcc

316 1633 458 1686 enim
486 1648 586 1686 vox
613 1631 996 1688 confmderatio
1021 1649 1141 1687 cum
1166 1634 1398 1688 Domino
1421 1643 1522 1688 est.
1553 1634 1620 1688 Et
1643 1635 1778 1689 sicut
1804 1649 1904 1688 nos

325 1737 512 1778 servos
537 1732 794 1791 eruentes,
821 1724 964 1794 ipsos
993 1725 1081 1796 qui
1104 1724 1422 1793 venduntur,
1445 1726 1590 1793 prius
1608 1726 1904 1796 interroga-

320 1829 441 1868 mus
469 1831 538 1869 an
564 1815 718 1870 nobis
764 1815 966 1872 servire
1020 1817 1186 1872 velint
1214 1834 1229 1870 :
1260 1817 1332 1872 ita
1365 1817 1488 1871 facit
1539 1829 1594 1872 et
1629 1816 1901 1883 Christus;

317 1905 528 1974 quando
548 1906 707 1962 debet
737 1915 787 1961 te
813 1907 866 1962 in
896 1908 1206 1963 servitutem
1233 1923 1447 1977 capere,
1479 1909 1626 1978 prius
1668 1909 1900 1964 interro-

317 2008 406 2068 gat
434 2014 502 2053 an
545 1998 677 2054 velis
726 1999 873 2053 illum
915 1999 1186 2055 crudelem
1231 2008 1512 2070 tyrannum
1551 1999 1818 2055 dimittere
1854 2009 1908 2055 et

318 2091 581 2146 immitem
608 2132 623 2157 ,
674 2099 727 2145 et
772 2089 838 2145 ad
890 2090 1094 2146 foedera
1138 2091 1396 2159 suscipit:
1456 2105 1559 2145 non
1599 2091 1739 2146 enim
1778 2105 1906 2145 coa-

317 2192 462 2234 ctum
489 2190 573 2236 est
606 2182 774 2250 ipsius
801 2182 1100 2252 imperium.
1135 2181 1201 2236 Et
1241 2182 1361 2237 vide
1392 2181 1485 2236 Dei
1503 2182 1902 2252 benignitatem.

319 2270 430 2328 Nos
458 2288 649 2344 nempe
697 2275 1004 2345 priusquam
1049 2276 1280 2345 pretium
1326 2291 1628 2346 erogemus,
1672 2277 1908 2331 interro-

317 2380 504 2435 gamus
546 2383 641 2423 eos
682 2370 770 2438 qui
820 2370 1142 2437 vendunlur,
1178 2381 1231 2425 et
1264 2385 1386 2425 eum
1428 2369 1770 2426 didicerimus
1812 2385 1907 2426 eos

319 2457 477 2523 velle,
530 2466 654 2512 tunc
698 2461 925 2528 pretium
967 2476 1268 2527 erogamus.
1297 2460 1541 2516 Christus
1586 2470 1762 2515 autem
1799 2477 1906 2516 non

319 2547 420 2613 ita;
453 2564 638 2602 verum
679 2558 733 2604 et
770 2551 995 2619 pretium
1041 2552 1280 2620 erogavit
1315 2565 1410 2618 pro
1461 2551 1706 2606 omnibus
1753 2552 1908 2607 nobis

322 2641 611 2708 pretiosum
662 2642 971 2711 sanguinem
1027 2658 1180 2697 suum
1225 2660 1239 2696 :
1289 2641 1463 2697 Pretio
1505 2645 1668 2710 enim,
1714 2646 1902 2716 inquit,

323 2735 479 2802 empti
517 2735 630 2788 estis
657 2735 744 2806 (1.
776 2734 892 2789 Cor.
918 2735 969 2789 7.
1001 2735 1072 2790 25
1099 2735 1118 2806 )
1149 2752 1160 2788 :
1191 2742 1246 2790 et
1287 2745 1462 2790 tamen
1483 2751 1653 2805 neque
1675 2736 1751 2792 sic
1767 2738 1907 2808 cogit

317 2826 418 2879 sibi
447 2827 648 2880 servire
669 2827 934 2892 nolentes,
967 2827 1061 2882 sed
1089 2827 1189 2881 nisi
1221 2827 1444 2896 gratiam
1473 2827 1668 2882 habeas
1699 2838 1750 2881 et
1779 2843 1809 2881 a
1852 2838 1904 2884 te

321 2917 439 2984 ipso
457 2925 511 2970 et
531 2925 720 2986 sponte
747 2918 862 2987 ejus
889 2917 1020 2972 velis
1045 2916 1338 2972 dominatui
1359 2915 1902 2988 adseribi,Noncogo,

319 3008 508 3078 inquit,
537 3024 708 3078 neque
736 3009 1018 3080 compello.
1044 3010 1111 3064 Et
1138 3023 1234 3063 nos
1264 3007 1478 3079 quidem
1501 3008 1772 3078 improbos
1789 3024 1906 3065 ser-

318 3111 414 3152 vos
450 3113 516 3153 ne
559 3100 784 3154 emimus
833 3100 1086 3170 quidem:
1116 3099 1258 3170 quod
1305 3099 1350 3155 si
1384 3099 1598 3170 quando
1641 3115 1901 3166 emamus,

321 3205 484 3258 pravo
522 3191 746 3247 consilio
777 3193 882 3248 tale
911 3193 1138 3264 pretium
1168 3207 1488 3264 erogamus:
1528 3191 1771 3246 Christus
1813 3207 1906 3246 au-

321 3290 426 3335 tem
454 3281 687 3352 ingratos
711 3297 896 3340 emens
935 3298 1120 3340 servos
1141 3283 1371 3354 iniquos,
1401 3283 1585 3353 optimi
1612 3285 1750 3338 servi
1782 3298 1906 3352 pre-

301 3372 448 3427 ‘tium
477 3374 715 3444 erogavit
741 3393 754 3429 :
785 3375 890 3431 imo
916 3391 1044 3430 vero
1067 3377 1231 3430 multo
1259 3375 1449 3446 majus,
1472 3390 1535 3430 ac
1560 3384 1707 3431 tanto
1735 3375 1907 3446 majus

320 3474 377 3517 ut
405 3480 577 3535 neque
614 3467 749 3521 ratio
775 3481 947 3537 neque
985 3483 1139 3523 mens
1178 3468 1342 3537 ipsius
1371 3467 1782 3536 magnitudinem
1813 3483 1904 3522 ca-

323 3555 476 3623 piat:
507 3570 612 3610 non
637 3558 776 3611 enim
817 3559 1006 3613 cadum
1034 3568 1087 3613 et
1117 3568 1311 3614 terrain
1358 3567 1411 3613 et
1437 3574 1582 3614 mare
1617 3559 1770 3623 dans,
1809 3560 1904 3614 sed
1950 3635 1953 3637 _

329 3648 576 3704 omnibus
601 3647 684 3701 bis
705 3649 1069 3718 pretiosiorem
1091 3651 1398 3719 sanguinem
1427 3665 1578 3704 suum
1604 3649 1902 3716 effundens,

323 3740 395 3793 ita
411 3752 510 3793 nos
526 3739 787 3794 redemit:
813 3749 866 3794 et
893 3748 1010 3809 post
1025 3740 1138 3795 hazc
1153 3740 1326 3794 omnia
1352 3755 1457 3795 non
1486 3749 1644 3796 testes
1669 3757 1698 3794 a
1727 3743 1901 3810 nobis,

324 3845 431 3886 non
461 3829 808 3900 chirographa
832 3831 1022 3903 exigit,
1052 3831 1144 3887 sed
1169 3832 1280 3886 sola
1313 3841 1594 3888 contentus
1622 3842 1707 3888 est
1734 3848 1864 3888 voce
1888 3851 1902 3888 :

322 3923 440 3978 etsi
459 3922 604 3978 dicas
625 3939 688 3978 ex
711 3923 890 3990 corde,
916 3924 1246 3979 Abrenuntio
1268 3924 1381 3991 tibi,
1403 3932 1606 3990 satana,
1629 3933 1682 3980 et
1697 3940 1906 3995 pompa:

322 4026 457 4086 tua),
489 4025 660 4074 totum
688 4017 909 4086 recepit.
945 4016 1055 4072 Hoc
1085 4018 1245 4087 igitur
1273 4016 1509 4072 dicamus
1529 4058 1544 4083 ,
1573 4017 1906 4074 Abrenuntio

321 4109 438 4170 tibi,
463 4117 646 4164 satana
672 4126 684 4161 :
717 4119 981 4184 tamquam
1010 4108 1059 4162 in
1085 4109 1170 4162 illa
1195 4108 1282 4164 die
1303 4108 1457 4180 hujus
1477 4109 1623 4163 vocis
1645 4110 1904 4164 rationem

321 4198 602 4265 reddituri,
629 4206 683 4253 et
712 4199 878 4268 ipsam
902 4199 1281 4264 custodiamus,
1312 4209 1371 4254 ut
1399 4201 1604 4254 salvum
1633 4210 1758 4254 tunc
1779 4201 1904 4254 red-

321 4289 511 4346 damus
541 4289 860 4360 depositum.
886 4291 1084 4360 Pompa
1111 4305 1237 4344 vero
1263 4291 1496 4346 satanica
1524 4299 1646 4344 sunt
1667 4290 1868 4346 theatra
1887 4332 1900 4358 ,

323 4384 612 4449 circenses,
661 4391 715 4437 et
761 4397 924 4439 omne
965 4393 1270 4454 peccatum,
1314 4383 1522 4438 dierum
1567 4382 1897 4448 observatio,

324 4475 628 4546 prmstigiae,
647 4483 702 4530 et
716 4473 914 4528 omina.

394 4566 647 4622 Adversus
677 4567 1047 4622 omium—Et
1087 4567 1211 4635 quid
1253 4565 1464 4621 tandem
1513 4573 1638 4620 sunt
1687 4566 1904 4620 omina?

321 4657 475 4728 Smpc
503 4659 662 4713 domo
701 4660 819 4729 quis
846 4676 941 4714 sua
972 4673 1218 4729 egressus
1245 4657 1513 4713 hominem
1541 4657 1672 4712 vidit
1698 4675 1900 4713 unocu-

321 4750 464 4814 lum,
513 4749 600 4803 vel
639 4749 1057 4816 claudicantcm,
1106 4759 1161 4804 et
1203 4750 1468 4803 ominatus
1511 4756 1613 4803 est.
1658 4749 1779 4804 llaec
1821 4758 1904 4804 cst

321 4855 511 4908 pompa
541 4841 774 4895 satanica
806 4859 817 4894 :
849 4858 952 4896 non
977 4841 1118 4896 enim
1165 4841 1390 4896 hominis
1421 4855 1674 4896 occursus
1709 4841 1902 4894 malum

323 4931 445 4986 facit
469 4930 633 4996 diem,
662 4933 754 4987 sed
785 4932 838 4986 in
869 4934 1098 5002 peccatis
1131 4934 1326 4987 vivere.
1350 4931 1482 4988 Cum
1507 4933 1665 5002 igitur
1685 4932 1900 4996 exieris,

322 5039 484 5078 unum
528 5023 686 5078 modo
724 5039 871 5088 cave,
913 5041 979 5080 ne
1023 5035 1267 5080 occurrat
1311 5025 1406 5080 tibi
1447 5035 1718 5094 peccatum
1752 5042 1764 5078 :
1805 5025 1904 5079 hoc

318 5118 460 5171 enim
487 5117 733 5187 estquod
763 5117 1088 5188 supplantat,
1127 5128 1320 5188 prater
1359 5117 1462 5172 hoc
1498 5133 1626 5172 vero
1656 5133 1754 5172 nec
1790 5118 1902 5186 ipse

319 5209 560 5264 diabolus
603 5224 703 5264 nos
747 5209 1012 5280 quidpiam
1063 5210 1256 5264 lcedere
1312 5210 1524 5278 poterit.
1565 5208 1702 5276 Quid
1737 5209 1903 5262 dicis?

319 5299 590 5356 hominem
637 5303 842 5368 cernis,
889 5310 944 5355 et
982 5301 1264 5366 ominaris,
1294 5316 1393 5356 nec
1436 5301 1612 5356 cernis
1654 5300 1898 5368 laqueum

321 5391 644 5447 diabolieum
666 5392 716 5459 ¹,
748 5392 1015 5463 quomodo
1039 5401 1090 5446 te
1118 5393 1212 5458 illi,
1245 5394 1332 5462 qui
1362 5402 1412 5448 te
1442 5392 1582 5446 nulla
1619 5391 1792 5445 aliccit
1824 5390 1904 5444 in-

315 5482 478 5550 juria,
508 5484 680 5540 reddit
710 5486 1017 5540 inimicum?
1043 5486 1307 5556 quomodo
1345 5495 1396 5540 te
1435 5485 1587 5540 fratri
1626 5485 1901 5540 constituit

320 5573 683 5650 adversarium
703 5593 766 5632 ex
789 5579 928 5632 nulla
946 5578 1088 5649 justa
1110 5578 1420 5633 occasione?
1441 5577 1506 5632 Et
1531 5579 1667 5631 Deus
1684 5575 1898 5645 quidem

319 5669 404 5722 vel
433 5667 677 5723 inimicos
700 5684 881 5726 amare
907 5670 1207 5740 nosjussit'
1242 5676 1297 5724 tu
1317 5677 1492 5724 autem
1523 5667 1595 5722 nil
1625 5667 1906 5724 laedentem

321 5760 608 5824 aversaris,
636 5760 705 5813 nil
733 5760 1089 5816 accusandum
1121 5761 1342 5825 habens,
1371 5775 1469 5816 nec
1490 5760 1710 5831 cogitas,
1735 5774 1908 5830 quan-

324 5863 404 5904 tus
435 5852 595 5920 risus,
627 5862 879 5921 quantum
913 5853 1161 5920 dedecus,
1193 5855 1299 5908 imo
1327 5870 1452 5909 vero
1482 5862 1734 5922 quantum
1766 5852 1907 5922 peri-

1066 317 1120 372 S.
1164 319 1349 373 JOAN.
1393 321 1764 376 ClllRYSOST.
1809 322 2126 379 ARClllEP.
2167 321 2695 385 CONSTANTINOP.

3492 333 3609 389 9.ίο

2005 427 2221 486 culum?
2265 433 2518 490 Dicamne
2568 443 2622 490 et
2665 438 2806 491 aliud
2855 437 3232 498 ridiculosius?
3282 442 3601 502 Confumlor

2005 538 2198 595 nempe
2224 536 2278 581 et
2319 529 2597 594 erubesco,
2625 528 2722 584 sed
2765 545 2928 602 cogor
2969 545 3187 603 propter
3231 536 3458 592 salutem
3493 554 3597 595 ve-

2004 623 2168 670 stram
2192 617 2389 672 dicere.
2421 619 2474 673 Si
2494 619 2666 690 virgo,
2690 620 2882 691 inquit,
2905 626 3224 692 occurrerit,
3253 629 3452 683 sterilis
3473 629 3598 684 dies

2003 708 2136 772 erit;
2185 710 2229 763 si
2278 726 2404 765 vero
2451 714 2726 781 meretrix,
2776 714 3003 772 dextera
3042 727 3098 773 et
3142 717 3302 786 bona,
3333 729 3386 776 et
3425 721 3594 776 multa

2003 803 2331 856 mercatione
2359 803 2532 873 plena.
2560 805 2935 876 Occultamini,
2962 818 3013 863 et
3042 808 3267 866 frontem
3289 815 3591 881 percutitis,

2001 902 2053 947 et
2083 893 2146 947 ad
2176 904 2368 948 terram
2397 895 2664 950 inclinatis
2697 915 2710 950 :
2743 897 2838 952 sed
2867 915 2970 952 non
3001 917 3142 956 nunc
3181 901 3307 956 dum
3335 903 3596 958 dicuntur

2002 984 2180 1047 verba,
2210 985 2302 1038 sed
2325 1000 2444 1039 cum
2478 987 2607 1040 ﬁunt
2633 1002 2816 1056 opera,
2846 989 3264 1046 erubescendum
3294 1002 3429 1048 erat.
3454 994 3590 1050 Vide

2003 1089 2196 1143 nempe
2225 1075 2488 1145 quomodo
2519 1085 2570 1130 et
2601 1077 2688 1130 hic
2714 1077 2955 1134 diabolus
2981 1079 3160 1134 dolum
3192 1082 3500 1149 abscondit,
3537 1093 3594 1138 ut

2000 1167 2300 1221 modestam
2333 1167 2545 1238 quidem
2587 1184 2928 1238 aversemur,
2966 1172 3284 1241 impudicam
3315 1190 3441 1230 vero
3468 1191 3595 1245 gra-

2003 1267 2107 1312 tam
2159 1259 2449 1314 habeamus
2488 1269 2543 1316 et
2589 1277 2851 1317 amemus.
2899 1263 3160 1331 Quoniam
3207 1266 3350 1321 enim
3389 1267 3596 1322 audivit

2000 1349 2272 1405 Christum
2319 1353 2610 1417 dicentem,
2650 1353 2752 1420 Qui
2789 1355 2967 1422 aspicit
3001 1356 3263 1412 mulierem
3302 1357 3370 1410 ad
3403 1375 3594 1413 concu-

1959 1456 1965 1464 '
2002 1441 2311 1509 piscendum,
2323 1443 2436 1512 jam
2458 1443 2733 1498 mazclzatus
2750 1453 2823 1499 est
2834 1461 2943 1499 eam
2961 1445 3166 1518 (Matth.
3188 1449 3240 1504 5.
3258 1447 3372 1518 28),
3387 1458 3442 1504 et
3458 1450 3595 1504 vidit

2001 1532 2196 1587 multos
2247 1532 2517 1588 lasciviam
2557 1535 2793 1601 vincere,
2823 1535 3007 1591 volens
3035 1554 3245 1592 rursum
3288 1556 3382 1609 per
3427 1541 3592 1595 aliam

2002 1625 2140 1678 viam
2171 1625 2315 1693 ipsos
2346 1625 2398 1679 in
2429 1635 2706 1696 peccatum
2739 1627 3032 1696 impellere,
3055 1645 3150 1698 per
3169 1629 3304 1684 hanc
3328 1630 3588 1685 observa-

2005 1717 2203 1772 tionem
2232 1718 2521 1774 meritoriis
2538 1718 2850 1774 mulieribus
2868 1719 3098 1776 libenter
3117 1721 3298 1776 oculos
3315 1721 3594 1778 intendere

2004 1809 2290 1877 persuasit.

2075 1897 2243 1956 λΕτεα
2271 1901 2550 1956 Alexandri
2583 1902 2660 1958 Η.
2705 1906 3011 1959 numismata
3053 1907 3394 1977 superstitiose
3421 1924 3578 1962 usur-

2005 2004 2142 2066 pata.
2164 2026 2232 2037 —-
2263 1995 2399 2064 Quid
2428 2013 2556 2052 vero
2580 1998 2785 2054 diceret
2812 1999 3006 2070 aliquis
3043 1999 3111 2054 de
3151 2000 3234 2064 iis,
3263 2001 3351 2069 qui
3382 2001 3587 2055 carmi-

2003 2087 2160 2141 nibus
2197 2095 2251 2141 et
2290 2087 2528 2156 ligaturis
2587 2098 2824 2158 utuntur,
2882 2097 2938 2144 et
2986 2089 3053 2144 de
3105 2089 3595 2161 circumligantibus

2003 2194 2144 2234 terea
2173 2180 2461 2238 Alexandri
2487 2181 2788 2238 Macedonis
2815 2182 3130 2236 numismata
3151 2183 3306 2254 capiti
3327 2184 3411 2238 vel
3443 2183 3594 2254 pedi-

2003 2271 2144 2326 bus?
2171 2272 2266 2327 Dic
2293 2275 2445 2340 mihi,
2475 2289 2542 2328 an
2571 2274 2656 2328 hae
2680 2283 2804 2328 sunt
2823 2275 3251 2343 exspectationes
3281 2285 3500 2340 nostrae,
3535 2283 3595 2329 ut

2006 2371 2128 2434 post
2156 2379 2370 2419 crucem
2400 2374 2454 2420 et
2479 2375 2706 2420 mortem
2739 2366 3068 2419 Dominicam
3115 2365 3166 2420 in
3208 2366 3418 2436 gentilis
3449 2365 3594 2435 regis

2005 2455 2236 2525 imagine
2263 2472 2413 2527 spem
2443 2457 2632 2511 salutis
2660 2456 2990 2511 habeamus?
3008 2455 3226 2526 ignoras
3246 2465 3440 2526 quanta
3459 2471 3592 2510 crux

2005 2547 2272 2617 perfecit?
2305 2557 2530 2603 mortem
2561 2547 2846 2614 dissolvit,
2880 2556 3158 2617 peccatum
3187 2547 3440 2602 exstinxit
3465 2589 3479 2613 ,
3508 2563 3594 2603 or-

2005 2655 2124 2696 cum
2153 2641 2364 2696 inanem
2395 2640 2647 2709 reddidit,
2677 2639 2886 2695 diaboli
2912 2640 3067 2695 solvit
3093 2641 3378 2710 potentiam
3400 2683 3413 2705 ,
3444 2649 3499 2696 et
3523 2641 3592 2695 ad

2005 2733 2248 2803 corporis
2277 2733 2558 2788 sanitatem
2604 2731 2959 2803 prtestandam
3005 2749 3110 2786 non
3143 2742 3224 2788 est
3256 2732 3356 2787 fide
3382 2733 3543 2803 digna
3571 2737 3596 2786 ’ρ

2005 2832 2175 2879 totum
2205 2823 2392 2877 orbem
2416 2824 2782 2890 exsuscitavit,
2813 2832 2868 2878 et
2895 2834 2948 2877 tu
2978 2824 3032 2877 in
3059 2824 3176 2892 ipsa
3204 2839 3309 2878 non
3340 2823 3594 2878 conﬁdis?

2007 2917 2211 2987 etquid
2240 2917 2347 2986 pati
2377 2916 2570 2986 dignus
2623 2931 2730 2970 non
2774 2914 2982 2972 fueris?
3026 2915 3140 2970 Non
3185 2916 3436 2986 ligaturas
3461 2930 3594 2971 vero

2006 3020 2207 3066 tantum
2232 3052 2248 3078 ,
2275 3011 2369 3067 sed
2405 3011 2566 3066 etiam
2595 3018 3007 3065 excantamenta
3057 3009 3150 3064 tibi
3198 3009 3589 3072 circumducis,

2004 3103 2208 3159 vetulas
2235 3101 2410 3159 ebrias
2432 3111 2485 3158 et
2511 3102 2796 3157 titubantes
2822 3101 3036 3156 domum
3065 3099 3268 3156 ducens
3298 3118 3314 3155 :
3342 3116 3442 3156 nec
3462 3115 3595 3155 con-

2005 3193 2270 3260 fundcris,
2305 3207 2406 3248 nec
2435 3193 2728 3258 erubescis,
2762 3203 2884 3262 post
2913 3201 3112 3245 tantam
3164 3191 3231 3246 ad
3275 3192 3388 3246 hare
3427 3192 3594 3261 trepi-

2006 3284 2141 3340 dans
2169 3284 2502 3355 disciplinam
2529 3292 2620 3340 :et
2647 3283 2788 3354 quod
2811 3283 3023 3354 gravius
3046 3290 3128 3336 est
3151 3296 3355 3349 errore,
3374 3283 3592 3352 quando

2008 3376 2125 3432 hmc
2151 3375 2502 3431 admonemus
2537 3383 2593 3430 et
2622 3373 2993 3432 dissuademus
3018 3416 3033 3440 ,
3065 3382 3315 3443 putantes
3339 3389 3399 3428 se
3427 3389 3593 3429 excu-

2006 3471 2134 3538 sari,
2158 3469 2361 3536 dicunt,
2389 3468 2687 3523 Christiana
2718 3477 2800 3522 est
2823 3467 3016 3521 mulier
3046 3465 3159 3521 haec
3196 3473 3505 3531 excantans,
3535 3476 3592 3521 et

2007 3560 2138 3616 nihil
2177 3559 2316 3614 aliud
2371 3560 2644 3629 loquitur,
2676 3573 2835 3629 quam
2877 3558 2970 3612 Dei
3027 3572 3242 3612 nomen.
3297 3556 3590 3626 Propterea

2009 3666 2238 3721 namque
2269 3649 2606 3720 potissimum
2640 3648 2809 3719 ipsam
2842 3647 2932 3702 odi
2985 3653 3042 3701 et
3079 3661 3310 3711 aversor,
3328 3647 3468 3714 quod
3497 3647 3589 3702 Dei

2008 3743 2224 3798 nomine
2250 3742 2315 3797 ad
2337 3741 2714 3796 contumeliam
2745 3747 2951 3806 utatur,
2981 3738 3123 3808 quod
3156 3755 3216 3794 se
3241 3739 3429 3794 dicens
3469 3755 3594 3794 esse

2007 3834 2381 3901 Christianam,
2425 3833 2700 3904 gentilium
2747 3845 2910 3901 opera
2939 3830 3095 3884 faciat
3122 3848 3135 3883 :
3163 3831 3360 3885 etenim
3390 3838 3445 3885 et
3475 3829 3589 3884 dae-

2007 3941 2193 3981 mones
2225 3926 2316 3980 Dei
2342 3940 2534 3980 nomen
2566 3922 2926 3994 proferebant,
2967 3922 3060 3978 sed
3095 3933 3268 3976 tamen
3295 3929 3454 3976 erant
3482 3920 3594 3974 da:-

2007 4034 2215 4084 mones,
2235 4027 2288 4074 et
2319 4019 2390 4073 ita
2419 4017 2634 4072 Christo
2667 4016 2914 4072 dicebant
2947 4034 2960 4070 :
3007 4015 3209 4070 Scimus
3249 4024 3334 4083 te,
3362 4015 3449 4086 qui
3498 4016 3591 4082 sis,

2007 4121 2209 4165 sanctus
2239 4110 2335 4164 Dei
2370 4109 2559 4182 (Marc.
2591 4110 2640 4164 1.
2669 4107 2762 4182 2t)
2801 4127 2812 4163 :
2843 4119 2896 4164 et
2919 4118 3094 4164 tamen
3125 4110 3266 4178 ipsos
3294 4109 3595 4178 increpavit

2007 4214 2059 4259 ct
2097 4203 2274 4275 ejecit.
2299 4203 2587 4272 Propterea
2617 4203 2812 4272 quippe
2837 4200 2988 4256 vobis
3014 4200 3253 4270 supplico
3274 4240 3294 4268 ,
3322 4208 3381 4255 ut
3401 4200 3468 4254 ab
3492 4198 3593 4256 hac

2006 4297 2123 4351 sitis
2152 4297 2354 4350 fallacia
2394 4294 2511 4364 puri
2536 4337 2550 4362 ,
2576 4303 2632 4350 et
2658 4303 2923 4364 tamquam
2952 4291 3200 4346 baculum
3235 4293 3338 4346 hoc
3367 4290 3589 4347 verbum

2008 4388 2267 4443 habeatis.
2298 4386 2365 4441 Et
2407 4387 2544 4442 sicut
2581 4387 2698 4442 sine
2736 4383 3108 4439 calceamentis
3145 4381 3228 4437 vel
3258 4383 3591 4438 vestimentis

2008 4489 2242 4538 vestrum
2274 4493 2434 4534 nemo
2476 4478 2528 4532 in
2569 4477 2743 4533 forum
2782 4473 3114 4531 descendere
3141 4474 3338 4530 vellet:
3372 4475 3442 4530 ita
3473 4475 3593 4530 sine

2006 4573 2170 4629 verbo
2199 4572 2300 4625 hoc
2337 4584 2623 4639 numquam
2675 4568 2730 4622 in
2771 4565 2944 4622 forum
2974 4566 3226 4636 prodeas,
3257 4566 3350 4620 sed
3381 4582 3504 4622 cum
3531 4582 3592 4621 es

2002 4664 2180 4734 januce
2228 4661 2489 4717 vestibula
2530 4669 2957 4729 tranSgressurus
2981 4697 2997 4722 ,
3040 4655 3143 4712 hoc
3183 4657 3330 4727 prius
3371 4657 3593 4727 loquere

2008 4757 2250 4818 verbum,
2297 4753 2626 4809 Abrcnuntio
2657 4751 2749 4806 tibi
2776 4792 2790 4815 ,
2823 4759 3008 4806 satana
3039 4791 3053 4815 ,
3081 4757 3134 4803 et
3161 4763 3368 4819 pompte
3398 4757 3501 4803 tua:
3537 4756 3592 4803 et

2008 4845 2168 4901 cultui
2199 4854 2288 4899 tuo
2310 4885 2326 4910 ,
2358 4854 2413 4899 et
2451 4842 2744 4912 conjungor
2771 4841 2902 4908 tibi,
2931 4840 3166 4895 Christe.
3207 4839 3286 4896 Ne
3335 4855 3592 4909 umquam

2009 4937 2207 5007 absque
2237 4935 2336 4990 hac
2363 4948 2493 4989 voce
2521 4947 2680 4988 exeas
2711 4949 2723 4985 :
2765 4931 2880 4986 haec
2906 4931 3009 4987 erit
3049 4931 3142 4985 tibi
3173 4929 3392 4986 baculus
3418 4971 3432 4996 ,
3477 4931 3592 4986 haec

2007 5038 2274 5086 armatura
2298 5068 2313 5093 ,
2346 5025 2460 5080 hmc
2483 5025 2642 5079 turris
2669 5023 3110 5094 inexpugnabilis.
3139 5021 3272 5077 Cum
3303 5023 3407 5076 hoc
3428 5023 3591 5076 verbo

2007 5129 2063 5177 et
2102 5135 2311 5175 crucem
2354 5118 2404 5170 in
2440 5115 2614 5172 fronte
2645 5115 2892 5184 imprime
2923 5132 2935 5166 :
2969 5115 3046 5167 sic
3076 5113 3218 5167 enim
3249 5128 3352 5166 non
3384 5121 3588 5165 tantum

2010 5213 2168 5268 homo
2188 5225 2492 5276 occurrens,
2519 5224 2704 5263 verum
2728 5223 2825 5262 nec
2843 5207 2956 5275 ipse
2975 5205 3214 5261 diabolus
3239 5215 3287 5260 te
3300 5206 3587 5274 quidquam

2010 5305 2204 5361 lmdere
2235 5304 2447 5373 poterit,
2479 5317 2598 5357 cum
2629 5301 2712 5355 bis
2740 5309 2790 5354 te
2816 5313 3042 5354 cernens
3069 5299 3231 5352 armis
3262 5299 3454 5368 ubique
3491 5313 3591 5366 ap-

2008 5405 2300 5468 parentem.
2335 5395 2400 5449 Et
2428 5394 2541 5448 htec
2571 5394 2793 5462 teipsum
2813 5393 2919 5461 jam
2952 5390 3075 5445 hinc
3102 5389 3252 5456 doce,
3283 5400 3340 5444 ut
3363 5406 3482 5444 cum
3514 5393 3589 5445 si-

2013 5503 2176 5557 gnum
2220 5486 2448 5556 ceperis,
2481 5484 2552 5540 sis
2597 5484 2747 5540 miles
2776 5489 3084 5553 paratus,et
3107 5493 3291 5537 contra
3318 5480 3590 5534 diabolum

2009 5586 2268 5646 tropteum
2324 5576 2532 5644 erigens
2557 5612 2574 5640 ,
2628 5572 2846 5642 iustitia:
2880 5583 3132 5624 coronam
3173 5567 3404 5636 accipias
3434 5580 3598 5634 quam

2017 5680 2114 5721 nos
2165 5681 2350 5721 onmes
2402 5663 2610 5733 assequi
2661 5662 2948 5731 contingat,
2977 5659 3140 5730 gratia
3180 5667 3234 5713 et
3273 5654 3600 5727 benignitate

2012 5757 2218 5812 Domini
2272 5757 2436 5810 nostri
2487 5754 2610 5809 Jesu
2657 5752 2874 5816 Cill‘iSli,
2911 5765 3031 5805 cum
3069 5747 3183 5819 quo
3235 5747 3377 5802 Patri
3424 5747 3592 5818 gloria

2012 5851 2168 5908 Simul
2187 5859 2238 5907 ct
2265 5856 2448 5905 sancto
2478 5844 2712 5916 Spiritui,
2734 5845 2785 5900 in
2816 5843 3008 5900 saecula
3038 5841 3368 5898 saeculorum.
3391 5843 3583 5894 Amen.
