3896 6230
216 287 329 342 259

218 400 484 474 ἐρυθριᾷς
526 402 755 468 ἐκείνοις
788 399 1224 472 ἐπιδεικνυμένη,
1253 400 1345 454 καὶ
1383 399 1475 464 οὓς
1534 397 1655 451 ούδέ
1702 395 1886 461 ἀξίους

222 485 368 543 εῖναι
393 489 634 563 νομίζεις
653 492 749 562 τῆς
776 492 876 563 σῇς
902 490 1279 561 προσρήσεως,
1308 486 1396 540 διά
1424 485 1645 549 τούτους
1674 484 1889 538 ἅπαντα

220 578 456 633 ποιοῦσα
468 619 484 644 ,

296 665 424 730 Πῶς
471 661 565 720 οὗν
613 665 1006 735 καταγελάσεις
1051 664 1150 733 τῆς
1197 663 1494 732 φαντασίας
1522 660 1757 731 ταύτης;
1792 659 1893 711 Ἂν

221 753 688 826 ἀναμνησθῇςτῆς
712 753 894 823 φωνῆς
920 752 1153 821 ἐκείνης,
1172 751 1239 820 ἦν
1259 751 1477 820 ἀφῆκας
1501 762 1889 819 μυσταγωγου-

225 844 386 916 μένηο
425 840 827 911 Ἀποτὰσσομαί
860 858 961 904 σοι,
988 841 1221 903 Σατανᾶ,
1247 840 1342 891 καὶ
1367 841 1429 909 τῇ
1459 840 1648 908 πομπῇ
1680 852 1771 888 σου
1795 834 1891 888 καὶ

217 931 291 1001 τῇ
323 929 550 1001 λατρεία
583 945 676 981 σου
700 944 713 959 ⁸
741 929 773 999 ή
811 926 920 999 γὰρ
954 927 1082 998 περὶ
1107 926 1197 979 τὸν
1231 925 1437 995 κόσμον
1475 925 1582 977 τῶν
1616 938 1892 994 μαργαρι-

217 1019 332 1072 τῶν
368 1017 534 1088 μανία
577 1015 769 1085 πομπὴ
813 1014 1075 1084 σατανική
1104 1014 1243 1066 ἐστι.
1270 1010 1506 1083 Χρυσίον
1539 1010 1646 1081 γάρ
1675 1007 1889 1072 ἔλαϐες,

216 1106 320 1175 οὐχ
354 1105 441 1157 ῖνα
494 1103 557 1157 τὸ
608 1101 769 1172 σῶμα
801 1102 1135 1172 καταδήσῃς,
1187 1100 1302 1153 ἀλλ’
1339 1100 1428 1153 ἴνα
1473 1100 1600 1162 τοὺς
1651 1099 1890 1168 πένητας

215 1193 390 1265 λύσῃς
420 1192 515 1246 καὶ
538 1191 851 1264 διαθρέψῃς.
888 1189 1030 1257 Λέγε
1051 1188 1232 1242 τοίνυν
1261 1187 1517 1257 συνεχῶς
1563 1185 1889 1239 Ἀποτάσσοο

217 1280 324 1351 μαί
353 1297 455 1341 σοι,
486 1280 732 1331 Σατανᾶ’
765 1275 916 1330 οὐδὲν
959 1275 1163 1346 ταύτης
1217 1275 1620 1346 ἀσφαλέστερον
1644 1274 1742 1346 τῆς
1777 1289 1889 1344 φω-

213 1368 338 1440 νῆς,
375 1369 422 1420 εί
455 1367 543 1420 διά
561 1365 669 1419 τῶν
690 1365 866 1437 ἔργων
890 1364 1057 1435 αὐτὴν
1092 1362 1493 1434 ἐπιδειξόμεθα.

275 1461 349 1509 ιε’.
392 1452 608 1523 Ταύτην
644 1455 740 1506 καὶ
770 1453 914 1522 ὑμᾶς
937 1453 1063 1515 τοὺς
1095 1449 1566 1522 μυσταγωγεῖσθαι
1592 1447 1888 1519 μέλλοντας

218 1541 418 1614 μαθεῖν
451 1540 617 1608 ἀξιῶ·
678 1539 816 1610 αῦτη
873 1539 984 1610 γὰρ
1040 1539 1273 1610 ήκφωνὴ
1321 1538 1562 1608 συνθήκη
1608 1536 1744 1607 πρὸς
1794 1535 1889 1588 τὸν

209 1631 499 1700 Δεσπότην
544 1629 679 1682 ἐστί.
713 1627 823 1683 Kal
857 1627 1108 1698 καθάπερ
1140 1628 1302 1696 ἡμεῖς
1335 1625 1553 1686 οἰκέτας
1589 1622 1886 1695 ἀγοράζον-

210 1736 332 1781 τες,
363 1719 558 1781 αὑτοὺς
586 1718 712 1778 τοὺς
736 1714 1118 1785 πωλουμένους
1149 1714 1413 1783 πρότερον
1452 1711 1744 1781 ἐρωτῶμεν
1764 1726 1807 1774 ι,
1837 1711 1889 1763 εί

215 1809 500 1879 βούλονται
541 1808 671 1879 ἡμῖν
703 1803 1006 1868 δουλεῦσαι,
1057 1803 1199 1856 οὕτω
1241 1804 1333 1857 καὶ
1371 1804 1399 1856 6
1437 1802 1671 1873 Χριστὸς
1707 1804 1883 1855 ποιεῖ·

215 1897 409 1965 ἐπειδὴ
462 1894 647 1965 μέλλει
702 1911 761 1947 σε
821 1894 902 1958 εἰς
957 1892 1201 1946 δουλείαν
1258 1891 1575 1962 λαμϐάνειν,
1623 1890 1887 1963 πρότερον

214 1985 422 2056 ἐρωτᾷ,
450 1985 499 2036 εί
524 1982 705 2051 βούλει
729 1981 820 2035 τὸν
836 1980 1099 2052 τύραννον
1125 1981 1331 2033 ἐκεῖνον
1362 1982 1584 2050 ἀφεῖναι
1611 1979 1704 2033 τὸν
1737 1978 1886 2049 ὠμὸν

214 2071 316 2125 καὶ
359 2070 563 2140 ἀπηνῆ,
617 2071 711 2123 καὶ
753 2069 1028 2139 συνθήκας
1072 2067 1283 2136 δέχεται
1330 2068 1483 2139 παρὰ
1517 2066 1646 2120 σοῦ·
1688 2068 1749 2120 οὐ
1779 2066 1886 2138 γὰρ

213 2158 718 2233 κατηναγκασμένη
763 2156 928 2211 αὐτοῦ
964 2159 996 2227 ή
1044 2156 1328 2209 δεσποτεία
1375 2156 1513 2211 ἐστί,
1550 2158 1660 2210 Kal
1696 2156 1885 2209 σκόπει

213 2246 355 2301 Θεοῦ
379 2245 807 2318 φιλανθρωπίαν.
851 2246 1043 2317 Ἡμεῖς
1073 2245 1169 2313 μὲν
1199 2243 1307 2314 γὰρ
1337 2244 1464 2315 πρὶν
1493 2243 1524 2316 ἢ
1549 2244 1647 2315 τὴν
1674 2244 1835 2314 τιμὴν
1856 2243 1884 2283 b

216 2335 567 2399 καταϐαλεῖν,
597 2333 901 2404 ἐρωτῶμεν
937 2334 1063 2395 τοὺς
1111 2331 1512 2401 πωλουμένους,
1539 2331 1636 2384 καὶ
1667 2330 1887 2384 ἐπειδὰν

218 2423 509 2495 μάθωμεν,
537 2424 622 2476 δτι
661 2420 960 2492 βούλονται,
986 2419 1105 2472 τότε
1132 2420 1233 2489 τὴν
1255 2421 1420 2490 τιμὴν
1442 2418 1852 2489 καταϐάλλομεν
1868 2434 1883 2450 ·

215 2515 247 2565 ὁ
271 2511 327 2564 δὲ
358 2510 593 2582 Χριστὸς
626 2510 725 2580 οὐχ
769 2507 962 2572 οὕτως,
995 2507 1132 2563 ἀλλά
1171 2509 1264 2561 καὶ
1303 2509 1402 2579 τὴν
1452 2508 1616 2579 τιμὴν
1649 2507 1885 2562 κατέϐα-

215 2598 314 2652 λεν
354 2598 493 2669 ὑπὲρ
522 2598 774 2652 ἁπάντων
798 2595 976 2667 ήμῶν,
1006 2595 1069 2649 τὸ
1098 2595 1279 2666 τίμιον
1308 2594 1475 2649 αὐτοῦ
1507 2591 1646 2665 αἷμα
1669 2612 1681 2625 ·
1708 2592 1886 2665 Τιμῆς

215 2688 352 2755 γὰρ,
385 2686 569 2757 φησὶν,
601 2683 1004 2753 ἠγοράσθητε·
1034 2684 1129 2736 καὶ
1160 2683 1310 2752 ὅμως
1357 2682 1478 2735 οὐδὲ
1511 2680 1685 2745 οὕτως
1717 2683 1888 2750 ἀναγ-

215 2773 377 2839 κάζει
413 2773 486 2843 μὴ
513 2771 869 2840 βουλομέτους
895 2769 1042 2839 αὐτῷ
1070 2768 1375 2834 δουλεῦσαι,
1403 2769 1519 2823 ἀλλ’
1541 2771 1591 2823 εί
1625 2770 1698 2840 μὴ
1718 2770 1887 2841 ,χάριν

214 2862 388 2933 ἔχεις,
418 2861 575 2930 φησὶ,
603 2859 699 2911 καὶ
738 2858 890 2929 παρά
930 2856 1124 2910 σαυτοῦ
1160 2858 1260 2927 ,καὶ
1292 2854 1432 2909 ἑκὼν
1461 2853 1633 2921 θέλεις
1657 2858 1887 2929 ἐπιγρά-

214 2950 428 3021 ψασθαι
471 2949 569 3019 τὴν
614 2948 955 3011 δεσποτείαν,
990 2947 1089 3000 οὐκ
1123 2945 1418 3015 ἀναγκάζω
1456 2946 1577 3000 ούδέ
1605 2945 1883 3018 βιάζομαι.

216 3040 336 3094 Kal
355 3041 518 3109 ἡμεῖς
540 3037 640 3107 μὲν
667 3037 768 3089 οὐκ
796 3036 860 3089 ἂν
879 3046 902 3073 °
933 3034 1188 3104 ἑλοίμεθα
1217 3035 1484 3105 πονηροὺς
1500 3035 1717 3099 οἰκέτας
1734 3035 1888 3106 πρία-

223 3128 383 3184 σθαι’
418 3130 466 3181 εί
503 3127 560 3180 δὲ
596 3127 691 3180 καὶ
730 3124 984 3195 ἐλοίμεθά
1025 3136 1175 3185 ποτε,
1221 3124 1430 3193 αἱρέσει
1475 3126 1614 3194 κακῇ
1664 3124 1889 3189 τούτους

216 3218 591 3291 ἀγοράξομεν,
617 3217 714 3271 καὶ
737 3215 990 3284 τοιαύτην
1011 3213 1430 3284 καταϐάλλομεν
1456 3216 1620 3286 τιμήν
1642 3231 1655 3243 ·
1685 3215 1713 3266 6
1735 3212 1886 3287 [2&3]

217 3309 282 3363 δέ
316 3306 553 3378 Χριστὸς
595 3303 919 3375 ἀγνώμονας
950 3302 1166 3365 οἰκέτας
1203 3300 1489 3372 ἀγοράζων
1523 3303 1616 3356 καὶ
1654 3304 1891 3373 παρανό-

228 3412 391 3468 μους,
425 3391 694 3465 πρωτείου
724 3390 913 3444 δούλου
942 3388 1105 3460 τιμὴν
1135 3388 1419 3454 κατέϐαλε,
1451 3390 1650 3460 μᾶλλον
1677 3391 1734 3445 δέ
1763 3391 1891 3445 πολ-

217 3479 301 3549 λῴ
337 3477 580 3548 μείζονα,
614 3476 707 3527 καὶ
745 3473 982 3544 τοσούτῳ
1024 3470 1264 3543 μείζονα.
1295 3474 1370 3537 ὡς
1403 3474 1538 3544 μηδέ
1568 3475 1725 3542 λόγον
1758 3476 1891 3546 μηδέ

220 3558 433 3613 ἔννοιαν
474 3557 646 3627 αὐτῆς
676 3556 1024 3626 παραστῆσαι
1049 3556 1108 3608 τὸ
1136 3554 1365 3625 μέγεθος
1384 3571 1396 3583 ·
1430 3556 1490 3608 ού
1525 3556 1633 3627 γὰρ
1664 3557 1893 3628 οὐρανὸν

221 3644 323 3699 καὶ
366 3643 467 3711 γῆν
513 3641 609 3693 καὶ
653 3637 929 3693 θάλασσαν
975 3637 1118 3702 δοὺς,
1169 3638 1305 3691 ἀλλά
1338 3638 1399 3691 τὸ
1439 3638 1654 3692 πάντων
1686 3640 1891 3695 τούτων

220 3722 576 3795 τιμιώτερον,
610 3720 670 3774 τδ
726 3716 964 3773 ἐαυτοῦ11
1002 3714 1142 3789 αἷμα
1194 3719 1472 3784 καταθεὶς,
1518 3721 1690 3786 οὕτως
1745 3725 1891 3794 ἡμᾶς

221 3806 528 3878 ἐξηγόρασε
549 3823 563 3837 ·
596 3804 691 3859 καὶ
718 3803 865 3876 ’μετά
886 3803 1064 3858 ταῦτα
1089 3804 1267 3857 πάντα
1306 3803 1367 3856 οὐ
1398 3804 1683 3876 μάρτυρας
1717 3807 1887 3876 ἡμᾶς,

221 3892 329 3943 οὐκ
374 3879 1437 3957 ἐγγραφαάπαιτεῖ,ἀλλ’ἀρκεῖταιψιλῇ
1469 3888 1534 3956 τῇ
1580 3890 1753 3958 φωνῇ,
1787 3889 1890 3944 κᾶν

221 3973 390 4044 εἴπῃς
419 3972 527 4024 ἀπὸ
555 3969 819 4031 διανοίας
859 3966 1266 4038 Ἀποτάσσομαί
1297 3985 1398 4035 σοι,
1427 3970 1662 4036 Σατανᾶ,
1697 3973 1791 4025 καὶ
1823 3976 1888 4046 τῇ

226 4056 428 4124 πομπῇ
480 4071 598 4118 σου,
637 4052 699 4106 τὸ
742 4053 849 4105 πᾶν
897 4051 1186 4121 ἀπείληφε.
1217 4050 1387 4104 Τοῦτο
1414 4051 1595 4105 τοίνυν
1625 4053 1892 4125 λέγωμεν.

238 4135 645 4206 Ἀποτόωσομαί
662 4152 764 4201 σοι,
796 4136 1030 4197 Σατανᾶ,
1056 4134 1130 4198 ὡς
1153 4135 1271 4187 ἐκεῖ
1303 4134 1606 4205 μέλλοντες,
1633 4137 1776 4191 κατά
1798 4139 1895 4210 τὴν

224 4220 443 4291 ἡμέραν
472 4218 685 4289 ἐκείνην
707 4228 753 4282 ⁸,
784 4217 988 4285 ταύτην
1021 4217 1367 4270 ἀπαιτεῖσθαι
1409 4219 1510 4289 τὴν
1569 4221 1771 4292 φωνὴν,
1802 4223 1895 4275 καὶ

225 4302 558 4374 φυλάξωμεν
602 4301 792 4372 αὐτὴν,
817 4300 904 4354 ἴνα
957 4298 1101 4353 σώαν
1135 4300 1233 4371 τὴν
1263 4300 1736 4375 παρακαταθήκην
1763 4304 1895 4357 ταύ-

222 4404 331 4458 την
367 4385 654 4455 ἀποδῶμεν
700 4385 855 4438 τότε·
906 4382 1100 4455 πομπὴ
1149 4382 1204 4436 δὲ
1256 4385 1516 4455 σατανική
1547 4386 1664 4438 ἐστι
1693 4385 1895 4458 θέατρα

224 4469 329 4522 καὶ
375 4467 747 4538 ἱπποδρομίαι,
782 4466 875 4519 καὶ
926 4467 1077 4519 πᾶσα
1115 4465 1361 4535 ἁμαρτία
1390 4466 1483 4518 καὶ
1514 4469 1896 4540 παρατήρησις

221 4550 475 4623 ἡμερῶν,
500 4552 592 4604 καί
623 4549 877 4620 κληδόνες
910 4549 1004 4602 καὶ
1036 4547 1303 4618 σύμϐολα.

304 4635 417 4687 Kal
444 4633 497 4687 τί
545 4632 674 4687 ποτέ
702 4634 818 4686 ἐστι
850 4631 1130 4703 σύμϐολα;
1175 4632 1326 4701 φησί.
1369 4631 1636 4697 Πολλάκις
1665 4634 1895 4700 ἐξελθών

224 4736 317 4783 τις
344 4718 443 4787 τὴν
465 4717 641 4771 οἰκίαν
672 4716 771 4787 τὴν
804 4715 1022 4777 ἐαυτοῦ,
1052 4711 1190 4769 εἶδεν
1229 4714 1514 4788 ἄνθρωπον
1568 4719 1896 4790 ἑτερόφθαλ-

231 4801 385 4873 μονή
404 4799 727 4870 χωλεύοντα,
749 4800 843 4853 καὶ
862 4798 1163 4852 οίωνίσατο.
1180 4798 1348 4851 Τοῦτο
1370 4800 1561 4871 πομπὴ
1593 4805 1858 4873 σατανική
1881 4821 1894 4837 ο

227 4882 296 4934 οὐ
332 4881 440 4952 γὰρ
473 4883 505 4951 ή
540 4881 841 4951 ἀπάντησις
873 4879 967 4933 τοῦ
1016 4880 1299 4950 ἀνθρώπου
1336 4880 1580 4951 πονηρὰν
1626 4886 1773 4936 ποιεῖ
1799 4885 1898 4956 τὴν

227 4964 448 5036 ἡμέραν
476 4963 748 5034 γενέσθαι,
785 4963 919 5016 ἀλλά
952 4963 1011 5016 τὸ
1037 4965 1093 5017 ἐν
1124 4964 1422 5036 ἁμαρτίαις
1445 4966 1563 5037 ζῇν.
1594 4968 1761 5020 Ὀταν
1786 4969 1899 5020 τοί-

228 5065 330 5103 νυν
356 5047 595 5120 ἐξέλθῃς,
625 5045 681 5098 ἐν
728 5047 884 5116 μόνον
915 5045 1168 5114 φύλαξαι,
1209 5050 1282 5116 μὴ
1316 5049 1564 5119 ἁμαρτία
1609 5064 1692 5101 σοι
1724 5052 1902 5103 ἀπαν-

228 5131 405 5200 τήσῃ·
441 5129 578 5199 αὕτη
607 5130 713 5202 γάρ
734 5130 880 5181 ἐστιν
909 5132 941 5198 ή
982 5131 1128 5200 ἡμᾶς
1161 5130 1619 5197 ύποσκελίζουσα,
1655 5135 1823 5204 χωρίς
1843 5135 1901 5188 δὲ

230 5211 438 5281 ταύτης
464 5211 612 5264 οὐδὲν
648 5215 676 5265 6
712 5212 956 5275 διάϐολος
978 5214 1126 5282 ἡμᾶς
1160 5211 1357 5281 βλάψαι
1380 5213 1694 5283 δυνήσεται.
1723 5216 1788 5268 Τί
1818 5217 1905 5269 λέ-

233 5311 387 5363 γεις;
416 5295 701 5365 ἄνθρωπον
732 5297 883 5366 ὁρᾷς,
932 5297 1027 5348 καὶ
1073 5295 1314 5365 οίωνίζῃ,
1353 5295 1447 5347 καὶ
1502 5297 1601 5366 οὐχ
1635 5299 1768 5367 ὁρᾷς
1801 5299 1899 5369 τήν

230 5373 461 5444 πάγηνί
500 5375 596 5447 τὴν
650 5376 979 5447 διαϐολικὴν,
1014 5375 1130 5439 πῶς
1186 5376 1481 5446 ἐκπολεμοῖ
1535 5392 1598 5428 σε
1629 5376 1705 5447 τῷ
1736 5378 1901 5449 μηδὲν

297 5517 327 5582 ξ
353 5515 554 5582 Quidam
580 5515 675 5582 alii__
690 5518 902 5582 ἐρόμεθα.

296 5574 327 5643 ξ
350 5578 446 5643 Alii
473 5579 563 5643 πρὸ
594 5578 680 5628 τοῦ
704 5574 789 5637 τὴν
821 5581 981 5643 τιμήν.

300 5638 661 5704 fﬂauus‘cripli
675 5654 776 5704 _non
793 5638 932 5704 pauci
957 5641 1037 5689 καὶ
1056 5640 1190 5700 ἡμεῖς
1212 5641 1418 5702 μάλιστα
1442 5641 1524 5704 μὲν
1563 5642 1649 5691 οὐκ
1668 5642 1740 5692 ἄν.

296 5695 325 5740 ὁ
346 5695 687 5771 Haucﬁaj'iiij
715 5695 977 5771 lgciionem
1002 5695 1293 5764 recépim'us,
1318 5716 1408 5765 pro
1443 5695 1510 5754 'eo
1542 5705 1672 5767 quod
1712 5705 1900 5757 editum

231 5764 415 5815 fuerat.
429 5762 519 5811 τοῦ
541 5762 703 5811 αὐτοῦ.
730 5762 864 5813 Enrr.

296 5825 329 5886 ’Δ
344 5822 484 5886 Unus,
497 5824 675 5880 ἐκείνην
695 5825 779 5880 τήν
802 5823 1020 5886 φοϐερὰν,
1043 5823 1233 5881 ταύτην.

306 5879 329 5925 τ
358 5885 508 5934 Βιιὶι.
534 5889 586 5935 τι
607 5879 941 5947 quidam'msi.
962 5879 1047 5943 τήν
1067 5879 1264 5947 πληγήν,

1284 284 1377 340 AD
1413 278 1936 339 ILLUMINANDOS
1983 266 2413 338 (JATECHESIS
2451 279 2515 336 ll.

3545 281 3656 338 260

1992 394 2307 465 ἠδικηκότες
2344 396 2461 460 πῶς
2487 393 2675 467 ἐχθρόν
2708 412 2767 449 σε
2807 393 3097 466 καθίστησι
3128 391 3206 464 τῷ
3236 393 3447 468 ἀδελφῷ
3478 398 3536 465 ἐξ
3560 399 3655 471 οὐι-

1990 472 2184 542 δεμιᾶς
2212 474 2428 538 δικαίας
2466 475 2820 546 προφάσεως;
2851 474 2961 529 Kal
3000 476 3030 528 6
3061 473 3161 545 μὲν
3200 474 3333 538 Θεὸς
3380 477 3476 530 καὶ
3526 477 3658 541 τοὶος

1989 551 2219 623 ἐχθροὺς
2247 553 2420 622 φιλεῖν
2458 554 2734 618 ἐκέλευσε,
2765 555 2828 607 σὺ
2855 554 2911 607 δέ
2943 553 3041 607 xal
3065 552 3157 606 τὸν
3180 552 3331 607 οὐδὲν
3356 554 3653 625 ἠδικηκότα

1990 632 2309 706 ἀποστρέφῃ
2344 634 2510 704 μηδὲν
2543 632 2680 704 ἔχων
2712 632 2985 702 ἐγκαλεῖν,
3014 633 3107 687 καὶ
3138 632 3238 686 οὐκ
3260 634 3458 695 ἐννοεῖς
3492 629 3651 691 πόσος

1987 709 2017 761 ὁ
2046 710 2237 777 γέλως,
2268 712 2408 782 πόση
2436 713 2469 782 ή
2496 712 2750 782 αἰσχύνη,
2787 712 2986 783 μᾶλλον
3031 711 3087 765 δέ
3132 711 3295 774 πόσος
3324 714 3351 765 6
3375 709 3652 775 κίνδυνυς;

1990 790 2144 841 Εἴπω
2174 789 2268 842 καὶ
2310 789 2496 862 ἕτερον
2548 791 3115 863 καταγελαστότερον;
3165 788 3501 861 Αἰσχύνομαι
3554 789 3654 860 μὲν

1990 867 2084 919 καὶ
2117 867 2374 939 ἐρυθριῶ,
2407 869 2790 940 ἀναγκάζομαι
2823 868 2881 922 δὲ
2925 870 3075 940 ὅμως
3121 868 3210 923 διὰ
3246 870 3344 941 τὴν
3382 868 3654 939 ὑμετέραν

1991 945 2265 1017 σωτηρίαν
2312 949 2519 1000 εἰπεῖν·
2597 947 2722 1000 Ἐὰν
2769 947 3059 1019 ἀπαντήσῃ
3115 947 3403 1019 παρθένος,
3465 947 3650 1017 φησιν,

1989 1023 2268 1094 ἄπρακτος
2297 1028 2331 1097 ἡ
2362 1026 2544 1097 ἡμέρα
2565 1026 2800 1096 γίνεται⁸
2825 1026 2920 1081 ἐὰν
2947 1028 3003 1080 δὲ
3032 1029 3320 1100 ἀπαντήσῃ
3352 1026 3548 1097 πόρνη.
3568 1024 3653 1076 δε⁴

1989 1101 2081 1167 ξιά
2107 1106 2199 1158 xal
2222 1105 2431 1175 χρηστὴ
2481 1106 2574 1159 καὶ
2616 1106 2819 1176 πολλῆς
2853 1106 3123 1178 ἐμπορίας
3151 1106 3418 1176 γέμουσα.
3458 1104 3653 1171 Ἐγκα-

1985 1182 2278 1252 λύπτεσθε,
2310 1185 2403 1239 xal
2425 1185 2485 1239 τὸ
2514 1187 2764 1256 μέτωπον
2785 1186 3105 1258 ἐκρούσατε,
3142 1186 3236 1239 καὶ
3264 1185 3402 1257 πρὸς
3422 1185 3521 1256 τὴν
3548 1182 3654 1252 γῆν

1989 1264 2367 1333 κατεκύψατε;
2415 1264 2550 1319 ἀλλά
2593 1266 2665 1336 μὴ
2707 1265 2802 1318 νῦν
2846 1264 2957 1319 τῶν
3004 1265 3264 1337 ῥημάτων
3317 1262 3654 1334 λεγομένων,

1924 1404 1931 1409 _
1988 1341 2122 1396 ἀλλά
2139 1342 2245 1395 τῶν
2268 1344 2604 1414 πραγμάτων
2632 1343 2950 1415 γινομένων.
2973 1345 3113 1416 Ὅρα
3136 1341 3268 1411 γοῦν
3290 1343 3384 1397 καὶ
3399 1341 3654 1405 ἐνταῦθα,

1989 1422 2108 1485 πῶς
2132 1422 2223 1475 τὸν
2250 1424 2396 1476 δόλον
2430 1422 2666 1493 ἔκρυψεν
2693 1423 2722 1475 6
2741 1423 3004 1486 διάϐολος,
3038 1424 3127 1477 ἵνα
3156 1420 3251 1494 τὴν
3299 1423 3395 1492 μὲν
3436 1419 3655 1489 σώφρο-

1988 1517 2053 1555 να
2089 1502 2114 1539 ε
2152 1499 2639 1572 ἀποστρεφώμεθα,
2681 1501 2780 1572 τὴν
2831 1502 2889 1555 δὲ
2931 1500 3225 1555 ἀκόλαστον
3280 1496 3655 1568 ἀσπαζώμεθα

1989 1582 2083 1635 καὶ
2115 1580 2383 1651 φιλῶμεν.
2432 1581 2646 1652 Ἐπειδὴ
2684 1582 2793 1653 γάρ
2833 1582 3035 1652 ἢκουσε
3078 1581 3175 1635 τοῦ
3206 1579 3443 1651 Χριστοῦ
3475 1577 3659 1644 λέγον.

1987 1678 2101 1723 τος,
2153 1665 2234 1715 ὅτι
2280 1661 2335 1713 '0
2378 1661 2685 1730 ἐμϐλέψας
2717 1661 2952 1731 γυναικὶ
3000 1659 3150 1728 πρὸς
3177 1661 3242 1713 τὸ
3270 1656 3652 1727 ἐπιθυμῆσαι,

1987 1738 2104 1808 ἤδη
2134 1739 2269 1809 ἐμοί
2270 1754 2495 1809 χευσεν
2527 1739 2742 1807 αὐτὴν,
2778 1739 2873 1793 καὶ
2908 1733 3015 1792 εἶδε
3040 1739 3267 1802 πολλοὺς
3298 1734 3656 1810 περιγενομέ-

1986 1835 2111 1881 νους
2143 1818 2459 1883 ἀκολασίας,
2484 1818 2804 1889 βουλόμενος
2825 1819 2890 1872 δι’
2916 1819 3114 1890 ἐτέρας
3148 1816 3263 1872 ὁδοῦ
3291 1818 3452 1872 πάλιν
3484 1816 3655 1887 ἐμϐα·

1986 1897 2098 1951 λεῖν
2127 1898 2435 1962 αὐτοῦςδὲίς
2462 1899 2561 1970 τὴν
2607 1899 2903 1970 ἁμαρτίαν,
2925 1898 3014 1953 διὰ
3040 1899 3241 1969 ταύτης
3281 1900 3378 1969 τῆς
3411 1913 3658 1968 παρατη-

1989 1979 2222 2049 ρήσεως,
2252 1979 2488 2050 ἐταιρίσι
2518 1978 2763 2046 γυναιξὶν
2793 1979 2964 2050 ἡδέως
2995 1978 3285 2050 προσέχειν
3310 1977 3582 2032 ἀνέπεισε.

2058 2057 2122 2109 Τί
2154 2058 2217 2112 ἄν
2255 2075 2340 2122 τις
2386 2058 2529 2111 εἴποι
2579 2059 2709 2130 περὶ
2752 2058 2860 2113 τῶν
2921 2060 3161 2129 ἐπῳδαῖς
3205 2058 3300 2113 καὶ
3334 2058 3657 2129 περιάπτοις

1987 2136 2361 2207 κεχρημένων,
2410 2139 2506 2191 καὶ
2552 2137 2866 2209 νομίσματα
2915 2138 3094 2209 χαλκᾶ
3151 2139 3504 2210 Ἀλεξάνδρου
3559 2136 3654 2192 τοῦ

1986 2216 2295 2289 Μακεδόνος
2323 2220 2444 2281 ταῖς
2469 2219 2730 2286 κεφαλαῖς
2754 2218 2978 2282 καὶτοῖς
3004 2219 3130 2271 ποσὶ
3159 2234 3224 2269 πε
3233 2217 3653 2289 ριδεσμούντωνς

1985 2288 2156 2349 Αῦται
2181 2296 2237 2348 al
2265 2296 2476 2360 ἐλπίδες
2507 2297 2682 2368 ἡμῶν,
2712 2295 2834 2349 εἰπέ
2867 2313 2976 2366 μοι,
3006 2295 3090 2350 ἵνα
3127 2296 3265 2368 μετά
3300 2295 3530 2368 σταυρὸν
3562 2296 3658 2350 καὶ

1987 2373 2218 2427 θάνατον
2263 2374 2590 2428 Δεσποτικδν
2620 2377 2699 2438 είς
2720 2373 2986 2445 Ἕλληνος
3016 2374 3283 2445 βασιλέως
3330 2374 3515 2428 εἰκόνα
3557 2375 3658 2436 τὰς

1987 2453 2207 2516 ἐλπίδας
2226 2453 2327 2524 τῆς
2356 2452 2630 2525 σωτηρίας
2660 2452 2901 2524 ἕχωμεν;
2940 2454 3055 2506 Οὐκ
3089 2449 3236 2518 οἶδας
3270 2453 3412 2529 πόσα
3444 2452 3657 2522 κατώρ-

1988 2531 2160 2586 θωσεν
2180 2533 2208 2585 6
2241 2531 2508 2603 σταυρός;
2542 2532 2634 2585 τὸν
2664 2531 2892 2587 θάνατον
2919 2532 3202 2598 κατέλυσε,
3235 2533 3334 2604 τὴν
3382 2532 3657 2604 ἁμαρτίαν

1987 2610 2199 2674 ἔσϐεσε,
2234 2610 2326 2663 τὸν
2380 2610 2512 2681 ᾁδην
2546 2609 2821 2681 ἄχρηστον
2849 2611 3097 2681 ἐποίησε,
3155 2609 3250 2664 τοῦ
3279 2610 3528 2664 διαϐόλου
3555 2610 3656 2680 τὴν

1986 2690 2218 2762 δύναμιν
2250 2689 2491 2757 ἐξέλυσε,
2543 2690 2641 2744 καὶ
2690 2692 2770 2754 είς
2818 2689 3069 2760 σώματος
3120 2690 3271 2762 1244]
3317 2692 3531 2759 ὑγίειαν
3557 2693 3658 2744 οὐκ

1986 2770 2134 2824 ἐστιν
2163 2770 2522 2836 ἀξιόπιστοςς
2567 2772 2667 2840 τὴν
2707 2770 3034 2840 οἰκουμένην
3091 2771 3386 2841 ἀνέστησεν
3417 2769 3656 2833 ἃπασαν,

1987 2850 2082 2902 καὶ
2117 2849 2180 2901 σὺ
2206 2847 2354 2919 αὐτῷ
2385 2849 2446 2901 οὐ
2474 2849 2728 2919 θαρῤεϊς;
2780 2850 2874 2901 καὶ
2902 2846 3047 2911 τίνος
3094 2847 3160 2901 ἂν
3186 2847 3336 2911 ἄξιος
3364 2847 3503 2920 εἴης,
3536 2848 3660 2900 είπέ

1991 2945 2109 2999 μοις
2144 2927 2219 2980 υύ
2259 2927 2533 2998 περίαπτα
2585 2927 2641 2980 δὲ
2690 2926 2869 2997 μόνον,
2906 2925 3042 2979 ἀλλά
3094 2926 3188 2979 καλ⁸
3223 2925 3440 2995 ἐπῳδὰς
3476 2926 3659 2994 σαυτῷ

1988 3004 2293 3076 περιάγεις,
2322 3005 2543 3076 γραῖδια
2591 3003 2860 3075 μεθύοντα
2904 3004 3000 3057 καὶ
3039 3004 3428 3074 παραπαίοντα
3457 3004 3535 3068 είς
3562 3004 3661 3074 τὴν

1987 3085 2170 3145 οἰκίαν,
2206 3101 2297 3136 σου
2351 3084 2620 3151 εἰσάγων·
2656 3083 2749 3135 καὶ
2793 3083 2895 3137 οὐκ
2942 3081 3172 3154 αἰσχύνῃ
3226 3082 3347 3136 οὐδὲ
3404 3082 3662 3156 ἐρυθριᾷς

1992 3162 2132 3232 μετά
2164 3160 2777 3239 τοσαύτηνιφιλοσοφίαν
2802 3161 2936 3232 πρὸς
2960 3161 3133 3239 ταῦτα
3163 3161 3530 3232 ἐπτοημένος;
3553 3163 3662 3215 Kal

1986 3242 2047 3294 τὸ
2061 3238 2439 3311 χαλεπώτερον
2458 3241 2556 3310 τῆς
2571 3239 2786 3309 ἀπάτης
2801 3255 2814 3269 ⁶
2840 3240 2969 3295 ὅταν
2986 3238 3095 3310 γὰρ
3117 3239 3471 3311 παραινῶμεν
3491 3239 3663 3293 ταῦτα

1990 3323 2083 3375 καὶ
2113 3321 2437 3390 ἀπάγωμεν,
2461 3319 2746 3383 δοκοῦντες
2792 3317 3176 3387 ἀπολογεῖσθαί
3207 3336 3393 3388 φασιν,
3421 3319 3504 3373 ὅτι
3524 3320 3661 3390 Χρι-

1992 3400 2178 3470 στιανή
2203 3401 2346 3451 ἐστιν
2380 3401 2413 3469 ή
2439 3397 2576 3469 γυνὴ
2598 3399 2631 3468 ή
2659 3396 2829 3451 ταῦτα
2850 3398 3144 3469 ἐπᾴδουσα,
3176 3399 3271 3451 καὶ
3293 3397 3446 3451 οὐδὲν
3476 3397 3663 3469 ἐτερον

1991 3477 2305 3546 φθέγγεται,
2335 3477 2367 3548 ἢ
2392 3477 2453 3530 τὸ
2471 3475 2564 3530 τοῦ
2593 3475 2725 3530 Θεοῦ
2743 3475 2932 3547 ὄνομα.
2955 3475 3055 3529 Διά
3072 3475 3231 3529 τοῦτο
3261 3476 3360 3546 μέν
3378 3471 3472 3529 οῦν
3497 3475 3664 3546 αὐτὴν

1995 3556 2228 3629 μάλιστα
2263 3555 2406 3627 μισῶ
2444 3556 2539 3609 καὶ
2579 3555 3015 3626 ἀποστρέφομαι,
3044 3556 3127 3609 ὅτι
3170 3553 3249 3625 τῷ
3296 3554 3519 3624 ὀνόματι
3568 3553 3661 3608 τοῦ

1991 3635 2125 3689 Θεοῦ
2150 3635 2285 3706 πρὸς
2326 3631 2484 3707 ὕϐριν
2518 3632 2949 3706 κατακέχρηται,
2986 3635 3067 3688 ὅτι
3095 3633 3331 3704 λέγουσα
3359 3633 3664 3704 Χριστιανὴ

1993 3711 2149 3774 εἶναι,
2180 3715 2250 3767 τά
2278 3712 2389 3768 τῶν
2433 3712 2704 3785 Ἑλλήνων
2744 3714 3136 3768 ἐπιδείκνυται.
3181 3715 3294 3769 Kal
3338 3713 3449 3787 γὰρ
3487 3716 3583 3770 καὶ
3614 3718 3662 3769 οί

1993 3792 2243 3864 δαίμονες
2273 3793 2332 3846 τὸ
2365 3792 2460 3846 τοῦ
2493 3792 2631 3846 Θεοῦ
2669 3791 2840 3862 ὄνομα
2873 3793 3222 3861 ἐφθέγγοντο,
3251 3792 3366 3846 ἀλλ’
3390 3791 3529 3864 ἦσαν
3552 3794 3665 3847 δαί-

1998 3888 2175 3943 μονες,
2209 3870 2304 3924 καὶ
2340 3869 2512 3933 οῦτως
2542 3870 2726 3938 ἔλεγον
2748 3869 2887 3939 πρὸς
2915 3870 3007 3922 τὸν
3027 3870 3280 3941 Χριστόνο
3308 3871 3568 3941 Οἵδαμέν
3591 3888 3666 3928 σε

1995 3950 2086 4014 τίς
2107 3944 2180 4012 εἶ,
2207 3951 2240 4000 ὁ
2262 3947 2430 4015 ἅγιος
2456 3947 2562 4000 τοῦ
2594 3946 2743 4001 Θεοῦ
2764 3962 2777 3976 ⁸
2815 3946 2910 3998 καὶ
2937 3947 3088 4016 ὅμως
3114 3945 3449 4018 ἐπετίμησεν
3477 3952 3664 4015 αὐτοῖς

1995 4027 2088 4080 καὶ
2118 4026 2388 4096 ἀπήλασε.
2434 4024 2533 4079 Διά
2564 4023 2627 4095 δὴ
2667 4023 2839 4077 ταῦτα
2867 4024 3174 4094 παρακαλῶ
3203 4026 3303 4097 τῆς
3327 4027 3546 4099 ἀπάτης
3570 4047 3663 4085 xa-

1996 4103 2245 4176 θαρεύειν
2271 4105 2497 4176 ταύτης,
2529 4105 2621 4158 καὶ
2651 4103 2901 4173 καθάπερ
2929 4103 3228 4176 βακτηρίαν
3256 4105 3401 4176 ἔχειν
3423 4106 3483 4162 τὸ
3514 4108 3665 4180 ῥῆμα

1994 4182 2170 4237 τοῦτο.
2206 4183 2316 4236 Kal
2355 4183 2542 4255 ὥσπερ
2576 4184 2743 4255 χωρὶς
2769 4183 3132 4255 ὑποδημάτων
3169 4184 3201 4256 ἢ
3229 4185 3456 4256 ἱματίων
3476 4189 3575 4242 οὐκ
3598 4190 3664 4244 ἂν

1996 4263 2168 4318 ἐλοιτό
2202 4258 2474 4334 τιςύμῶν
2499 4266 2579 4326 είς
2609 4263 2708 4335 τὴν
2746 4263 2954 4335 ἀγορὰν
2999 4264 3278 4318 καθεῖναι·
3323 4265 3467 4321 οὕτω
3493 4268 3665 4338 χωρὶς

1994 4341 2089 4396 τοῦ
2131 4344 2383 4417 ῥήματος,
2409 4341 2601 4396 τούτου
2634 4342 2903 4413 μηδέποτε
2930 4344 3010 4406 είς
3026 4341 3125 4412 τὴν
3158 4343 3367 4416 ἀγορὰν
3394 4345 3661 4417 ἐμϐάλῃς,

1997 4420 2110 4475 ἀλλ’
2128 4421 2255 4474 ὅταν
2288 4416 2488 4493 μέλλῃς
2518 4421 2863 4491 ὑπερϐαίνειν
2885 4420 2953 4475 τά
2984 4421 3232 4492 πρόθυρα
3265 4420 3360 4475 τοῦ
3395 4416 3660 4488 πυλῶνος,

1995 4499 2154 4553 τοῦτο
2184 4498 2419 4568 φθέγξαι
2463 4500 2524 4552 τὸ
2574 4500 2732 4571 ῥῆμα
2789 4500 3074 4571 πρότερον⁸
3118 4500 3524 4573 Ἀποτάσσομαί
3557 4520 3660 4568 σοι,

1998 4580 2232 4643 Σατανᾶ,
2257 4579 2350 4631 καὶ
2377 4580 2442 4648 τῇ
2480 4581 2673 4650 πομπῇ
2703 4595 2796 4632 σου
2824 4579 2917 4632 καὶ
2935 4582 2999 4650 τῇ
3023 4579 3249 4651 λατρεία
3272 4597 3386 4648 σου,
3420 4581 3514 4636 καὶ
3535 4597 3663 4637 συν-

1923 4680 1944 4696 ·
1997 4658 2267 4729 τάσσομαί
2299 4674 2402 4717 σοι,
2432 4657 2655 4728 Χριστέ⁶
2699 4658 2794 4711 καὶ
2841 4658 3109 4729 μηδέποτε
3156 4660 3323 4731 χωρὶς
3346 4661 3448 4731 τῆς
3480 4665 3665 4732 φωνῆς

1997 4737 2198 4806 ταύτης
2225 4734 2475 4807 ἐξέλθῃς’
2505 4736 2664 4789 τοῦτό
2688 4753 2769 4790 σοι
2802 4736 3069 4807 βακτηρία
3089 4736 3262 4800 ἐσται,
3287 4738 3446 4792 τοῦτο
3474 4739 3661 4800 ὅπλον.

1999 4817 2157 4870 τοῦτο
2202 4816 2411 4886 πύργος
2448 4817 2679 4886 ἄμαχος.
2729 4818 2839 4870 Kal
2898 4818 3036 4887 μετὰ
3077 4817 3172 4872 τοῦ
3202 4819 3445 4890 ῥήματος
3471 4821 3662 4874 τούτου

1999 4895 2221 4950 καὶτὸν
2271 4894 2503 4964 σταυρὸν
2548 4894 2641 4947 ἐπὶ
2679 4894 2769 4947 τοῦ
2813 4895 3066 4966 μετώπου
3117 4896 3484 4952 διατύπωσον⁸
3523 4898 3664 4952 οὕτω

2000 4974 2108 5045 γάρ
2127 4974 2187 5026 οὐ
2221 4972 2378 5043 μόνον
2403 4971 2689 5040 ἄνθρωπος
2718 4973 2998 5039 ἀπαντῶν,
3025 4974 3279 5028 ἀλλὀύδέ
3308 4977 3471 5039 αὐτὸς
3495 4979 3524 5030 ὁ
3548 4977 3665 5030 διά-

2004 5057 2158 5120 ϐολος
2203 5055 2400 5126 βλάψαι
2433 5073 2485 5107 τι
2516 5055 2827 5126 δυνήσεται,
2860 5057 2997 5127 μετά
3023 5056 3228 5112 τούτων
3273 5075 3333 5111 σε
3376 5059 3516 5129 δρῶν
3553 5058 3663 5112 τῶν

2001 5136 2181 5190 ὅπλων
2211 5133 2485 5204 πανταχοῦ
2525 5136 2867 5206 φαινόμενον.
2899 5137 3007 5191 Kal
3030 5137 3200 5191 ταῦτα
3242 5138 3435 5190 σαυτὸν
3480 5138 3665 5190 ἐντεῦ-

2004 5214 2094 5268 θεν
2123 5214 2222 5285 ήδη
2259 5213 2563 5278 παίδευσον,
2585 5214 2670 5268 ἵνα
2691 5216 2818 5268 ὅταν
2850 5214 2949 5286 τὴν
2988 5216 3258 5284 σφραγῖδα
3289 5214 3476 5285 λάϐῃς,
3495 5217 3668 5284 ἐμπα-

2007 5293 2269 5365 ράσκευος
2297 5289 2365 5366 ᾗς
2393 5292 2751 5364 στρατιώτης,
2775 5294 2870 5347 καὶ
2896 5295 2957 5347 τὸ
2986 5297 3127 5349 κατὰ
3156 5295 3251 5347 τοῦ
3272 5293 3515 5347 διαϐόλου
3540 5294 3665 5365 τρό-

2006 5390 2164 5428 παιον
2196 5374 2425 5442 στήσας,
2458 5372 2584 5442 δέξῃ
2619 5373 2710 5426 τὸν
2758 5373 2859 5442 τῆς
2887 5371 3230 5440 δικαιοσύνης
3265 5371 3527 5441 στέφανον
3547 5391 3561 5406 ο
3601 5367 3663 5426 οῦ

2004 5454 2214 5521 γένοιτο
2248 5454 2452 5515 πάντας
2483 5454 2631 5521 ἡμᾶς
2668 5447 2965 5522 ἐπιτυχεῖν,
2998 5452 3179 5522 χάριτι
3223 5451 3315 5506 καὶ
3360 5451 3665 5522 φιλανθμο-

2007 5531 2107 5603 πίᾳ
2132 5531 2226 5585 τοῦ
2265 5532 2471 5602 Κυρίου
2520 5532 2674 5601 ήμῶν
2720 5530 2890 5599 Ἰησοῦ
2916 5529 3174 5601 Χριστοῦ,
3205 5531 3324 5603 μεθ’
3357 5524 3418 5586 οῦ
3449 5531 3527 5605 τῷ
3558 5533 3666 5588 Πα-

2006 5613 2096 5682 τρὶ
2122 5612 2155 5681 ή
2184 5611 2311 5676 δόξα
2345 5611 2461 5680 ἅμα
2484 5611 2561 5682 τῷ
2595 5609 2734 5680 ἁγίῳ
2758 5609 3055 5680 Πνεύματι,
3086 5611 3166 5675 είς
3183 5612 3307 5679 τοὺς
3335 5611 3536 5678 αἰῶνας
3556 5608 3668 5665 τῶν

2012 5687 2241 5746 αίὼνων.
2281 5690 2339 5741 Ἀ
2347 5691 2472 5758 μήν.

2067 5890 2095 5934 9
2112 5891 2210 5941 Alii
2240 5893 2340 5948 πῶς
2362 5892 2444 5949 τὴν
2464 5892 2545 5955 μὲν
2568 5891 2803 5955 σώφρονα.
