3894 6226
381 333 485 389 9J5

384 459 529 502 tores
556 459 665 500 non
690 442 952 508 desinam,
979 450 1033 497 et
1059 440 1328 495 assiduam
1359 450 1600 491 mensam
1628 432 1777 488 vobis
1806 445 1972 503 appo-

386 554 529 600 nam,
563 551 625 590 ac
669 535 884 606 plenum
933 541 1160 585 statuam
1193 527 1450 582 doctrina:
1477 534 1762 580 craterem.
1789 521 1969 591 Siqui-

388 631 510 683 dem
541 628 696 681 video
725 642 840 691 vos,
868 625 955 678 ubi
981 631 1148 677 totum
1177 621 1326 675 illum
1349 617 1724 683 exhauseritis,
1748 615 1975 669 sitibun-

389 722 486 774 dos
541 732 720 772 rursus
751 715 1043 770 discedere.
1092 714 1266 782 Atque
1314 710 1417 764 hoc
1465 708 1681 779 quidem
1726 706 1793 759 ab
1821 704 1973 759 omni

393 821 635 878 tempore
659 808 767 876 jam
812 805 1063 870 innotuit,
1097 802 1391 873 pneserlim
1434 810 1611 855 autem
1642 814 1671 852 a
1702 798 1972 853 Dominica

392 898 691 968 superiore.
721 895 1016 963 Numquam
1038 894 1180 948 enim
1207 892 1385 947 divina
1413 889 1565 944 vobis
1592 888 1800 958 eloquia
1829 886 1979 941 fasti-

350 1019 361 1028 -
392 989 539 1042 dium
584 1003 793 1057 parere,
825 986 940 1041 dies
984 986 1073 1040 ille
1122 984 1418 1054 praesertim
1445 981 1716 1047 indicavit,
1737 995 1844 1050 quo
1870 992 1975 1033 non

393 1063 590 1133 debere
636 1093 732 1133 vos
773 1088 959 1133 mutuo
1002 1078 1157 1132 vobis
1201 1075 1521 1130 maledicere
1550 1074 1841 1137 docebam;
1871 1085 1981 1141 quo

393 1172 553 1225 etiam
584 1180 822 1239 tempore
860 1169 1015 1224 vobis
1043 1167 1358 1222 tutissimam
1405 1165 1704 1235 praebebam
1735 1161 1977 1216 occasio-

396 1276 518 1316 nem
548 1259 921 1326 accusationis,
949 1275 1070 1314 cum
1098 1259 1166 1313 ad
1201 1257 1413 1327 propria
1437 1264 1654 1325 peccata
1681 1251 1980 1307 maledictis

399 1350 711 1405 incessenda
756 1364 854 1404 vos
882 1350 1215 1415 cohortarer,
1247 1363 1353 1402 non
1400 1346 1467 1401 ad
1506 1346 1675 1400 aliena
1719 1342 1981 1399 curiosius

399 1442 764 1512 investiganda
794 1460 807 1494 :
835 1457 955 1497 cum
999 1451 1212 1497 sanctos
1260 1441 1314 1495 in
1360 1439 1593 1495 medium
1638 1437 1979 1503 adducerem,

399 1534 490 1603 qui
534 1535 738 1603 seipsos
794 1534 1136 1598 accusabant,
1178 1533 1296 1587 aliis
1339 1547 1468 1586 vero
1505 1530 1813 1599 parcebant,
1847 1528 1985 1582 Pau-

400 1625 510 1681 lum
542 1626 713 1694 ipsum
744 1625 1031 1691 dicentem,
1080 1625 1427 1679 Peccatorum
1470 1623 1673 1692 primus
1703 1635 1803 1690 ego
1840 1635 1981 1684 sum,

404 1726 460 1774 et
484 1733 605 1772 eum
637 1733 809 1772 essem
841 1718 1187 1786 blasphemus
1214 1724 1272 1771 et
1313 1725 1667 1785 persequutor
1710 1722 1764 1767 et
1792 1721 1984 1766 contu-

404 1809 660 1863 meliosus
679 1809 1099 1862 misericordiam
1124 1807 1217 1861 Dei
1239 1813 1602 1875 consequutus
1625 1818 1743 1857 sum
1766 1800 1816 1874 (l
1831 1801 1987 1854 .Tim.

405 1899 461 1953 1.
492 1900 577 1953 l5.
610 1908 656 1952 et
685 1898 773 1969 ιδ)
795 1939 810 1963 ,
852 1908 907 1953 et
944 1898 1245 1952 abortivum
1288 1896 1519 1965 seipsum
1565 1903 1860 1954 vocantem,
1891 1905 1990 1946 nec

407 2000 468 2042 se
527 1988 888 2057 apostolorum
953 1987 1311 2057 appellatione
1362 1985 1579 2056 dignum
1642 1984 1990 2038 arbitrantem

409 2077 484 2147 (l.
509 2077 625 2131 Cor.
654 2078 738 2132 l5.
774 2078 827 2147 8)
856 2095 869 2132 :
903 2078 1119 2131 Petrum
1148 2077 1238 2146 qui
1267 2077 1497 2137 dicebat,
1531 2074 1630 2129 Exi
1664 2091 1698 2128 a
1736 2090 1835 2140 me,
1867 2074 1992 2142 quia

411 2168 557 2221 homo
585 2177 814 2236 peccator
851 2184 962 2221 sum
992 2167 1140 2238 (Luc.
1165 2168 1217 2221 5.
1248 2166 1302 2238 8)
1330 2183 1345 2220 :
1377 2164 1703 2228 Matthaaum,
1734 2165 1825 2234 qui
1858 2173 1993 2217 tem-

409 2274 540 2328 pore
560 2260 886 2329 apostolatus
915 2259 1252 2329 publicanum
1280 2260 1513 2327 seipsum
1531 2257 1754 2311 vocabat
1779 2254 1988 2328 (Matth.

414 2350 499 2405 10.
518 2352 602 2421 5):
629 2352 902 2418 Davidem,
920 2351 1010 2421 qui
1040 2353 1278 2406 clamans
1301 2350 1475 2406 aiebat
1505 2368 1517 2404 :
1545 2347 1845 2419 Iniquitate:
1872 2362 1994 2401 meat

412 2459 748 2513 supergressa:
772 2454 886 2497 sunt
914 2454 1067 2512 caput
1096 2459 1281 2509 meum,
1307 2453 1352 2498 ct
1389 2444 1519 2497 sicut
1548 2458 1673 2496 onus
1700 2456 1849 2512 grave
1876 2456 1993 2511 gra-

412 2544 541 2588 t'ata:
566 2545 683 2587 sunt
722 2552 874 2604 super
900 2551 977 2587 me
1003 2534 1170 2605 (Psal.
1199 2536 1288 2589 57.
1317 2534 1375 2605 5)
1408 2551 1421 2584 :
1469 2543 1523 2589 et
1555 2532 1742 2587 Isaiam
1784 2532 1875 2601 qui
1921 2532 1997 2584 la-

415 2632 689 2676 mentatur
712 2638 775 2676 ac
797 2624 972 2692 luget:
1003 2621 1303 2676 Immundas
1331 2639 1459 2688 sum,
1491 2632 1539 2676 et
1559 2620 1996 2674 immundo/tabat)

415 2713 549 2766 labia
584 2712 733 2782 (lani.
762 2712 815 2767 ϐ.
848 2715 901 2784 5)
934 2731 947 2767 :
993 2722 1101 2768 tres
1152 2728 1349 2783 pueros
1376 2714 1463 2783 qui
1510 2714 1565 2766 in
1609 2712 1818 2767 camino
1861 2711 1997 2781 ignis

416 2808 756 2871 conﬁtentur,
783 2822 845 2860 ac
869 2807 1073 2873 dicunt,
1106 2822 1163 2861 se
1191 2820 1461 2877 peccasse,
1492 2806 1662 2874 legem
1681 2819 1799 2861 esse
1826 2812 1997 2859 trans-

416 2913 651 2967 gressos,
700 2915 873 2969 neque
926 2900 1018 2953 Dei
1069 2899 1333 2953 mandatis
1378 2897 1695 2966 paruisse‘:
1727 2895 1997 2951 Danielem

418 2987 522 3042 hoc
567 2989 739 3058 ipsum
784 2989 1170 3057 deplorantem.
1204 2987 1320 3055 Quo
1352 2997 1611 3056 tempore,
1654 2993 1733 3040 tot
1776 3000 1999 3040 enume-

417 3079 551 3132 ratis
595 3078 793 3131 sanctis
841 3078 975 3142 istis,
1007 3092 1214 3131 muscas
1258 3077 1418 3131 etiam
1448 3074 1805 3131 accusatrices
1830 3073 1998 3129 advo—

419 3168 560 3231 cavi,
579 3182 641 3222 ac
666 3168 950 3237 legitimam
977 3167 1204 3236 exempli
1226 3182 1443 3222 causam
1470 3166 1705 3235 adjunxi,
1723 3181 1846 3221 cum
1866 3165 1995 3230 dixi,

419 3256 864 3326 quemadmodum
887 3258 1076 3313 alienis
1105 3259 1209 3313 illze
1232 3258 1541 3312 vulneribus
1565 3257 1818 3322 insident,
1846 3257 1924 3311 sic
1946 3263 2007 3311 et

419 3358 756 3404 accusatores
775 3350 946 3405 aliena
970 3361 1183 3420 peccata
1211 3350 1478 3415 vellicare,
1506 3351 1856 3420 morbumque
1877 3348 2000 3405 inde

419 3440 707 3494 conciliare
735 3440 858 3504 illis,
892 3442 982 3508 qui
1008 3456 1128 3495 eum
1167 3440 1295 3510 ipsis
1334 3449 1646 3505 versantur;
1677 3454 1770 3494 eos
1795 3447 1996 3506 autem,

419 3529 510 3597 qui
554 3532 819 3584 contraria
866 3530 1134 3599 facerent,
1168 3547 1296 3600 apes
1343 3530 1696 3600 appellaham,
1727 3545 1833 3585 non
1882 3545 2001 3599 qua!

419 3619 729 3688 colligerent
758 3621 1123 3690 :cgritudines,
1154 3621 1246 3674 sed
1275 3634 1392 3690 qua:
1420 3634 1643 3675 summa:
1688 3620 1898 3689 pietatis
1920 3619 1999 3673 fa-

420 3725 519 3764 vos
547 3712 953 3780 concinnarent,
987 3727 1051 3767 ac
1091 3713 1285 3768 deinde
1324 3713 1565 3767 volantes
1595 3721 1746 3781 prato
1794 3713 2001 3769 virtutis

422 3816 730 3859 sanctorum
755 3806 1051 3861 insiderent
1083 3822 1095 3859 :
1126 3814 1237 3861 tum
1267 3806 1541 3871 nimirum,
1575 3814 1684 3859 tum
1712 3805 2002 3874 inexplebi-

424 3892 530 3947 lem
581 3910 691 3964 prae
734 3896 884 3951 vobis
927 3912 1164 3951 amorem
1217 3897 1431 3951 tulistis.
1464 3896 1595 3951 Nam
1648 3897 1898 3967 quoniam
1947 3896 1999 3951 in

421 3984 779 4046 prolixitatem
823 4001 999 4041 sermo
1028 3998 1208 4042 noster
1233 3996 1316 4043 est
1345 3986 1653 4056 productus,
1682 4002 1744 4043 ac
1779 3987 2000 4058 prolixi-

423 4081 585 4128 tatem
638 4075 977 4143 immensam,
1025 4087 1081 4131 et
1116 4086 1315 4147 quanta
1361 4094 1647 4147 numquam
1679 4079 1796 4144 fuit,
1838 4079 1915 4133 sic
1945 4088 2003 4133 ut

422 4176 723 4221 metuerent
769 4167 940 4231 multi,
994 4182 1062 4222 ne
1112 4167 1395 4222 verborum
1449 4168 1789 4223 multitudine
1836 4168 1999 4222 animi

423 4259 585 4314 vestri
614 4258 862 4312 alacritas
913 4259 1361 4329 exstingueretur,
1410 4261 1735 4314 contrarium
1789 4259 2002 4329 penitus

425 4349 635 4404 accidit.
667 4349 907 4417 Amplius
926 4351 1066 4404 enim
1095 4365 1192 4405 cor
1216 4359 1453 4405 vestrum
1483 4351 1859 4416 incalescebat,
1888 4367 2002 4405 am-

424 4440 563 4508 plius
606 4439 930 4494 desiderium
983 4440 1388 4496 exardescebat.
1440 4440 1593 4501 Unde
1650 4442 1702 4496 id
1751 4443 2001 4497 constat?

421 4530 651 4599 Majores
680 4529 895 4599 quidem
934 4539 1078 4584 certe
1122 4532 1334 4599 plausus
1358 4533 1458 4588 sub
1499 4532 1659 4586 ﬁnem
1688 4532 1920 4600 fuerunt,
1949 4543 2003 4589 et

422 4623 676 4679 clariores
727 4625 1166 4689 acclamationes,
1226 4624 1472 4695 idemque
1520 4626 1713 4681 accidit
1759 4625 1899 4697 quod
1947 4626 2002 4681 in

423 4715 742 4769 fornacibus.
794 4714 864 4771 Ut
906 4714 1049 4767 enim
1092 4714 1199 4769 illic
1238 4715 1387 4770 initio
1415 4715 1629 4786 quidem
1675 4732 1781 4771 non
1810 4717 1999 4772 admo-

423 4806 547 4860 dum
580 4806 780 4860 clarum
812 4814 892 4858 est
922 4805 1099 4859 lumen
1130 4805 1298 4875 ignis;
1345 4817 1622 4877 postquam
1656 4817 1832 4862 autem
1862 4808 1999 4879 ligna

422 4899 622 4963 omnia,
653 4914 771 4968 qum
821 4898 1063 4967 imposita
1106 4898 1333 4966 fuerant,
1366 4899 1576 4956 flamma
1621 4901 1897 4970 corripuit,
1950 4901 2000 4955 in

421 5004 669 5057 magnam
704 4987 907 5041 tollitur
935 4988 1300 5043 altitudinem:
1323 4991 1400 5046 sic
1426 4999 1481 5044 et
1504 4991 1596 5045 illo
1619 4991 1707 5045 die
1730 5000 1840 5046 tum
1870 5002 2004 5047 tem—

422 5080 691 5148 porislioc
716 5080 908 5133 evenit.
937 5080 1090 5141 Initio
1135 5081 1344 5148 quidem
1395 5096 1500 5134 non
1541 5081 1824 5135 admodum
1869 5082 1999 5136 mihi

422 5171 859 5225 commovebatur
887 5170 972 5224 hic
1006 5181 1204 5235 coetus;
1253 5169 1344 5224 ubi
1393 5186 1521 5236 vero
1569 5171 1774 5242 lengius
1825 5187 2001 5227 sermo

421 5262 714 5333 productus
742 5272 821 5315 est
852 5271 907 5315 et
952 5277 1137 5316 omnes
1180 5262 1478 5332 argumenti
1512 5263 1771 5331 [impositi
1819 5271 2001 5331 partes

422 5354 633 5414 invasit,
682 5353 1015 5423 ampliorque
1063 5355 1419 5422 proseminata
1461 5354 1705 5407 doctrina
1743 5362 1844 5415 cst,
1891 5363 1999 5407 tum

422 5447 671 5500 nimirum
724 5445 790 5499 ad
847 5446 1103 5513 majorem
1163 5444 1409 5500 audiendi
1459 5445 1798 5515 cupiditatem
1850 5460 2004 5499 exar-

421 5536 585 5600 sistis,
621 5551 685 5590 ac
723 5536 1088 5591 vehementior
1129 5538 1347 5607 plausus
1399 5538 1594 5607 erupit.
1642 5536 1757 5603 Quo
1806 5535 2002 5595 factum

486 5673 504 5705 ³
540 5680 667 5746 tinus
681 5674 833 5746 (solo,
874 5674 1187 5746 pampinum.
1219 5675 1371 5742 legem
1412 5675 1701 5741 transgressi
1744 5680 2005 5741 statutam

423 5734 650 5785 trucidata
677 5737 760 5785 Dei
782 5734 1244 5788 izun‘cuatodt't‘t'mus.

1171 323 1233 381 S.
1271 318 1547 379 JOANNIS
1580 314 2054 376 CllRYSOSTOMi
2092 317 2412 376 ARCHTEP.
2450 314 2980 375 CONSTANTINOP.

3549 303 3657 362 256

2074 444 2179 503 est,
2210 443 2267 488 ut
2293 435 2501 488 tametsi
2534 446 2621 487 me
2662 429 2727 486 ad
2765 428 3013 500 pauciora
3039 422 3264 480 dicenda
3303 433 3658 492 comparave-

2076 542 2208 592 ram,
2242 536 2354 579 tum
2396 525 2613 577 modum
2644 520 3001 583 excesserim;
3051 518 3158 571 imo
3202 529 3333 569 vero
3361 524 3663 581 numquam

2077 632 2176 687 ego
2198 616 2412 671 modum
2444 609 2649 669 excessi
2688 626 2704 662 :
2743 609 3002 679 siquidem
3030 607 3285 662 doctrinm
3306 605 3665 675 quantitatem

2078 724 2184 763 non
2223 724 2286 762 ex
2319 721 2499 761 eorum
2529 719 2647 774 qua:
2672 702 2922 756 dicuntur
2965 697 3323 761 multitudine,
3358 695 3456 750 sed
3486 710 3555 749 ex
3582 692 3667 746 af-

2081 798 2219 851 fectu
2264 810 2471 860 eorum,
2503 794 2592 863 qui
2643 791 2887 851 audiunt,
2942 790 3091 844 soleo
3138 786 3337 841 metiri.
3392 786 3528 839 Nam
3576 784 3668 852 qui

2080 896 2403 944 nauseantes
2428 894 2615 939 nactus
2642 893 2724 938 est
2743 882 3038 945 auditores.
3062 879 3187 934 licet
3211 877 3510 932 doctrinam
3533 890 3672 929 con-

2082 980 2323 1045 traxerit,
2343 977 2640 1032 molestiam
2668 975 2876 1028 videtur
2900 970 3190 1034 exhibere;
3218 968 3308 1038 qui
3334 981 3466 1022 vero
3494 974 3677 1021 atten-

2084 1080 2167 1125 tos
2197 1085 2260 1125 ac
2289 1069 2493 1138 vigiles,
2520 1067 2644 1120 licet
2671 1062 2981 1136 produxerit
3006 1060 3231 1131 longius,
3257 1073 3325 1113 ne
3350 1060 3424 1112 ita
3452 1056 3677 1127 quidem

2084 1162 2262 1231 explet
2287 1158 2656 1228 cupiditatem.

2159 1252 2282 1306 Non
2309 1250 2356 1303 dt
2371 1250 2487 1303 bent
2506 1248 2696 1313 inﬁrmi
2723 1247 2919 1316 exigere
2955 1260 2987 1298 tt
3023 1242 3375 1299 concinnatam
3397 1249 3454 1296 ut
3478 1239 3678 1297 breuior

2088 1346 2171 1400 sit.
2196 1374 2267 1385 σ-
2292 1342 2397 1398 Sed
2425 1341 2675 1412 quoniam
2704 1352 3099 1407 nonnumquam
3124 1334 3332 1399 accidit,
3359 1343 3413 1390 ut
3438 1342 3591 1388 tanto
3621 1332 3678 1387 in

2087 1436 2282 1507 populo
2304 1435 2413 1490 sint
2438 1431 2731 1486 imbecilles
2759 1429 3021 1494 nonnulli,
3051 1427 3140 1497 qui
3169 1426 3432 1481 sermonis
3454 1424 3681 1493 prolixi-

2092 1538 2253 1582 tatem
2282 1528 2493 1595 assequi
2525 1524 2743 1578 minimc
2773 1527 3015 1592 possunt,
3047 1519 3117 1573 ad
3141 1518 3242 1573 hoc
3264 1532 3357 1573 eos
3383 1517 3546 1571 statui
3577 1530 3680 1570 co-

2093 1618 2323 1681 hortari,
2354 1624 2414 1670 ut
2439 1629 2558 1669 cum
2596 1612 2890 1677 audierint,
2926 1620 3179 1679 quantum
3206 1624 3398 1680 capere
3429 1612 3678 1679 possunt,

2091 1717 2283 1764 etcum
2307 1706 2542 1775 acceptis
2566 1705 2629 1759 iis
2651 1744 2666 1770 ,
2696 1719 2813 1773 quae
2841 1701 3109 1756 sufficiunt
3137 1700 3240 1754 illis
3262 1741 3277 1765 ,
3306 1698 3639 1754 recesserint
3664 1714 3679 1749 :

2094 1815 2252 1855 nemo
2276 1800 2471 1870 quippe
2499 1806 2641 1852 vetat
2672 1809 2844 1864 neque
2881 1795 3044 1865 cogit,
3075 1801 3134 1847 ut
3161 1792 3301 1846 ultra
3337 1804 3498 1861 quam
3529 1790 3683 1843 vires

2097 1896 2330 1965 ipsorum
2358 1892 2567 1956 ferant,
2603 1890 2687 1944 hic
2717 1894 3004 1951 maneant,
3033 1900 3103 1941 ne
3132 1884 3285 1938 nobis
3312 1891 3435 1937 ante
3466 1891 3683 1950 tempus

2098 1986 2312 2042 finiendi
2354 1999 2653 2041 sermonem
2698 1980 3069 2036 necessitatem
3118 1977 3411 2047 imponant.
3456 1974 3592 2029 Nam
3626 1985 3683 2028 tu

2094 2078 2309 2149 quidem
2337 2076 2581 2145 expletus
2605 2089 2686 2139 es,
2717 2073 2810 2127 sed
2842 2070 3005 2125 frater
3033 2079 3153 2123 tuus
3178 2069 3352 2122 adhuc
3379 2066 3550 2121 eam-it
3576 2081 3592 2116 :
3626 2074 3685 2119 et

2098 2179 2152 2225 tu
2184 2186 2367 2225 eorum
2398 2183 2515 2239 quae
2544 2167 2681 2220 dieta
2726 2172 2848 2219 sunt
2878 2162 3028 2233 copia
3058 2160 3238 2216 ebrius
3266 2172 3357 2224 es,
3390 2157 3483 2212 sed
3516 2155 3687 2210 frater

2099 2272 2218 2317 tuus
2246 2261 2419 2315 adhuc
2458 2258 2585 2314 sitit.
2631 2256 2811 2326 Neque
2851 2265 2992 2308 tuam
3040 2242 3455 2307 imbecillitatem
3496 2256 3687 2318 gravet

2099 2355 2189 2410 ille
2217 2354 2364 2423 plura
2391 2349 2631 2421 cogendo
2653 2349 2947 2423 suscipere,
2974 2359 3131 2415 quam
3162 2355 3267 2397 tuae
3293 2342 3430 2396 vires
3459 2341 3635 2395 ferant
3667 2356 3682 2392 :

2098 2462 2274 2516 neque
2295 2444 2632 2515 CUpiditatem
2664 2443 2780 2510 ejus
2803 2453 2965 2496 vexes
2994 2435 3347 2509 prohibendo,
3373 2449 3441 2489 ne
3466 2442 3635 2489 totum
3664 2474 3682 2500 ,

2099 2538 2243 2609 quod
2265 2551 2456 2603 capere
2483 2541 2672 2604 potest,
2705 2531 2968 2585 admittat.

2170 2629 2222 2681 2.
2268 2628 2379 2681 lloc
2419 2634 2473 2680 et
2508 2625 2558 2679 in
2591 2621 2825 2693 profanis
2868 2621 2926 2675 ﬁt
2964 2618 3163 2674 mensis
3194 2634 3207 2671 :
3236 2616 3327 2671 alii
3364 2615 3556 2681 citius,
3583 2611 3687 2668 alii

2103 2720 2303 2776 tardius
2323 2718 2624 2788 explentur,
2648 2723 2703 2772 et
2726 2729 2898 2783 neque
2922 2711 3040 2767 illos
3065 2710 3118 2765 lii
3142 2707 3557 2780 reprehendunt,
3578 2720 3687 2760 ne-

2101 2829 2203 2882 que
2221 2812 2319 2865 bos
2344 2811 2416 2864 illi
2435 2808 2812 2863 condemnant.
2830 2804 3028 2860 Verum
3048 2803 3154 2858 illie
3174 2800 3387 2872 quidem
3407 2799 3513 2854 cito
3532 2812 3695 2853 rcee-

2102 2904 2226 2959 dere
2242 2901 2504 2956 laudabile
2522 2909 2604 2954 est
2625 2915 2638 2952 :
2660 2898 2743 2952 hic
2756 2912 2887 2952 vero
2904 2897 3012 2951 cito
3030 2893 3280 2950 recedere
3293 2908 3396 2948 non
3414 2890 3689 2947 laudabile

2104 3005 2207 3061 est,
2236 2991 2327 3046 St‘d
2358 2991 2509 3045 venia
2534 2989 2751 3061 dignum
2786 3006 2798 3043 :
2833 2988 2938 3042 illic
2962 2985 3164 3041 tardius
3186 2999 3398 3041 cessare
3420 2982 3695 3052 vituperio

2103 3100 2166 3139 ac
2189 3081 2591 3153 reprehensioni
2613 3080 2929 3144 obnoxium,
2952 3078 3040 3134 bie
3059 3091 3185 3133 vero
3210 3076 3412 3131 tardius
3431 3072 3690 3130 recedere

2105 3174 2316 3227 laudem
2363 3181 2419 3227 et
2458 3170 2973 3226 commendationem
3015 3167 3152 3238 parit
3192 3166 3500 3221 maximam.
3541 3163 3688 3230 Quid

2105 3264 2209 3318 ita?
2235 3262 2387 3329 Quod
2417 3263 2524 3318 illic
2553 3262 2764 3332 quidem
2797 3258 3016 3315 tarditas
3041 3274 3105 3313 ex
3134 3257 3361 3328 ingluvie
3390 3264 3638 3309 nascatur
3664 3266 3684 3306 :

2103 3355 2192 3410 hic
2232 3370 2359 3409 vero
2396 3369 2465 3410 ex
2509 3353 2768 3423 spirituali
2816 3350 3105 3421 cupiditate
3149 3362 3409 3418 sacroque
3447 3342 3690 3416 appetitu

2104 3445 2400 3502 constantia
2427 3444 2738 3499 concilietur
2760 3448 2816 3497 et
2839 3440 3110 3511 patientia.

2180 3534 2327 3590 Unde
2370 3534 2614 3605 originem
2657 3531 2851 3586 duxerit
2899 3529 3077 3583 divisio
3125 3528 3433 3598 linguarum.
3472 3550 3543 3564 --
3575 3522 3687 3579 Sed

2099 3625 2209 3697 jam
2261 3624 2389 3679 satis
2436 3622 2699 3677 indultum
2748 3621 2817 3675 sit
2859 3618 3167 3690 prooemiis;
3216 3630 3314 3670 nos
3362 3630 3491 3671 vero
3526 3614 3686 3670 dein—

2105 3734 2231 3788 ceps
2270 3718 2337 3772 ad
2382 3715 2513 3771 illud
2556 3715 2791 3771 debitum
2845 3727 3160 3783 pergemus,
3207 3710 3349 3780 quod
3390 3710 3543 3766 nobis
3589 3709 3687 3765 illo

2105 3809 2192 3864 die
2218 3808 2479 3877 reliquum
2510 3806 2630 3861 fuit.
2656 3805 2793 3874 Quid
2820 3804 2978 3875 igitur
3003 3802 3131 3857 illud
3161 3802 3259 3855 fuit
3284 3801 3426 3871 quod
3457 3810 3568 3855 tum
3597 3800 3688 3854 diu

2105 3898 2397 3953 cebamns?
2422 3897 2592 3954 Unam
2618 3897 2819 3952 scilicet
2864 3905 2972 3949 tum
3013 3893 3177 3948 fuisse
3206 3893 3435 3962 linguam
3475 3891 3687 3947 cunctis

2106 3991 2415 4045 hominibus
2435 4031 2449 4056 ,
2477 3987 2921 4060 quemadmodum
2948 3995 3003 4042 et
3027 3997 3270 4040 naturam
3302 4000 3480 4052 unam,
3511 3998 3690 4054 neque

2106 4083 2270 4136 ullum
2302 4082 2464 4135 fuisse
2488 4080 2634 4136 vocis
2660 4078 2876 4133 alterius
2901 4078 2984 4130 vel
3028 4077 3250 4131 alterius
3287 4076 3501 4146 linguae.
3527 4074 3691 4131 Unde

2106 4172 2265 4243 igitur
2295 4179 2437 4227 tanta
2467 4170 2729 4225 sermonis
2757 4168 3080 4224 diversitas?
3119 4168 3195 4222 Ex
3223 4168 3537 4238 negligentia
3564 4165 3691 4221 illo-

2105 4278 2223 4317 rum
2244 4301 2258 4324 ,
2282 4261 2370 4331 qui
2398 4260 2593 4314 donum
2620 4267 2937 4328 acceperant
2965 4275 2979 4311 :
3006 4272 3232 4328 quorum
3261 4268 3544 4327 utrumque
3565 4264 3679 4313 tum

2106 4353 2336 4408 diximus
2360 4394 2374 4418 ,
2404 4362 2459 4407 et
2484 4367 2547 4408 ex
2575 4353 2777 4407 unitate
2816 4352 3081 4407 sermonis
3112 4351 3319 4405 Domini
3347 4350 3686 4406 clementiam

2106 4446 2589 4501 demonstravimus
2614 4454 2772 4516 atque
2800 4459 2867 4499 ex
2886 4443 3192 4501 diversitate
3216 4443 3477 4499 sermonis
3503 4444 3682 4514 ingra-

2108 4550 2281 4593 torum
2308 4538 2700 4609 improbitatem
2729 4552 3023 4592 servorum.
3052 4537 3183 4591 Nam
3224 4537 3315 4592 ille
3342 4536 3556 4607 quidem
3582 4536 3689 4592 etsi

2106 4630 2425 4700 praeviderat
2448 4644 2545 4686 nos
2569 4630 2766 4684 donum
2791 4629 3103 4694 amissuros,
3129 4637 3303 4682 tamen
3324 4628 3543 4697 largitus
3563 4637 3687 4693 est;

2106 4733 2159 4776 at
2189 4722 2225 4777 ii
2253 4722 2444 4792 quibus
2468 4720 2727 4775 creditum
2758 4728 2874 4785 est,
2902 4718 3158 4773 malitiam
3199 4732 3348 4773 suam
3377 4718 3432 4773 in
3459 4717 3689 4787 depositi

2106 4815 2510 4870 conservatione
2538 4812 2897 4868 declararunt.
2927 4812 3022 4867 Hic
3051 4812 3209 4883 igitur
3234 4827 3370 4868 unus
3394 4820 3478 4867 est
3497 4811 3687 4867 delen-

2107 4906 2271 4960 sionis
2302 4903 2489 4957 modus
2508 4944 2523 4967 ,
2552 4903 2718 4957 Deum
2757 4918 2855 4957 nos
2882 4902 2974 4956 illo
2999 4901 3141 4957 dono
3172 4903 3389 4957 minime
3413 4902 3685 4972 privasse,

2106 5013 2291 5053 verum
2318 5010 2415 5050 nos
2439 5010 2557 5065 qua:
2585 4994 2706 5049 data
2749 4992 2994 5060 fuerant,
3022 4993 3287 5048 amisisse.
3316 4993 3593 5048 Secundus
3620 4990 3692 5047 ab

2108 5090 2338 5150 illoest,
2371 5085 2513 5157 quod
2559 5085 2759 5155 majora
2799 5100 2957 5155 quam
2998 5082 3209 5139 fuerant
3241 5084 3467 5148 amissa,
3501 5091 3690 5151 postea

2106 5179 2229 5233 data
2251 5179 2354 5233 sint
2380 5177 2533 5232 nobis
2559 5218 2572 5240 ,
2604 5192 2667 5231 ac
2693 5191 2788 5247 pro
2822 5176 3091 5231 laboribus
3123 5176 3454 5244 teniporariis
3484 5184 3687 5230 aeterna

2108 5274 2212 5324 vita
2246 5286 2342 5325 nos
2388 5279 2753 5324 remuneratus
2797 5268 2897 5332 sit,
2939 5276 2992 5322 et
3029 5267 3264 5322 effecerit
3303 5281 3401 5336 pro
3431 5265 3601 5335 spinis
3623 5278 3688 5320 sc

2111 5364 2315 5417 tribulis
2336 5372 2391 5416 ut
2414 5367 2614 5416 fructus
2633 5360 2860 5430 Spiritus
2887 5360 2938 5414 in
2965 5359 3241 5413 animabus
3260 5358 3459 5413 nostris
3487 5355 3687 5428 germi~

2111 5464 2278 5510 naret.
2311 5453 2451 5511 Nihil
2474 5454 2553 5523 (α)
2576 5463 2690 5509 erat
2713 5453 2923 5508 homine
2951 5451 3128 5521 vilius,
3159 5460 3211 5507 et
3232 5450 3362 5506 nihil
3387 5450 3582 5505 factum
3606 5459 3690 5508 est

2170 5674 2245 5735 (η)
2276 5680 2425 5721 Locus
2444 5672 2508 5722 de
2529 5672 2855 5736 magnitudine
2886 5670 3093 5722 uomitus
3114 5670 3324 5736 reparati
3347 5670 3519 5721 citatus
3551 5676 3628 5721 est
3657 5679 3683 5717 ι

2120 5734 2432 5798 fbeddoreto,
2457 5734 2571 5783 Dial.
2603 5734 2646 5785 li.
