3894 6226
76 312 261 371 245

76 434 342 504 πλήρη
390 429 484 484 τὸν
531 424 786 503 κρατῆρα
821 423 918 496 τῆς
970 422 1320 487 διδασκαλίας
1365 418 1541 483 ἰστάς.
1593 413 1736 486 Ὀρῶ

80 521 260 594 γὰρ
293 522 376 574 ὅτι
409 516 548 589 μετὰ
567 515 629 570 :6
653 514 831 568 πάντα
863 512 1028 567 αὑτὸν
1068 513 1302 578 ἐκπιεῖν,
1339 509 1501 563 πάλιν
1539 506 1737 577 διψῶν-

80 627 224 674 τες
281 611 637 681 ἀναχωρεῖτε.
673 605 781 661 Καὶ
810 602 971 658 τοῦτο
1024 603 1182 670 δῆλον
1233 600 1333 672 μὲν
1385 600 1478 654 καὶ
1527 598 1593 651 ἐκ
1640 594 1736 650 τοῦ

90 701 358 764 παντὸς
388 699 605 769 ἐγένετο
624 697 837 768 χρόνου,
870 693 1104 767 μάλιστα
1125 692 1184 746 δὲ
1216 693 1283 746 ἐκ
1305 691 1406 763 τῆς
1435 686 1738 761 παρελθού-

94 804 249 857 σης
272 788 576 860 Κυριακῆς.
610 785 735 839 Ὅτι
785 783 897 855 γάρ
941 781 1253 853 ἀκορέστως
1294 780 1452 851 ὑμεῖς
1483 777 1737 850 μετέχετε

100 875 263 930 τῶν
292 876 452 930 θείων
470 875 687 945 λογίων,
716 873 901 944 ἐκείνη
957 871 1191 942 μάλιστα
1236 866 1437 934 ἔδειξεν
1463 869 1497 939 ἡ
1533 866 1736 938 ἡμέρα,

99 965 187 1017 ἐν
306 963 553 1035 περὶτοῦ
588 962 663 1034 μὴ
686 962 795 1017 δεῖν
827 960 1011 1024 κακῶς
1038 959 1221 1028 λέγειν
1266 956 1531 1028 ἀλλήλους
1567 954 1739 1008 διελε-

101 1054 357 1125 γόμην,
392 1054 479 1107 ὅτε
506 1052 601 1107 καὶ
640 1051 897 1106 ὑπόθεσιν
940 1052 1070 1122 ὑμῖν
1103 1047 1437 1120 κατηγορίας
1478 1047 1740 1116 παρεῖχον

104 1140 595 1212 ἀσφαλεστάτην,
636 1138 918 1211 παραινῶν
941 1139 1012 1192 τά
1040 1140 1216 1192 οἰκεῖα
1245 1136 1622 1207 ἁμαρτήματα
1645 1131 1739 1186 λέ-

104 1246 273 1298 γειν
328 1227 536 1294 κακῶς,
565 1226 704 1282 ἀλλά
734 1225 808 1298 μὴ
854 1225 923 1280 τὰ
966 1225 1223 1296 ἀλλότρια
1255 1218 1736 1295 περιεργάζεσθαι·

108 1318 235 1370 ὅτε
271 1318 400 1381 τοὺς
432 1316 619 1385 ἁγίους
644 1316 965 1386 παρήγαγον
1001 1312 1210 1367 ἑαυτῶν
1256 1311 1355 1382 μὲν
1375 1305 1741 1380 κατηγοροῦν-

105 1423 274 1473 τας,
300 1406 413 1460 τῶν
437 1405 495 1459 δὲ
523 1404 697 1459 ἄλλων
727 1401 1096 1472 φειδομένους·
1128 1400 1218 1456 τὸν
1246 1398 1454 1453 Παῦλον
1484 1397 1736 1466 λέγοντα,

105 1495 222 1549 ὅτι
284 1491 653 1566 Ἀμαρτωλῶν
687 1490 901 1563 πρῶτός
925 1491 1041 1561 εἰμι
1082 1487 1214 1558 ἐγὼ,
1250 1487 1344 1542 καὶ
1384 1487 1466 1541 ὄτι
1493 1485 1741 1558 βλάσφηο

111 1602 254 1657 μον
284 1586 416 1641 ὂντα
442 1584 538 1639 καλ⁸
570 1581 805 1654 διώκτην
851 1581 947 1636 καὶ
975 1578 1238 1652 ὑϐριστὴν
1266 1580 1294 1632 6
1340 1578 1474 1641 Θεὸς
1511 1576 1737 1648 ἠλέησε,

108 1676 245 1729 καὶ
284 1675 546 1747 ἐκτρωμα
570 1673 761 1728 ἐαυτὸν
789 1670 1078 1735 καλοῦντα,
1106 1672 1201 1724 καὶ
1215 1667 1333 1723 οὑδὲ
1358 1668 1458 1739 τῆς
1486 1666 1593 1721 τῶν
1613 1666 1743 1719 ἀπο-

114 1763 363 1818 στόλων
398 1761 769 1835 προσηγορίας
795 1760 944 1828 ἄξιον
980 1755 1119 1813 εἶναι
1164 1756 1471 1828 νομίζοντα·
1494 1753 1586 1808 τὸν
1630 1754 1740 1807 Πέ-

109 1870 281 1924 τρον
304 1852 552 1921 λέγοντα·
580 1838 829 1915 Ἔξελθε
864 1849 966 1903 ἀπ’
993 1847 1139 1917 ἐμοῦ
1170 1845 1260 1900 ὅτι
1286 1843 1444 1914 ἀνὴρ
1472 1843 1739 1914 ἁμαρτω-

116 1942 265 2007 λός
298 1942 438 2009 εἰμι·
471 1939 562 1993 τὸν
606 1937 887 1992 λίατθαῖον
938 1934 1178 2005 τελώνην
1224 1933 1421 1988 ἐαυτὸν
1465 1948 1742 2005 προσαγο-

124 2030 389 2102 ρεύοντα
426 2030 519 2084 καί
547 2029 605 2082 ἐν
645 2026 722 2099 τῷ
755 2025 932 2099 καιρῷ
973 2026 1075 2097 τῆς
1100 2024 1428 2095 ἀποστολῆς·
1461 2023 1553 2078 τὸν
1581 2022 1741 2077 Δαυῒδ

124 2119 371 2189 βοῶντα
429 2120 524 2172 καὶ
577 2118 828 2187 λέγοντα,
885 2119 956 2172 Αἱ
998 2116 1242 2185 ἀνομίαι
1270 2132 1391 2185 μου
1432 2112 1742 2181 ὑπερῆράν

119 2208 268 2277 τὴν
299 2206 576 2277 κεφαλήν·
620 2223 761 2277 μου·
815 2203 960 2259 ὡσεὶ
1006 2205 1254 2274 φορτίον
1282 2202 1445 2270 βαρὺ
1495 2202 1742 2269 ἐϐαρύν-

123 2302 356 2363 θησαν
385 2296 479 2349 ἐπ’
505 2293 626 2365 ἐμέ·
659 2293 751 2348 καὶ
797 2293 889 2347 τὸν
929 2290 1159 2348 Ἡσαΐαν
1204 2291 1609 2364 ἀποδυρόμενον
1649 2289 1742 2342 καὶ

126 2384 481 2455 θρηνοῦντα,
531 2383 612 2437 ὅτι
671 2381 1031 2452 ’Λκὰθαρτός
1092 2383 1230 2452 ειμι,
1280 2381 1378 2434 καὶ
1435 2378 1742 2446 ἀκάθαρτα

127 2474 333 2542 χείλη
365 2471 504 2542 ἔχω·
559 2471 687 2535 τοὺς
715 2472 865 2543 τρεῖς
909 2471 1107 2532 παῖδας
1136 2472 1192 2522 ἐν
1215 2471 1280 2540 τῇ
1322 2467 1537 2538 καμίνῳ
1570 2468 1742 2538 πυρὸς

127 2559 684 2632 ἐξομολογουμένους
733 2559 829 2613 καί
884 2559 1165 2629 λέγοντας,
1217 2559 1301 2611 ὅτι
1352 2557 1602 2628 ἥμαρτον
1649 2557 1742 2609 καὶ

125 2650 442 2721 ὴνόμησαν
482 2649 576 2704 καὶ
602 2649 672 2703 τά
704 2647 1108 2720 προστάγματα
1143 2644 1241 2699 τοῦ
1270 2645 1405 2699 Θεοῦ
1424 2646 1522 2697 οὑκ
1539 2644 1740 2713 ἐφυλά-

131 2738 318 2803 ξαντο
332 2750 382 2778 ι·
404 2738 497 2790 τὸν
511 2737 708 2810 Δανιὴλ
723 2737 786 2790 :6
801 2735 931 2790 αὐτὸ
949 2735 1109 2789 τοῦτο
1128 2733 1291 2787 πάλιν
1313 2732 1737 2802 ἀποδυρόμενον.

132 2826 290 2884 Ὅτε
321 2826 459 2900 μετά
514 2827 607 2880 τὸν
648 2825 757 2879 τῶν
818 2825 991 2895 ἁγίων
1038 2823 1339 2891 κατάλογον
1395 2819 1603 2874 τούτων
1647 2820 1743 2873 καὶ

139 2915 323 2988 μυίας
351 2915 586 2969 ἐκάλεσα
627 2914 756 2977 τοὺς
798 2911 1160 2984 κατηγόρους,
1201 2911 1297 2965 καὶ
1341 2907 1437 2962 τοῦ
1484 2907 1745 2978 παραδεί-

133 3021 365 3075 γματος
411 3003 629 3057 δικαίαν
673 3002 953 3074 ἐπήγαγον
1012 2999 1111 3071 τήν
1156 2999 1357 3063 αἰτίαν,
1411 2996 1607 3066 λέγων,
1660 2997 1743 3049 ὅτι

135 3094 408 3165 καθάπερ
442 3094 647 3147 ἐκεῖναι
677 3094 789 3156 τοῖς
820 3089 1133 3164 τραύμασιν
1163 3086 1552 3157 ἐγκαθέζονται
1580 3085 1740 3138 ἀλλο-

136 3181 349 3254 τρίοις,
382 3179 525 3236 οὕτω
557 3180 653 3235 καὶ
684 3180 734 3233 οἰ
757 3180 1053 3249 κατήγοροι
1075 3176 1143 3232 τὰ
1178 3174 1435 3247 ἀλλότρια
1456 3174 1745 3229 δάκνουσιν

142 3270 557 3342 ἁμαρτήματα,
581 3267 735 3323 νόσον
772 3266 981 3320 ἐκεῖθεν
1003 3268 1118 3329 τοῖς
1161 3263 1576 3334 συγγινομένοις
1612 3262 1744 3315 συλ-

140 3361 431 3431 λέγοντες·
472 3361 567 3415 xu:
602 3361 731 3424 τοὺς
764 3359 1024 3414 τάναντία
1067 3358 1125 3411 δὲ
1158 3356 1449 3419 ποιοῦντας
1489 3354 1745 3425 μελίττας

144 3454 592 3527 προσηγόρευον,
623 3454 744 3524 οὑχί
772 3453 1053 3523 νοσήματα
1085 3448 1444 3519 συναγούσας,
1478 3447 1617 3502 ἀλλά
1647 3465 1747 3518 κη·-

149 3544 252 3617 ρία
285 3542 642 3616 πηγνυμένας
685 3541 972 3605 εὐλαϐείας
1017 3541 1305 3613 μεγίστης,
1336 3540 1431 3593 καὶ
1471 3537 1615 3592 οὕτω
1669 3536 1746 3608 τῷ

144 3634 385 3708 λειμῶνι
408 3636 508 3706 τῆς
533 3635 734 3707 ἀρετῆς
766 3634 875 3688 τῶν
906 3633 1077 3702 ἁγίων
1112 3634 1314 3702 ἐφιπτα
1324 3633 1492 3703 μένας
1524 3631 1583 3671 1)·
1616 3630 1745 3683 τότε

146 3729 240 3801 δὴ,
272 3729 399 3783 τότε
419 3729 512 3782 τὸν
543 3728 836 3799 ἀκόρεστον
863 3727 1016 3797 ὑμῶν
1040 3725 1277 3790 ἐδείξατε
1306 3724 1505 3796 ἔρωτα.
1528 3722 1745 3790 Ἐπειδὴ

149 3818 271 3890 γάρ
288 3820 369 3881 εἰς
406 3819 578 3888 μῆκος
603 3818 735 3887 ήμῖν
757 3818 786 3870 6
812 3816 969 3885 λόγος
995 3815 1247 3886 ἐξετάθη,
1279 3817 1371 3869 καί
1402 3815 1574 3885 μῆκος
1591 3813 1748 3868 άπειο

158 3927 280 3981 ρον,
316 3910 412 3964 καὶ
441 3911 565 3963 ὅσον
596 3908 874 3972 οὐδέποτε,
924 3907 1111 3961 πολλοὶ
1148 3907 1248 3978 μὲν
1298 3907 1645 3978 προσεδόκων
1672 3903 1748 3974 τῷ

154 3999 359 4070 πλήθει
385 3998 492 4054 τῶν
522 3999 828 4068 λεγομένων
869 3998 969 4068 τὴν
1014 3996 1323 4068 προθυμίαν
1352 3997 1481 4066 ὑμῖν
1519 3994 1749 4065 σϐεσθή-

159 4091 377 4153 σεσθαι,
413 4092 662 4160 ἐγίγνετο
696 4090 753 4145 δὲ
784 4089 1115 4144 τούναντίον·
1165 4088 1365 4159 μᾶλλον
1402 4087 1513 4159 γάρ
1547 4088 1675 4158 ὑμῖν
1716 4088 1748 4156 ή

159 4185 362 4258 καρδία
393 4184 821 4256 διεθερμαίνετο,
857 4183 1053 4254 μᾶλλον
1078 4182 1342 4252 ἐξήπτετο
1370 4182 1399 4235 6
1429 4179 1612 4243 πόθος.
1642 4179 1750 4231 Καὶ

160 4279 332 4333 πόθεν
355 4277 513 4347 δῆλον
533 4294 548 4342 ;
584 4275 648 4332 Οἱ
678 4275 811 4346 γοῦν
835 4277 971 4349 πρὸς
990 4275 1067 4347 τῷ
1088 4276 1231 4329 τέλει
1258 4275 1544 4345 γενόμενοι
1566 4272 1751 4345 κρότοι

163 4370 389 4441 μείζους
424 4365 584 4441 ἦσαν,
610 4369 707 4423 καὶ
752 4368 1130 4440 λαμπρότεραι
1165 4368 1222 4420 αἰ
1263 4367 1400 4436 βοαί·
1430 4366 1525 4419 καὶ
1557 4365 1721 4419 ταυτὺ

166 4461 499 4526 συνέϐαινεν,
535 4456 647 4515 οἷον
670 4461 765 4514 ἐπὶ
789 4460 900 4513 τῶν
928 4459 1195 4530 καμίνων.
1225 4458 1495 4529 Καθάπερ
1511 4458 1618 4527 γάρ
1636 4458 1754 4510 ἐκεῖ

166 4550 321 4621 παρὰ
354 4550 450 4621 μὲν
480 4551 581 4621 τὴν
610 4551 783 4622 ἀρχὴν
812 4551 873 4603 οὑ
925 4549 1133 4620 σφόδρα
1182 4547 1434 4618 λαμπρόν
1487 4549 1604 4600 ἐστι
1656 4544 1752 4598 τοῦ

167 4640 343 4712 πυρὸς
367 4640 430 4694 τὸ
459 4640 597 4709 φῶς,
648 4638 870 4692 ἐπειδὰν
896 4638 954 4691 δέ
996 4639 1252 4692 ἁπάντων
1290 4635 1617 4707 ἐπιλάϐηται
1647 4636 1753 4689 τῶν

169 4730 325 4804 [248]
367 4730 727 4801 ἐπικειμένων
778 4729 949 4795 ξύλων
980 4732 1014 4801 ἡ
1047 4729 1203 4798 φλὸξ,
1236 4729 1316 4792 εἰς
1359 4726 1493 4798 ὕψος
1537 4729 1754 4802 αἴρεται

174 4823 336 4894 μέγα·
359 4822 508 4878 οὑτω
540 4823 604 4894 δὴ
639 4824 734 4877 καὶ
762 4823 857 4876 ἐπὶ
884 4823 984 4893 τῆς
1012 4822 1229 4893 ἡμέρας
1258 4820 1381 4875 τότε
1403 4820 1620 4892 ἐκείνης
1635 4819 1756 4874 τοῦ·

170 4933 231 4968 το
263 4914 481 4985 συνέϐη.
517 4914 675 4984 Παρὰ
712 4914 809 4985 μὲν
859 4913 958 4984 τὴν
1014 4912 1191 4984 ἀρχὴν
1237 4914 1300 4967 οὑ
1355 4912 1563 4984 σφόδρα
1609 4929 1698 4983 μοι
1727 4913 1756 4965 6

176 5007 432 5076 σύλλογος
471 5001 625 5070 οὗτος
649 5006 954 5079 ἐκεκίνητο·
991 5006 1179 5076 ἐπειδὴ
1202 5005 1260 5059 δὲ
1282 5007 1311 5058 6
1348 5005 1507 5074 λόγος
1540 5005 1621 5068 εἰς
1653 5003 1757 5075 μῆ·-

176 5118 270 5166 κος
290 5099 516 5171 ἐξετάθη
547 5102 642 5155 καὶ
659 5099 873 5153 πάντων
897 5099 1194 5153 ἐπελάϐετο
1225 5097 1333 5151 τῶν
1357 5095 1756 5167 ὑποκειμένων,

176 5195 271 5247 καί
297 5193 499 5248 πλείων
538 5193 571 5264 ἡ
615 5193 936 5247 διδασκαλία
979 5192 1310 5264 κατεϐλήθη,
1335 5191 1460 5245 τότε
1510 5190 1595 5261 δὴ,
1637 5189 1760 5242 τότε

180 5283 305 5354 ὑμῖν
332 5282 608 5347 ἐξεκαίετο
628 5282 726 5352 τῆς
769 5282 1090 5353 ἀκροάσεως
1120 5280 1462 5352 ἡέπιθυμία,
1502 5279 1599 5332 καὶ
1627 5294 1759 5347 σιρο-

181 5372 430 5444 δρότερος
471 5373 499 5424 6
543 5372 735 5444 κρότος
776 5369 1163 5443 ἐξεῤῥήγνυτο.
1217 5369 1316 5422 Διά
1345 5367 1523 5433 τοῦτο,
1581 5367 1762 5421 καίτοι

185 5465 385 5518 ἐλάττω
402 5463 507 5518 τῶν
525 5442 832 5535 εἰρημένων
847 5461 1364 5533 παρεσκευασμένος
1384 5463 1560 5515 εἰπεῖν
1603 5458 1776 5523 ὑπερ-

245 5641 268 5709 _'
288 5645 424 5709 linus
441 5645 578 5709 εφη).
603 5645 876 5709 ἡμάρτομεν
894 5646 977 5696 καὶ
1000 5646 1367 5709 ἦνομήσαμεν...
1393 5642 1697 5709 ἐφυλάξαμεν.

207 5705 435 5814 ιεζιίίηεε
453 5707 596 5759 Colb.
632 5705 960 5776 ἐφαπτομένας.
996 5705 1386 5770 υιιτέιίιιισιοοιὶο
1405 5705 1646 5769 Quadrato
1672 5719 1763 5769 po-

938 300 1298 361 DA'ZMONES
1337 300 1481 358 NON
1518 295 1955 357 GUBERNARE
1991 299 2310 360 MUNDUM.
2351 300 2587 359 HOMIL.
2628 301 2672 359 1.

3309 306 3418 366 ῑιθ

1844 417 1978 489 έ6ην
2003 419 2127 473 τότε
2178 421 2280 493 τὴν
2304 422 2669 494 συμμετρίαν·
2714 422 2914 494 μᾶλλον
2955 423 3013 478 δέ
3037 424 3293 480 οὐδέποτε
3321 432 3422 500 τὴν

1844 512 2188 584 συμμετρίαν
2232 514 2510 586 ὑπερέϐην
2557 513 2689 584 ἐγώ·
2727 513 2826 586 τὴν
2872 515 2981 588 γὰρ
3010 516 3284 585 ποσότητα
3322 519 3423 589 τῆς

1842 604 2190 670 διδασκαλίας
2215 607 2276 660 οὑ
2310 606 2390 679 τῷ
2437 607 2633 680 πλήθει
2680 608 2788 662 τῶν
2820 607 3151 680 λεγομένων,
3187 609 3323 665 ἀλλά
3352 613 3422 683 τῇ

1842 697 2080 753 διαθέσει
2101 698 2212 753 τῶν
2253 710 2277 740 ο
2317 701 2686 771 ἀκροωμένων
2737 705 2957 774 μετρεῖν
2988 702 3052 757 ἂν
3084 703 3320 773 πέφυκα.
3368 704 3425 756 '0

1847 790 1947 862 μὲν
1973 791 2081 863 γάρ
2108 791 2441 857 ναυτιῶντας
2469 792 2647 846 λαϐὼν
2675 794 2972 866 ἀκροατὰς,
3019 795 3120 850 κᾶν
3172 795 3425 869 συστείλῃ

1843 880 1944 954 τὴν
1978 882 2350 948 διδασκαλίαν,
2404 887 2757 957 παρενοχλεῖν
2805 888 2968 941 δοκεῖ·
3017 890 3046 942 6
3089 887 3146 941 δὲ
3189 888 3426 960 θερμοὺς

1845 975 1940 1029 καὶ
1969 975 2430 1048 διεγηγερμένους
2464 978 2561 1031 καὶ
2595 980 2884 1049 νήφοντας,
2913 980 3019 1034 κᾶν
3045 980 3262 1053 ἐκτείνῃ
3290 981 3426 1054 πρὸς

1847 1067 2040 1138 μῆκος,
2070 1067 2191 1120 οὐδὲ
2226 1067 2369 1122 οὑτω
2404 1068 2504 1141 τὴν
2531 1070 2829 1142 ἐπιθυμίαν
2855 1072 3213 1145 ἐμπίπλησιν.

1929 1178 2067 1232 Ἀλλ’
2092 1179 2279 1253 ἐπειδὴ
2312 1181 2597 1253 συμϐαίνει
2627 1181 2767 1238 εἶναί
2787 1202 2941 1249 τινας
2975 1187 3067 1240 καὶ
3093 1187 3342 1252 ἀσθενεῖς
3368 1190 3428 1244 ἐν

1845 1270 2002 1343 δήμῳ
2021 1273 2281 1346 τοσούτῳ,
2309 1275 2705 1341 ἀδυνατοῦντας
2732 1278 3207 1351 παρακολουθῆσαι
3230 1280 3309 1353 τῷ
3328 1282 3430 1353 μή·

1847 1379 1934 1416 κει
1981 1363 2076 1417 τοῦ
2103 1363 2284 1433 λόγου,
2318 1367 2497 1423 ἐκεῖνο
2543 1369 2741 1433 αὐτοὺς
2779 1371 3108 1442 παραινέσαι
3146 1371 3428 1444 βούλομαι,

1847 1454 2191 1521 ἀκούσαντας
2217 1457 2318 1511 ὅσα
2345 1457 2600 1514 δύνανται
2628 1460 2904 1525 δέξασθαι,
2938 1464 3033 1516 καί
3063 1463 3131 1517 τά
3156 1464 3430 1533 ἀρκοῦντα

1846 1546 2110 1613 λαϐόντας
2148 1554 2525 1625 ἀναχωρῆσαι·
2576 1554 2751 1620 οὐδεὶς
2790 1558 2818 1609 6
2848 1557 3072 1611 κωλύων
3097 1558 3218 1612 οὑδέ
3246 1558 3432 1628 βιαζό-

1851 1658 2010 1713 μενος
2030 1644 2172 1716 πέρα
2193 1645 2290 1717 τῆς
2320 1646 2527 1711 οἰκείας
2568 1647 2749 1717 μένειν
2778 1649 3081 1721 δυνάμεως·
3122 1650 3214 1704 τὸν
3246 1651 3431 1723 μέντοι

1847 1733 2006 1803 λόγον
2038 1736 2114 1808 μὴ
2132 1737 2594 1807 ἀναγκαζέτωσαν
2617 1741 2722 1812 πρὸ
2758 1738 2851 1794 τοῦ
2876 1742 3066 1814 καιροῦ
3093 1743 3187 1796 καὶ
3220 1742 3322 1813 τῆς
3349 1744 3432 1797 ol-

1848 1828 2005 1892 κείας
2031 1827 2183 1901 ὧρας
2213 1830 2619 1885 συστέλλεσθαι.
2666 1833 3039 1906 Ἐνεπλήσθης
3070 1835 3181 1907 γάρ
3211 1836 3297 1901 σὺ,
3317 1831 3430 1888 ἀλλ’

1847 1923 1876 1974 6
1900 1924 2127 1993 ἀδελφός
2159 1942 2252 1979 σου
2278 1924 2359 1979 ἔτι
2392 1926 2575 1998 πεινᾷ·
2631 1926 2727 1979 καὶ
2753 1926 2818 1980 σὺ
2859 1926 3080 1998 μεθύεις
3118 1927 3196 1998 τῷ
3235 1928 3432 2000 πλήθει

1848 2019 1956 2072 τῶν
2002 2019 2330 2091 εἰρημένων,
2362 2020 2478 2074 ἀλλ’
2503 2022 2531 2074 6
2558 2020 2791 2091 ἀδελφός
2839 2039 2933 2075 σου
2974 2021 3056 2074 ἔτι
3088 2021 3237 2093 διψᾷ.
3275 2022 3433 2093 Μήτε

1848 2111 2055 2174 ἐκεῖνος
2118 2109 2451 2181 συντριϐέτω
2512 2128 2608 2164 σου
2675 2112 2776 2182 τὴν
2835 2112 3136 2181 ἀσθένειαν,
3192 2113 3435 2182 ἀναγκά-

1850 2198 1958 2263 ζων
1980 2199 2149 2253 πλείω
2181 2200 2282 2269 τῆς
2329 2200 2539 2263 οἰκείας
2567 2201 2824 2265 δέξασθαι
2860 2203 3164 2272 δυνάμεως,
3198 2205 3336 2274 μήτε
3365 2205 3431 2259 σὺ

1850 2292 2123 2364 ἐπηρέαζε
2137 2297 2201 2364 τῇ
2235 2293 2443 2347 ἐκείνου
2469 2293 2735 2367 ἐπιθυμίᾳ
2764 2294 2990 2349 κωλύων
3018 2294 3185 2364 ἅπαν,
3202 2296 3327 2351 ὅσον
3341 2296 3433 2351 δύ-

1850 2403 2006 2439 ναται
2034 2385 2310 2453 δέξασθαι,
2339 2386 2547 2440 λαϐεῖν.
2611 2368 2615 2377 ’

1922 2510 1987 2582 β’.
2006 2511 2176 2565 Τοῦτο
2206 2512 2300 2566 καί
2330 2513 2423 2567 ἐπὶ
2448 2513 2557 2566 τῶν
2586 2512 2785 2578 ἔξωθεν
2812 2514 3024 2583 γίνεται
3047 2517 3358 2588 τραπεζῶν·
3382 2518 3434 2573 οῑ

1853 2604 1951 2673 μέν
1992 2603 2206 2669 θᾶττον,
2238 2606 2286 2658 οἱ
2316 2605 2373 2658 δέ
2407 2603 2739 2677 βραδύτερον
2765 2606 3164 2677 ἐμπίπλανται,
3186 2611 3285 2664 καὶ
3308 2608 3435 2664 οὔτε

1849 2688 1996 2749 οὗτοι
2021 2695 2345 2764 ἐγκαλοῦσιν
2373 2697 2625 2765 ἐκείνοις,
2651 2702 2777 2756 οὔτε
2796 2701 2993 2754 ἐκεῖνοι
3027 2700 3233 2756 τούτων
3262 2721 3436 2759 κατα-

1849 2786 2230 2855 γινώσκουσιν·
2258 2787 2373 2842 ἀλλ’
2411 2791 2530 2844 ἐκεῖ
2559 2789 2740 2862 μὲντδ
2767 2791 3065 2865 ταχύτερον
3107 2795 3438 2869 ἀποστῆναι,

1852 2879 2150 2951 ἐγκώμιον,
2181 2881 2415 2937 ἐνταῦθα
2440 2882 2498 2936 δὲ
2536 2883 2599 2936 τὸ
2633 2883 2930 2957 ταχύτερον
2959 2882 3285 2959 ἀποστῆναι,
3314 2890 3439 2962 οὐχὶ

1852 2972 2151 3043 ἐγκώμιον,
2187 2974 2325 3030 ἀλλὰ
2365 2975 2697 3048 συγγνώμης
2737 2976 2907 3042 ἀξιον·
2942 2980 3061 3033 ἐκεῖ
3086 2980 3150 3033 :6
3179 2981 3439 3053 βραδύτε-

1855 3086 1947 3140 ρον
1979 3068 2314 3136 παύσασθαι,
2345 3071 2653 3141 κατηγορία
2704 3071 2799 3125 καὶ
2837 3072 3064 3143 μέμψις,
3092 3074 3331 3130 ἐνταῦθα
3375 3076 3439 3131 :6

1855 3159 2183 3231 βραδύτερον
2210 3160 2530 3230 ἀποστῆναι,
2555 3159 2777 3225 ἔπαινος
2797 3163 2892 3216 καὶ
2911 3164 3049 3235 εὑφη
3058 3164 3155 3234 μία
3181 3166 3438 3237 μεγίστη.

1853 3252 1918 3305 Τί
1937 3252 2168 3321 δήποτε;
2212 3254 2335 3306 Ὅτι
2362 3254 2481 3306 ἐκεῖ
2528 3252 2626 3323 μὲν
2652 3253 2711 3318 ἐξ
2742 3255 3137 3329 ἀδδηφαγίαςή
3170 3257 3439 3329 βραδύτης

1853 3344 2084 3412 γίνεται,
2131 3343 2366 3399 ἐνταῦθα
2391 3344 2447 3397 δέ
2475 3344 2533 3412 ἐξ
2562 3343 2858 3415 ἐπιθυμίας
2908 3349 3284 3419 πνευματικῆς
3343 3350 3440 3402 καὶ

1854 3434 2002 3498 θείας
2017 3433 2297 3506 ὀρέξεωςή
2316 3435 2608 3507 παραμονὴ
2638 3435 2733 3488 καὶ
2754 3436 2789 3506 ἡ
2809 3436 3076 3507 καρτερία
3101 3436 3435 3492 συνίσταται.

1927 3525 2088 3579 Ἀλλὰ
2120 3525 2229 3580 τῶν
2252 3526 2351 3597 μέν
2383 3527 2684 3598 προοιμίων
2724 3526 2864 3591 ἆλις·
2889 3529 3048 3598 ἡμεῖς
3067 3528 3122 3582 δέ
3138 3528 3322 3583 λοιπὸν
3347 3530 3441 3584 ἐπὶ

1853 3618 1914 3672 :6
1938 3619 2100 3688 χρέος
2155 3620 2333 3672 ἐκεῖνο
2363 3617 2715 3689 βαδιούμεθα,
2761 3620 2898 3693 ὅπερ
2944 3621 3004 3685 ἐξ
3043 3621 3258 3691 ἐκείνης
3310 3623 3442 3693 ήμῖν

1856 3711 2154 3783 ὑπελείφθη
2187 3712 2287 3783 τῆς
2317 3713 2551 3785 ἡμέρας.
2580 3714 2644 3767 Τί
2666 3709 2759 3769 οῦν
2782 3716 2843 3769 :6
2863 3715 3156 3788 λεγόμενον
3175 3716 3299 3772 τότε
3336 3713 3439 3789 ἦνς

1857 3805 1980 3858 Ὀτι
2020 3806 2119 3876 μία
2149 3807 2300 3876 φωνὴ
2354 3808 2518 3861 πᾶσιν
2573 3808 2883 3880 ἀνθρώποις
2933 3805 3023 3880 ἦν,
3066 3808 3318 3880 καθάπερ
3347 3812 3442 3865 καὶ

1858 3896 2019 3966 φύσις
2049 3896 2166 3967 μία,
2186 3896 2279 3950 καὶ
2302 3897 2476 3960 οὐδεὶς
2505 3898 2839 3969 ἐτερόφωνος
2866 3898 2898 3968 ἦ
2923 3900 3322 3971 ἐτερόγλωσσος
3349 3896 3440 3971 ἧν.

1858 3986 2028 4039 Πόθεν
2055 3982 2146 4039 οὖν
2178 3989 2210 4057 ἠ
2244 3986 2483 4056 τοσαύτη
2519 3987 2826 4056 διαφωνία;
2867 3989 2999 4043 ’Λπὸ
3033 3993 3131 4068 τῆς
3168 3991 3443 4063 ῥᾳθυμίας

1856 4074 1965 4126 τῶν
1990 4073 2263 4126 λαϐόντων
2285 4074 2346 4126 :6
2372 4074 2564 4147 δῶρον·
2589 4075 2734 4147 ἅπερ
2758 4076 3046 4149 ἀμφότερα
3072 4076 3194 4131 τότε
3223 4079 3444 4150 εἰρήκαο

1861 4184 1981 4238 μεν,
2028 4167 2124 4220 καὶ
2152 4167 2240 4221 διά
2260 4168 2358 4239 τῆς
2378 4168 2689 4240 ὁμοφωνίας
2707 4170 2803 4242 τὴν
2828 4170 2921 4225 τοῦ
2962 4171 3232 4226 Δεσπότου
3256 4172 3443 4242 φιλαν-

1859 4258 2104 4331 θρωπίαν
2154 4258 2476 4325 δεικνύντες,
2492 4259 2585 4313 καὶ
2602 4257 2690 4314 διὰ
2709 4260 2802 4332 τῆς
2819 4260 3111 4331 δαφωνίας
3150 4264 3248 4335 τὴν
3262 4266 3445 4333 ἀγνω-

1862 4350 2105 4423 μοσύνην
2133 4350 2244 4406 τῶν
2270 4366 2517 4406 οἰκετων.
2573 4352 2616 4406 0
2651 4352 2751 4424 μὲν
2780 4353 2891 4426 γὰρ
2922 4354 3016 4408 καὶ
3045 4355 3335 4424 προειδὼς,
3358 4356 3443 4411 ὄτι

1860 4442 2167 4513 ἀπολοῦμεν
2196 4443 2256 4496 :6
2287 4444 2483 4516 δῶρον,
2525 4444 2677 4516 ὅμως
2703 4445 2920 4502 ἔδωκεν·
2957 4450 3005 4502 οί
3055 4448 3113 4502 δέ
3144 4450 3445 4520 ἐμπιστευ-

1862 4533 2043 4598 θέντες
2059 4532 2116 4606 [2
2124 4533 2210 4606 £9]
2225 4534 2384 4588 κακοὶ
2415 4536 2543 4607 περὶ
2563 4534 2659 4607 τὴν
2677 4538 3156 4609 παρακαταθήκην
3171 4539 3442 4608 ἐγένοντο.

1861 4621 1957 4692 Εἷς
1976 4628 2074 4698 μὲν
2105 4624 2200 4682 οὖν
2231 4627 2528 4695 ἀπολογίας
2545 4622 2700 4692 οὗτος
2728 4631 2757 4683 6
2775 4630 2996 4704 τρόπος,
3026 4632 3107 4684 ὅτι
3139 4632 3238 4703 οὑχ
3259 4634 3287 4685 6
3312 4631 3447 4697 Θεὸς

1862 4719 2086 4786 ἐξέϐαλε
2115 4720 2214 4791 τῆς
2239 4719 2472 4790 δωρεᾶς,
2521 4721 2637 4775 ἀλλ’
2661 4725 2822 4793 ἡμεῖς
2861 4724 3228 4794 ἀπωλέσαμεν
3257 4723 3329 4778 τά
3356 4724 3447 4779 δο-

1864 4812 2043 4867 θέντα·
2079 4812 2330 4886 δεύτερος
2351 4814 2408 4868 δὲ
2436 4814 2552 4885 μετ’
2586 4816 2816 4879 ἐκεῖνον,
2832 4817 2915 4870 ὅτι
2935 4816 3155 4888 μείζονα
3175 4817 3286 4872 τῶν
3308 4818 3447 4874 ἀπο-

1862 4905 2110 4960 λωλότων
2151 4907 2221 4961 τὰ
2265 4906 2486 4962 δοθέντα
2532 4906 2757 4981 ὕστερον
2790 4909 3077 4982 ἐλάϐομεν·
3117 4911 3240 4964 ἀντὶ
3268 4910 3447 4966 πόνων

1865 4999 2216 5071 προσκαίρων
2245 5000 2507 5071 ἐτίμησεν
2532 5000 2737 5072 αἰωνίῳ
2761 4999 2897 5073 ζωῇ,
2922 5003 3044 5056 ἀντί
3072 5002 3327 5058 ἀκανθῶν
3353 5003 3449 5058 καὶ

1863 5093 2127 5165 τριϐόλων
2152 5093 2243 5146 τὸν
2279 5096 2493 5166 καρπὸν
2522 5094 2617 5149 τοῦ
2667 5096 2808 5150 Πνεύ
2817 5113 2985 5167 ματος
3012 5097 3069 5150 ἐν
3096 5100 3217 5154 ταῖς
3246 5097 3449 5167 ψυχαῖς

1866 5188 2023 5257 ἡμῶν
2093 5187 2394 5259 βλαστῆσαι
2457 5189 2889 5262 παρεσκεύασεν.
2945 5190 3113 5245 Οὐδὲν
3167 5186 3236 5261 ἦν
3293 5190 3447 5242 εὑτε-

1866 5282 2119 5353 λέστερον
2174 5282 2485 5355 ἀνθρώπου,
2545 5285 2640 5338 καὶ
2694 5286 2849 5339 οὐδὲν
2886 5286 3077 5356 γέγονε
3122 5286 3447 5354 τιμιώτερον

1867 5368 2175 5439 ἀνθρώπου.
2203 5372 2277 5425 Τὸ
2303 5371 2529 5443 ἔσχατον
2560 5374 2725 5446 μέρος
2758 5376 2858 5446 τῆς
2895 5375 3120 5444 λογικῆς
3154 5372 3383 5435 κτίσεως
3418 5367 3447 5411 ἆ

1868 5453 2022 5526 οὗτος
2046 5456 2115 5517 ἦν
2134 5479 2147 5494 ο
2172 5463 2287 5517 ἀλλ’
2320 5465 2371 5518 οί
2404 5465 2564 5530 πόδες
2590 5467 2836 5535 ἐγένοντο
2865 5464 3095 5536 κεφαλὴ,
3124 5464 3219 5518 καὶ
3246 5464 3325 5526 εἰς
3357 5460 3447 5518 τὸν

1934 5644 1957 5708 °_
1980 5619 2209 5708 Cplbert;
2221 5657 2350 5708 guns
2373 5644 2493 5692 ἀλλὰ
2512 5649 2570 5707 τῇ
2589 5643 2822 5708 προθυμίᾳ
2838 5645 2950 5692 τῶν.

1932 5703 1957 5742 ά
1998 5705 2132 5753 Unus
2154 5706 2290 5780 Culte.
2335 5706 2527 5766 λογικῆς
2547 5700 2748 5768 ᾧύοίεως,
2771 5700 2824 5754 εὶ
2848 5708 2921 5756 sic
2955 5701 3107 5756 Savil.
3134 5701 3183 5754 in
3210 5708 3372 5768 textu,
3395 5700 3446 5753 in

1870 5780 2022 5830 marg.
2056 5779 2171 5815 vero
2195 5783 2411 5822 κτισεως.
