3894 6226
481 237 591 295 247

483 350 673 422 θρόνον
701 344 1079 419 ἀνηνέχθησαν
1100 340 1192 399 τόν
1232 338 1510 412 βασιλικὸν
1536 337 1625 393 διά
1652 336 1750 408 τῆς
1779 335 2055 408 ἀπαρχῆς.

483 440 751 513 Καθάπερ
780 439 890 510 γὰρ
909 433 1197 507 ἄνθρωπός
1220 449 1306 496 τις
1329 430 1610 502 φιλότιμος
1633 429 1728 483 καὶ
1755 427 2061 500 μεγαλόδω-

486 548 582 605 ρος
605 530 726 585 ίδών
748 545 871 583 τινα
902 530 966 581 ἐκ
997 522 1255 593 ναυαγίου
1292 520 1644 592 διαφυγόντα,
1680 520 1776 572 καὶ
1805 516 1866 571 16
1901 515 2063 587 σῶμα

484 622 691 696 γυμνὸν
716 621 824 676 6116
854 618 962 672 τῶν
989 617 1248 687 κυμάτων
1267 612 1528 668 διασῶσαι
1546 609 1845 681 δυνηθέντα
1878 607 2057 678 μόνον,

484 718 777 789 δεξάμενος
812 712 1031 777 ὑπτίαις
1061 714 1182 776 ταῖς
1223 711 1414 783 χερσὶ,
1473 705 1732 779 λαμπρὰν
1775 706 2061 779 περιϐάλοι

487 810 698 881 στολὴν,
734 807 826 861 καὶ
854 806 992 878 πρὸς
1024 804 1194 876 τιμὴν
1224 803 1421 872 ἀγάγοι
1445 801 1545 873 τὴν
1573 798 1838 855 ἀνωτάτω
1858 814 1872 830 ο
1919 799 2064 853 οὕτω

486 904 582 958 καὶ
602 903 631 954 6
661 900 792 964 Θεὸς
815 901 908 952 ἐπὶ
935 898 1038 968 τῆς
1078 896 1294 967 φύσεως
1323 896 1422 964 τῆς
1471 894 1747 968 ἡμετέρας
1797 895 2024 963 ἐποίησε
2043 910 2057 925 ·

486 995 663 1050 πάντα
682 991 975 1055 ἀπέϐαλεν,
1002 990 1106 1043 ὅσα
1131 985 1296 1058 εἶχεν,
1321 989 1350 1041 6
1384 986 1689 1058 ἄνθρωπος,
1712 984 1811 1057 τήν
1846 987 2065 1058 παρρη-

486 1086 628 1153 σίαν,
660 1083 757 1155 τὴν
786 1081 921 1152 πρὸς
955 1079 1087 1134 Θεὸν
1118 1078 1355 1148 ὁμιλίαν,
1409 1076 1509 1147 τὴν
1540 1076 1599 1130 ἐν
1635 1075 1715 1145 τῷ
1749 1075 2063 1147 παραδείσῳ

482 1175 779 1248 διαγωγὴν,
813 1173 904 1228 τὸν
956 1169 1338 1243 ἀταλαίπωρον
1393 1168 1529 1239 βίον,
1584 1168 1678 1223 καὶ
1717 1168 1966 1238 καθάπερ
1999 1170 2064 1222 ἐκ

483 1269 766 1339 ναυαγίου,
799 1269 1005 1339 γυμνὸς
1026 1263 1235 1319 ἐκεῖθεν
1270 1260 1517 1333 ἐξῆλθενο
1536 1259 1648 1314 ἀλλ’
1674 1263 1703 1315 6
1732 1259 1864 1324 Θεὸς
1897 1260 2061 1315 αὐτὸν

482 1360 774 1433 δεξάμενος
800 1358 1169 1432 περιέστειλεν
1195 1355 1416 1421 εὐθέως,
1439 1355 1533 1408 καὶ
1561 1353 1704 1409 κατά
1727 1352 1923 1426 μικρὸν
1952 1370 2067 1425 χει-

489 1454 754 1527 ραγωγῶν
779 1452 915 1525 πρὸς
947 1452 1040 1506 τὸν
1072 1450 1300 1522 οὐρανὸν
1333 1451 1612 1522 ἀνήγαγεο
1654 1447 1833 1501 καίτοι
1858 1447 1960 1501 οὐκ
1994 1442 2063 1518 ἦν

486 1546 818 1619 συγγνώμης
839 1546 900 1600 16
930 1544 1186 1616 ναυάγιον
1221 1542 1390 1609 ἄξιον.
1422 1543 1499 1597 Οὐ
1525 1542 1635 1613 γὰρ
1664 1541 1814 1614 παρά
1839 1538 1938 1611 τὴν
1955 1538 2065 1593 τῶν

486 1641 815 1713 πνευμάτων
845 1642 986 1713 βίαν,
1011 1643 1146 1697 ἀλλά
1183 1644 1336 1714 παρά
1366 1644 1464 1715 τὴν
1492 1641 1587 1696 τοῦ
1617 1639 1872 1704 πλέοντος
1895 1636 2064 1710 ρᾳθυ-

490 1736 619 1805 μίαν
640 1734 785 1790 ἀπαν
820 1735 1019 1805 συνέϐη
1043 1735 1106 1788 16
1127 1734 1416 1789 κλυδώνιον
1444 1732 1621 1788 τοῦτο.

570 1844 710 1898 Ἀλλ’
739 1844 799 1898 66
828 1844 964 1917 πρὸς
992 1843 1150 1899 τοῦτο
1173 1841 1312 1899 εἶδεν
1344 1846 1373 1899 6
1400 1844 1551 1911 Θεὸς,
1587 1844 1723 1900 ἀλλά
1744 1845 1804 1899 16
1838 1843 2067 1917 μέγεθος

487 1931 587 2000 τῆς
613 1935 899 2004 συμφορᾶς
940 1934 1265 2006 κατηλέησε,
1292 1934 1386 1988 καὶ
1414 1933 1507 1987 16v
1531 1934 1588 1989 ἐν
1612 1932 1792 2005 λιμένι
1826 1933 2067 1986 παθόντα

352 2025 369 2029 “
486 2013 762 2091 ναυάγιον,
792 2021 1043 2092 καθάπερ
1081 2023 1138 2076 ἐν
1179 2021 1330 2092 μέσῳ
1367 2020 1444 2092 τῷ
1479 2021 1708 2090 πελάγει
1750 2020 1908 2075 τοῦτο
1932 2021 2067 2074 6116-

490 2109 769 2180 μείναντα,
799 2109 942 2164 οὕτω
978 2109 1320 2180 φιλοφρόνως
1363 2108 1612 2174 ἐδέξατο*
1640 2107 1702 2162 16
1733 2107 1844 2179 γὰρ
1875 2109 1934 2162 ἐν
1963 2125 2070 2161 πα-

489 2196 722 2268 ραδείσῳ
749 2199 956 2261 πεσεῖν,
982 2198 1040 2250 ἐν
1077 2196 1259 2268 λιμένι
1289 2196 1547 2266 ναυάγιόν
1578 2198 1727 2251 ἐστιν
1751 2196 2063 2267 ὑπομεῖναι.

486 2283 553 2339 Τί
574 2283 810 2356 δήποτε;
843 2286 965 2338 Ὀτι
1011 2284 1225 2339 οὐδέπω
1270 2283 1469 2356 λύπης,
1514 2285 1728 2338 οὐδέπω
1762 2285 2064 2356 φροντίδος,

485 2371 607 2425 οὐδέ
637 2373 835 2436 πόνων,
865 2371 986 2426 οὐδέ
1019 2371 1258 2442 μόχθων,
1286 2371 1407 2426 οὐδέ
1431 2371 1540 2425 τῶν
1578 2372 1786 2444 μυρίων
1816 2373 1918 2444 τῆς
1950 2374 2071 2427 ἐπι-

487 2459 689 2531 θυμίας
716 2460 976 2531 κυμάτων
1001 2459 1462 2529 ἐπικωμαζόντων
1493 2463 1558 2531 τῇ
1584 2460 1746 2530 φύσει
1771 2464 1838 2533 τῇ
1872 2462 2070 2534 ἡμετέ-

489 2564 581 2620 ρᾳ,
617 2546 980 2618 ὑπεσκελίσθη
1005 2547 1100 2600 καὶ
1132 2547 1422 2602 κατέπεσε.
1465 2546 1572 2602 Καὶ
1602 2549 1855 2620 καθάπερ
1887 2550 1937 2603 οἱ
1970 2549 2070 2621 τὴν

491 2637 766 2692 θάλατταν
795 2637 1051 2701 πλέοντες
1073 2635 1389 2708 κακοῦργοι,
1425 2637 1605 2708 μικρῷ
1638 2638 1842 2710 σιδήρῳ
1867 2638 2070 2694 πολλά-

489 2743 579 2791 κις
606 2726 706 2799 τὴν
731 2726 866 2782 ναῦν
901 2726 1309 2799 διατρήσαντες,
1335 2727 1551 2782 ἃπασαν
1589 2729 1938 2798 ἐπεισάγουσι
1967 2729 2070 2784 κά·

487 2812 660 2868 τωθεν
696 2814 774 2885 τῷ
805 2814 976 2886 πλοίῳ
1021 2814 1121 2886 τὴν
1168 2813 1439 2869 θάλατταν
1457 2832 1472 2848 ο
1526 2814 1673 2870 οὕτω
1713 2816 1777 2889 δὴ
1816 2817 1912 2871 καὶ
1949 2818 2071 2872 τότε

494 2902 619 2957 ἰδὼν
642 2903 704 2958 16
751 2902 936 2958 πλοῖον
973 2903 1066 2957 τοῦ
1106 2903 1278 2975 ’Δδάμ
1303 2906 1333 2958 6
1378 2902 1646 2970 διάϐολος,
1691 2905 1941 2960 τουτέστι
1969 2906 2070 2979 τὴν

488 2992 667 3064 ψυχὴν
700 2991 912 3045 πολλῶν
933 2992 1213 3064 γέμουσαν
1235 2992 1479 3062 ἀγαθῶν,
1511 2993 1703 3066 ῶσπερ
1727 2994 1836 3048 τινὶ
1869 2994 2072 3067 σιδήρῳ

494 3080 697 3153 μικρῷ,
747 3083 816 3153 τῇ
880 3080 1009 3152 ψιλῇ
1064 3083 1215 3153 φωνῇ
1246 3081 1561 3153 προσελθὼν
1612 3083 1706 3137 καὶ
1751 3082 2069 3156 διατρήσας,

492 3170 709 3225 ἅπαντα
739 3169 1005 3224 ἐκένωσεν
1025 3170 1234 3224 ἐκείνου
1257 3170 1350 3227 τὸν
1379 3170 1631 3235 πλοῦτον,
1662 3173 1758 3226 καὶ
1781 3172 1843 3225 16
1867 3172 2074 3241 σκάφος

490 3257 625 3313 αὐτὸ
644 3257 958 3314 κατέδυσεν.
1007 3258 1146 3313 Ἀλλ’
1175 3261 1203 3313 6
1222 3258 1356 3324 Θεὸς
1385 3259 1558 3331 μείζω
1582 3262 1684 3330 τῆς
1735 3260 1940 3331 ζημίας
1972 3262 2073 3331 τήν

491 3345 763 3418 ἐμπορίαν
790 3346 1105 3420 ἐποιήσατο,
1135 3346 1232 3401 καὶ
1257 3347 1394 3419 πρὸς
1422 3349 1514 3401 τὸν
1542 3347 1731 3420 θρόνον
1752 3348 1844 3400 τὸν
1866 3346 2075 3416 βασιλι-

491 3430 588 3484 κὸν
607 3432 707 3503 τὴν
727 3431 890 3502 φύσιν
918 3433 1162 3505 ἀνήγαγε
1187 3433 1286 3505 τὴν
1310 3436 1605 3507 ἡμετέραν.
1634 3433 1725 3488 Διὺ
1750 3435 1844 3489 καὶ
1865 3434 2074 3499 Παῦλος

493 3517 615 3590 βοᾷ,
640 3518 815 3587 λέγων
839 3536 856 3553 ο
885 3521 1212 3589 Συνήτειρε
1244 3521 1344 3575 καί
1374 3521 1780 3577 συνεκάθισεν
1800 3521 1957 3592 ἡμᾶς
2004 3522 2075 3577 ἐν

493 3606 662 3674 δεξιᾷ
689 3608 878 3663 αὑτοῦ
898 3610 969 3664 ἐν
1000 3610 1125 3676 τοῖς
1151 3610 1530 3678 ἐπουρανίοις
1548 3650 1564 3675 ,
1605 3612 1706 3666 ἵνα
1737 3612 2075 3681 ἐνδείξηται

492 3693 565 3746 ἐν
577 3693 704 3761 τοῖς
721 3693 892 3750 αιῶσι
912 3694 1037 3763 τοῖς
1056 3695 1477 3767 ἐπερχομένοις
1494 3698 1602 3752 τόν
1619 3698 2076 3767 ὑπερϐάλλοντα

493 3782 765 3838 πλοῦτον
807 3783 920 3854 τῆς
964 3783 1207 3855 χάριτος
1245 3784 1433 3840 αὐτοῦ
1473 3787 1543 3841 ἐν
1573 3789 1930 3857 χρηστότητι
1979 3789 2073 3859 ἐφ’

492 3869 673 3939 ἡμᾶς.
701 3871 767 3924 Τί
797 3871 1008 3943 λέγεις;
1041 3874 1145 3946 ἡδη
1184 3874 1244 3928 16
1291 3876 1523 3947 πρᾶγμα
1551 3877 1744 3946 γέγονε
1793 3877 1887 3931 καὶ
1922 3877 2075 3943 τέλος

495 3956 630 4028 ἔχει,
661 3961 755 4014 καὶ
810 3960 1017 4030 λέγεις’
1053 3961 1181 4016 Ἵνα
1233 3962 1303 4016 ἐν
1330 3961 1455 4029 τοῖς
1508 3961 1684 4017 αίῶσι
1738 3963 2076 4032 ἐνδείξηται

493 4048 619 4114 τοῖς
649 4049 1195 4120 ἐπερχομένοις;οὐ
1222 4050 1332 4122 γὰρ
1365 4050 1668 4118 ἐνεδείξατο
1693 4069 1709 4119 ;
1744 4052 2076 4117 Ἐνεδείξατο

498 4133 599 4204 μὲν
637 4134 761 4205 ήδη,
788 4135 906 4189 ἀλλ’
944 4137 1065 4208 οὐχὶ
1096 4139 1263 4192 πᾶσιν
1297 4137 1605 4211 ἀνθρώποις
1626 4180 1641 4202 ,
1692 4140 1806 4193 ἀλλ’
1842 4142 1966 4212 ἐμοὶ
1997 4139 2075 4212 τῷ

498 4219 693 4290 πιστῷ·
744 4224 773 4276 6
797 4222 854 4276 δὲ
882 4224 1109 4288 ἄπιστος
1140 4224 1352 4279 οὐδέπω
1381 4226 1441 4279 16
1468 4225 1653 4296 θαῦμα
1681 4223 1809 4282 εἶδε.
1841 4229 1975 4283 Τότε
2015 4228 2075 4283 δὲ

498 4308 559 4363 ἐν
589 4309 773 4383 ἐκείνῃ
801 4313 868 4382 τῇ
899 4311 1083 4384 ἡμέρᾳ
1103 4313 1252 4366 πᾶσα
1281 4313 1446 4385 ἡτῶν
1475 4312 1778 4385 ἀνθρώπων
1800 4315 1963 4385 φύσις
1994 4319 2075 4381 είς

500 4395 665 4467 μέσον
698 4397 927 4452 ἐλθοῦσα
958 4399 1296 4473 θαυμάσεται
1314 4402 1377 4456 τὸ
1405 4404 1792 4475 γεγενημένον,
1814 4404 1987 4470 ἄλλως
2012 4423 2074 4460 τε

497 4487 595 4542 καὶ
618 4489 750 4560 ἡμῖν
776 4487 901 4543 τότε
942 4489 1321 4564 φανερώτερον
1376 4491 1551 4547 ἔσται.
1599 4492 1936 4567 Πιστεύομεν
1963 4497 2076 4570 γὰρ

496 4575 590 4628 καὶ
612 4574 728 4642 νῦν,
754 4576 870 4631 ἀλλ’
1079 4578 1177 4649 οὐχ
1195 4579 1398 4650 ὁμοίως
1425 4579 1486 4633 16
1524 4580 1711 4652 θαῦμα
1742 4582 2074 4656 παρίστησιν

496 4662 634 4734 ἀκοὴ
664 4665 757 4718 καὶ
779 4665 931 4737 64:1;-
956 4665 1072 4720 ἀλλ’
1094 4665 1282 4738 ῶσπερ
1310 4667 1534 4724 ἐπὶτῶν
1558 4668 1825 4739 βασιλέων
1858 4671 2095 4727 ἀκούονω

497 4769 589 4818 τες
614 4753 711 4825 τὴν
745 4754 1038 4828 ἁλουργίδα
1066 4755 1160 4809 καὶ
1176 4756 1238 4810 16
1263 4756 1501 4829 διάδημα
1534 4760 1629 4813 καὶ
1654 4759 1722 4813 τά
1742 4762 1919 4831 χρυσᾶ
1950 4761 2077 4833 ἱμά-

497 4859 590 4895 τια
623 4844 718 4896 καὶ
743 4844 833 4897 τὸν
867 4844 1056 4917 θρόνον
1086 4845 1176 4899 τὸν
1210 4844 1486 4916 βασιλικὸν
1510 4886 1526 4914 ,
1564 4846 1924 4920 θαυμάζομεν
1952 4850 2074 4920 μὲν,

502 4928 767 5003 μειζόνως
814 4931 873 4986 δὲ
906 4932 1063 4986 τοῦτο
1110 4932 1413 5006 πάσχομεν,
1450 4936 1578 4989 ὅταν
1601 4936 1709 4991 τῶν
1753 4954 2077 5010 παραπετα-

500 5021 726 5092 σμάτων
771 5022 1237 5079 συνελκυσθέντων
1292 5024 1494 5096 ῐδωμεν
1525 5026 1685 5080 αὐτὸν
1733 5028 1817 5096 ἐφ’
1868 5025 2075 5097 ὑψηλοῦ

499 5110 592 5166 τοῦ
628 5112 871 5185 βήματος
891 5113 1309 5186 προκαθήμενον
1332 5130 1347 5144 θ
1373 5112 1517 5169 οὕτω
1549 5116 1644 5170 καὶ
1691 5117 1784 5169 ἐπὶ
1822 5115 1918 5169 τοῦ
1957 5117 2075 5170 Μο-

498 5201 751 5271 νογενοῦς
773 5219 786 5232 ·
821 5204 949 5257 ὅταν
968 5201 1165 5273 ἴδωμεν
1188 5201 1256 5257 16
1283 5205 1760 5274 παραπετάσματα
1783 5203 1891 5256 τῶν
1910 5205 2076 5275 οὐρα-

499 5291 606 5347 νῶν
662 5290 1107 5356 συνελκυσθέντα,
1144 5290 1241 5344 καὶ
1280 5290 1675 5346 καταϐαίνοντα
1720 5290 1810 5345 τὸν
1850 5290 2073 5361 βασιλέα

500 5380 609 5436 τῶν
634 5381 884 5450 ἀγγέλων
933 5378 1140 5435 ἐκεῖθεν
1168 5382 1263 5434 καὶ
1313 5380 1780 5454 δορυφορούμενον
1818 5380 1923 5434 6116
1963 5379 2075 5435 τῶν

501 5468 766 5541 οὐρανίων
783 5470 991 5541 δήμων,
1014 5469 1138 5523 τότε
1161 5467 1347 5541 μεῖζον
1372 5469 1478 5522 6116
1501 5471 1599 5540 τῆς
1621 5468 1794 5538 ὅψεως
1814 5469 1871 5522 16
1893 5469 2076 5541 θαῦμα

500 5556 789 5629 δεχόμεθα.
835 5559 1116 5630 Ἐννόησον
1145 5561 1254 5631 γάρ
1302 5576 1391 5631 μοι
1416 5597 1432 5623 ,
1479 5552 1590 5613 οἷόν
1620 5560 1767 5614 ἐστιν
1822 5559 1946 5615 ίδείν
1977 5561 2076 5631 τὴν

505 5641 666 5713 φύσιν
699 5643 798 5717 τήν
835 5646 1108 5720 ἡμετέραν
1159 5649 1252 5701 ἐπὶ
1304 5649 1412 5705 τῶν
1445 5648 1723 5721 Χερουᾶμ
1747 5650 2069 5721 ὀχουμένην,

1165 236 1224 292 S.
1262 228 1553 291 JOANNIS
1589 221 2077 285 CHRYSOS’I‘OMI
2116 222 2434 285 ARCHIEP.
2467 223 3017 286 CONSTANTINOP.

2163 338 2257 393 καὶ
2289 341 2475 395 πᾶσαν
2489 342 2625 413 αὐτῇ
2654 342 2753 414 τὴν
2778 341 3077 414 ἀγγελικὴν
3103 341 3563 414 περικεχυμένὴν
3594 341 3755 396 δύνα-

2165 448 2277 503 μιν.

2230 528 2303 593 γ’.
2332 524 2531 578 Σκόπει
2557 524 2614 579 δέ
2644 542 2735 596 μοι
2761 525 2856 579 καὶ
2873 524 2972 597 τὴν
2990 524 3207 581 Παύλου
3222 527 3443 596 σοφίαν,
3468 527 3626 581 πόσα
3646 526 3759 581 ὀνό-

2166 630 2310 685 ματα
2338 617 2601 687 ἐπιζητεῖ,
2624 616 2766 671 ὥστε
2784 618 3132 691 παραστῆσαι
3168 617 3262 672 τοῦ
3294 618 3436 673 Θεοῦ
3476 618 3591 690 τὴν
3635 619 3761 689 φιλ-

2162 706 2498 778 ανθρωπίαν.
2531 709 2606 761 Οὐ
2639 708 2748 780 γὰρ
2781 704 2937 764 εἶπεν
2960 710 3147 775 ἀπλῶς
3170 712 3269 782 τὴν
3296 712 3485 784 χάριν,
3512 712 3647 765 οὐδὲ
3671 711 3763 766 161

2163 796 2391 853 πλοῦτον
2412 799 2617 865 ἁπλῶς,
2653 800 2789 855 ἀλλά
2814 798 2893 867 τί;
2931 801 3044 857 Τὸν
3067 802 3540 870 ὑπερϐάλλοντα
3566 797 3763 858 πλοῦ-

2160 903 2270 943 τον
2296 887 2407 957 τῆς
2425 886 2665 958 χάριτος
2683 889 2754 943 ἐν
2782 891 3163 959 χρηστότητι.
3198 890 3339 944 Ἀλλ’
3364 892 3526 962 ὅμως
3550 892 3654 944 καὶ
3677 888 3769 943 63-

2160 998 2270 1046 τως
2292 982 2544 1053 ἡτόνησε.
2576 982 2689 1035 Καὶ
2718 981 2969 1053 καθάπερ
3002 982 3071 1036 τὰ
3108 980 3371 1053 ὀλισθηρὰ
3396 982 3515 1035 τῶν
3569 983 3767 1050 σωμά-

2161 1088 2270 1125 των
2308 1072 2529 1143 μυρίαις
2561 1073 2902 1144 κατεχόμενα
2922 1074 3100 1145 χερσὶ,
3134 1073 3417 1143 διαφεύγει
3451 1073 3565 1136 τὰς
3590 1073 3770 1137 λαϐάς

2164 1162 2320 1234 ἡμῶν
2350 1164 2443 1219 καὶ
2467 1164 2810 1219 διολισθαίνει
2835 1166 3034 1238 ῥᾳδίως
3051 1184 3063 1197 ·
3089 1165 3230 1220 οὓτω
3252 1167 3347 1221 καὶ
3366 1165 3471 1239 τὴν
3493 1165 3602 1221 τοῦ
3627 1166 3771 1221 Θεοῦ

2166 1254 2591 1328 φιλανθρωπίαν,
2623 1259 2770 1322 ὅσοις
2788 1258 2854 1313 ἂν
2885 1259 3052 1331 αὐτὴν
3074 1263 3438 1331 κατάσχωμεν
3466 1260 3769 1331 ὀνόμασιν,

2164 1346 2285 1400 οὐδέ
2316 1346 2459 1401 οὑτω
2485 1347 2761 1418 δυνάμεθα
2794 1349 3128 1422 περιλαϐεῖν,
3161 1351 3296 1405 άλλά
3324 1352 3457 1423 νικᾷ
3494 1353 3562 1406 16
3598 1352 3770 1423 μέγε-

2166 1435 2257 1499 θος
2288 1435 2459 1506 αὐτῆς
2490 1437 2554 1491 ἐκ
2590 1437 2791 1510 πολλῆς
2834 1439 3154 1508 περιουσίας
3183 1440 3290 1495 τῶν
3323 1443 3629 1513 ἡμετέρων
3666 1445 3769 1513 ρηο

2170 1524 2354 1596 μάτων
2379 1525 2476 1598 τὴν
2506 1527 2724 1581 ἀτονίαν
2754 1540 2802 1582 ι.
2835 1529 3015 1601 Ὅπερ
3045 1525 3136 1585 οὖν
3158 1533 3254 1585 καὶ
3278 1533 3498 1597 Παῦλος
3542 1532 3768 1594 παθῶν.

2166 1614 2260 1668 καὶ
2287 1613 2409 1669 ἰδὼν
2450 1617 2770 1688 ἡττωμένην
2818 1618 2927 1672 τῶν
2954 1620 3214 1690 ῥημάτων
3253 1620 3352 1693 τὴν
3396 1621 3647 1693 δύναμιν
3670 1622 3769 1675 τοῦ
3802 1641 3815 1657 ·

2170 1705 2434 1776 μεγέθους
2476 1706 2665 1777 αὐτῆς,
2707 1706 2764 1762 ἓν
2808 1708 2975 1761 εἰπὼν
3005 1711 3157 1780 ῥῆμα
3205 1710 3439 1783 ἀπέστη.
3501 1713 3677 1767 Ποῖον
3711 1711 3773 1766 δὲ

2164 1795 2356 1863 τοῦτο;
2393 1796 2566 1865 Χάρις
2595 1795 2665 1849 δὲ
2694 1795 2772 1862 τῷ
2804 1797 2928 1862 Θεῷ
2955 1797 3054 1851 ἐπὶ
3087 1795 3164 1866 τῇ
3206 1798 3633 1869 ἀνεκδιηγήτῳ
3661 1801 3774 1853 αὺ-

2165 1888 2275 1943 τοῦ
2306 1887 2517 1956 δωρεᾷ.
2542 1886 2680 1942 0615
2712 1887 2823 1958 γὰρ
2854 1888 3032 1956 λόγος,
3058 1887 3183 1943 6615
3206 1888 3331 1952 νοῦς
3366 1889 3547 1954 οὐδεὶς
3581 1908 3776 1962 παρα-

2170 1979 2361 2050 στῆσαι
2393 1978 2679 2050 δυνήσεται
2703 1979 2796 2032 τοῦ
2819 1978 2954 2032 Θεοῦ
2983 1979 3079 2051 τὴν
3105 1979 3446 2052 κηδεμονίαν.
3473 1981 3579 2036 Διά
3600 1983 3775 2037 τοῦτο

2168 2070 2400 2125 ἐνταῦθα
2426 2072 2523 2143 μὲν
2539 2072 2930 2143 ἀνεκδιὴγητον
2957 2073 3128 2145 αὐτὴν
3144 2070 3283 2128 εἷναί
3304 2092 3491 2146 φησιν,
3516 2075 3772 2146 ἀλλαχοῦ

2169 2158 2248 2223 δέ,
2282 2161 2377 2215 καὶ
2400 2161 2492 2215 τὸν
2516 2161 2641 2215 νοῦν
2689 2163 2846 2234 ἡμῶν
2879 2163 3249 2235 ὑπερϐαίνειν,
3284 2165 3486 2218 οὑτωσὶ
3534 2166 3727 2236 λέγων
3750 2184 3771 2200 ⁶

2179 2251 2244 2307 Ἠ
2269 2253 2478 2322 εἰρήνη
2521 2252 2630 2307 τοῦ
2670 2253 2818 2308 Θεοῦ
2863 2257 2900 2325 ἡ
2938 2254 3323 2324 ὑπερέχουσα
3355 2255 3553 2311 πάντα
3605 2258 3776 2314 νοῦν

2169 2342 2498 2412 φρουρήσει
2528 2342 2635 2410 τὰς
2661 2344 2911 2414 καρδίας
2932 2344 3119 2415 ὑμῶν.

2256 2450 2394 2505 Ἀλλ’
2416 2453 2556 2524 ὅπερ
2576 2453 2785 2523 ἔλεγον,
2833 2453 2928 2508 δύο
2977 2454 3074 2524 μὲν
3099 2449 3242 2510 οῦτοι
3293 2457 3431 2522 τέως
3446 2452 3773 2529 ’ἀπολογίας

2173 2542 2431 2614 εὕρηνται
2466 2545 2679 2616 τρόποι,
2702 2539 2784 2610 εἷς
2841 2545 2962 2616 μὲν,
2990 2548 3073 2600 ὅτι
3095 2547 3192 2617 οὐχ
3232 2549 3260 2601 6
3296 2548 3428 2612 Θεὸς
3478 2548 3769 2617 ἐξέϐαλεν,

2174 2634 2289 2689 ἀλλ’
2316 2637 2477 2705 ἡμεῖς
2506 2635 2889 2705 ἀπωλέσαμεν·
2923 2637 3173 2710 δεύτερος
3201 2638 3278 2703 δὲ,
3315 2638 3395 2692 ὅτι
3432 2639 3604 2694 πλείω
3652 2642 3771 2696 τῶν

2174 2725 2531 2781 ἀπολωλότων
2583 2727 2679 2782 καὶ
2722 2727 2947 2798 μείζονα
2997 2730 3067 2781 16
3115 2727 3341 2782 δοθέντα
3384 2731 3529 2801 ἡμῖν
3546 2731 3762 2799 ἀγαθά.

2173 2816 2443 2889 Βούλομαι
2465 2817 2524 2871 δὲ
2555 2817 2650 2871 καὶ
2687 2818 2869 2890 τρίτον
2911 2820 3104 2873 εἰπεῖν.
3147 2818 3241 2883 Τίς
3271 2815 3364 2873 οὖν
3397 2821 3548 2875 ἐστιν
3576 2823 3607 2874 6
3639 2822 3766 2894 τρί-

2172 2927 2299 2975 16;;
2337 2911 2461 2965 ’Ότι
2490 2911 2538 2963 εί
2560 2908 2656 2964 καὶ
2684 2910 2759 2982 μή
2785 2909 2951 2964 ἔδωκε
2982 2909 3154 2981 μείζω
3177 2911 3284 2965 τῶν
3308 2910 3672 2967 ἀπολωλότων
3693 2916 3769 2968 τὰ

2176 3002 2314 3074 μετὰ
2337 3001 2528 3065 ταῦτα,
2561 3000 2676 3056 ἀλλ’
2724 3001 2977 3070 ἀφείλετο
3006 3002 3167 3074 μόνον
3216 3003 3283 3058 τά
3336 3004 3560 3061 δοθέντα
3596 3009 3762 3079 ἡμῖν,

2172 3098 2205 3167 ἡ
2215 3093 2330 3167 μῶν
2354 3094 2703 3167 παρεχόντων
2716 3094 2817 3166 τὴν
2838 3094 3019 3148 αἰτίαν
3042 3094 3219 3166 (τοῦτο
3233 3096 3343 3168 γὰρ
3364 3097 3761 3170 προσκείσθωγ

2174 3188 2270 3242 καὶ
2300 3186 2460 3241 τοῦτο
2512 3186 2696 3241 ἱκανὸν
2721 3186 2843 3240 καθ’
2874 3185 3038 3240 ἑαυτὸ
3068 3187 3239 3253 δεῖξαι
3286 3188 3387 3258 τὴν
3427 3188 3766 3260 κηδεμονίαν

2174 3279 2340 3335 αὐτοῦ
2370 3280 2468 3352 τὴν
2500 3281 2581 3344 είς
2607 3280 2780 3351 ἡμᾶς.
2829 3279 2903 3333 Οὐ
2942 3277 3050 3351 γάρ
3079 3279 3143 3333 16
3174 3279 3358 3333 δοῦναι
3388 3281 3571 3350 μόνον,
3617 3282 3765 3336 ἀλλά

2173 3373 2351 3428 καὶτὸ
2375 3370 2673 3443 ἀφελέσθαι
2691 3370 2763 3425 16
2788 3370 3032 3436 δοθέντα,
3058 3370 3323 3443 μεγίστης
3344 3371 3764 3446 φιλανθρωπίας

2174 3464 2321 3518 ἐστί’
2349 3464 2464 3529 καὶ,
2498 3464 2549 3517 εί
2577 3461 2860 3532 βούλεσθε,
2891 3462 2985 3515 ἐπὶ
3000 3461 3094 3515 τοῦ
3122 3461 3450 3533 παραδείσου
3479 3464 3573 3517 τὸν
3600 3464 3764 3535 λόγον

2175 3555 2572 3627 γυμνάσωμεν.
2588 3553 2811 3629 -Ἔδωκε
2839 3552 2932 3608 τὸν
2955 3552 3284 3624 παράδεισον
3305 3571 3320 3584 ·
3354 3555 3514 3610 τοῦτο
3538 3557 3639 3627 τῆς
3662 3557 3762 3611 αὐ-

2175 3647 2270 3703 τοῦ
2296 3645 2623 3720 κηδεμονίας
2639 3662 2655 3677 ’
2687 3646 2897 3715 ἀνάξιοι
2925 3646 3026 3717 τῆς
3050 3645 3261 3717 δωρεᾶς
3285 3645 3439 3719 ὤφθη
3448 3665 3577 3719 μεν·
3596 3649 3761 3703 τοῦτο

2176 3741 2275 3811 τῆς
2311 3738 2586 3811 ἡμετέρας
2632 3738 3057 3811 ἀγνωμοσύνης·
3102 3737 3357 3809 ἀφείλετο
3395 3740 3496 3812 τήν
3548 3739 3761 3812 δωρεὰν

2177 3833 2415 3899 ἀναξίοις
2439 3831 2751 3904 γενομένοις
2768 3847 2782 3861 ’
2804 3830 2962 3885 τοῦτο
2988 3832 3088 3902 τῆς
3114 3830 3279 3886 αὐτοῦ
3304 3831 3528 3902 γέγονεν
3560 3833 3762 3902 ἀγαθό-

2175 3942 2356 3996 τητος.
2396 3926 2507 3979 Καὶ
2542 3925 2672 3979 ποία
2694 3925 2988 3995 ἀγαθότης,
3029 3925 3184 3996 φησὶ,
3222 3924 3284 3979 τὺ
3328 3924 3627 3994 ἀφελέσθαι
3658 3929 3759 3999 τὴν

2176 4017 2423 4088 δωρεάν;
2465 4016 2803 4088 ’Δνάμεινον,
2837 4017 2934 4071 καὶ
2957 4015 3167 4089 ἀκούσῃ
3192 4017 3429 4082 πάντως.
3472 4018 3763 4090 Ἐννόησον

2177 4109 2284 4180 γὰρ
2317 4107 2400 4174 τίς
2422 4106 2648 4179 ἔμελλεν
2673 4109 2701 4161 ό
2739 4107 2881 4162 Κάῖν
2923 4107 3165 4174 ἔσεσθαι,
3192 4110 3251 4164 ἐν
3295 4108 3612 4181 παραδείσῳ
3642 4111 3761 4165 δια-

2176 4201 2381 4272 τρίϐων
2430 4199 2571 4271 μετὰ
2612 4200 2712 4270 τὴν
2744 4201 3080 4271 μιαιφονίαν.
3128 4201 3194 4255 Εί
3228 4201 3340 4273 γάρ
3377 4202 3473 4255 κα)⁸
3506 4204 3764 4256 ἐκπεσὼν

2178 4294 2393 4365 ἐκείνης
2419 4294 2520 4364 τῆς
2561 4292 2808 4362 διαίτης,
2846 4294 2894 4345 εί
2926 4292 3112 4363 μόχθῳ
3150 4293 3245 4346 καὶ
3272 4292 3422 4364 πόνῳ
3454 4294 3754 4348 1161661116-

2181 4386 2329 4450 σθεὶς
2380 4386 2475 4441 καὶ
2517 4384 2613 4439 τοῦ
2650 4384 2882 4438 θανάτου
2930 4384 3028 4455 τὴν
3080 4384 3312 4455 ἀπειλὴν
3365 4385 3757 4462 ἐπηρτημένην

2177 4480 2341 4553 ὁρῶν,
2361 4480 2409 4533 εί
2434 4478 2529 4533 τοῦ
2551 4477 2758 4550 πατρὸς
2786 4478 2894 4549 πρὸ
2917 4475 3334 4547 τῶνξόφθαλμῶν
3365 4476 3579 4546 βλέπων
3601 4475 3719 4548 [251

2176 4573 2276 4645 τὴν
2310 4569 2595 4642 συμφοράν
2623 4568 2718 4624 καὶ
2741 4569 2800 4622 ἐν
2827 4569 3014 4639 χερσὶν
3035 4567 3174 4638 έχων
3217 4567 3297 4621 ἔτι
3329 4568 3429 4640 τῆς
3457 4567 3629 4639 ὀργῆς
3659 4567 3755 4622 τοῦ

2177 4665 2312 4719 Θεοῦ
2346 4663 2418 4717 τὰ
2451 4662 2593 4734 ἴχνη,
2622 4661 2717 4716 καὶ
2741 4659 3018 4723 τοσούτοις
3066 4659 3605 4730 περιεστοιχισμένος
3650 4659 3758 4714 δει-

2177 4762 2309 4824 νοῖς,
2342 4759 2422 4822 εἰς
2447 4755 2700 4810 τοσοῦτον
2737 4752 3051 4822 ἐξελάκτισε
3083 4752 3368 4824 πονηρίας,
3407 4752 3539 4806 ὥστ’
3561 4754 3756 4823 ἀγνοῆ-

2180 4869 2271 4904 σαι
2300 4851 2399 4923 τὴν
2435 4849 2619 4920 φύσιν,
2672 4849 2768 4904 καὶ
2801 4846 3152 4902 ἐπιλαθέσθαι
3193 4846 3294 4912 τῆς
3334 4843 3620 4909 κοινωνίας
3648 4845 3755 4899 τῶν

2177 4941 2402 5006 ὠδίνων,
2438 4943 2532 4996 καὶ
2567 4942 2661 4995 τὸν
2690 4940 2842 4994 οὐδὲν
2864 4935 3163 5009 ἠδικηκότα
3189 4932 3425 5003 σφάξαι,
3472 4933 3569 4987 καὶ
3604 4931 3753 4987 ἀδελ-

2180 5033 2340 5105 φικοῦ
2376 5033 2626 5105 σώματος
2649 5030 2891 5103 ἅψασθαι
2942 5030 3037 5085 καὶ
3065 5026 3297 5099 αἱμάξαι
3316 5024 3415 5099 τήν
3436 5025 3635 5092 δεξιάν,
3661 5026 3751 5079 καὶ

2176 5126 2272 5181 τοῦ
2299 5125 2433 5181 Θεοῦ
2466 5123 2854 5200 παραινοῦντος
2883 5121 3176 5195 ἡσυχάζειν
3201 5119 3275 5190 μὴ
3304 5116 3616 5188 ἀνέχεσθαι,
3639 5116 3749 5171 ἀλλ’

2179 5218 2397 5291 ὑϐρίσαι
2434 5218 2527 5272 τὸν
2560 5215 2926 5288 πεποιηκότα,
2962 5213 3230 5285 ἀτιμάσαι
3272 5211 3401 5275 τοὺς
3433 5211 3730 5282 γεγεννηκό

2176 5330 2297 5377 τας,
2328 5313 2377 5367 εί
2403 5314 2460 5365 ἐν
2492 5309 2804 5381 παραδείσῳ
2841 5305 3110 5378 διέτριϐεν
3157 5298 3349 5370 οὗτος,
3389 5302 3581 5357 σκόπει
3622 5302 3750 5376 πρὸς

2178 5408 2311 5479 ὅσην
2338 5405 2403 5460 ἂν
2434 5404 2601 5473 ἤλασε
2629 5402 2848 5455 κακίαν.
2877 5401 2941 5453 El
2963 5398 3072 5470 γὰρ
3093 5397 3364 5452 τοσούτων
3393 5396 3752 5466 ἐπικειμένων

2178 5497 2289 5552 τῶν
2329 5494 2584 5568 χαλινῶν,
2645 5492 2922 5563 θανάσιμα
2970 5490 3264 5563 ἐσκίρτησε
3307 5487 3675 5561 σκιρτήματα,
3702 5487 3746 5540 οξ

2244 5658 2269 5687 ⁸
2295 5654 2428 5705 Unus
2449 5650 2583 5704 COlb.
2613 5651 2696 5708 τήν
2720 5648 2943 5698 ἐπίνοιαν.
