3896 6230
121 249 248 308 2η

122 365 365 422 homine
405 365 709 438 gloriosius.
754 370 879 426 Erat
922 373 1010 428 ille
1057 386 1322 444 postrema
1366 394 1490 449 pars
1527 381 1736 436 ratione

122 456 385 524 praedita:
411 466 671 512 creaturae
695 500 711 525 ,
743 459 837 514 sed
870 462 1032 532 pedes
1071 475 1229 534 caput
1258 479 1574 536 evaserunt,
1603 479 1657 525 et
1684 471 1737 525 in

122 543 402 601 thronum
441 548 647 618 regium
677 564 771 617 per
798 552 1055 619 primitias
1092 564 1218 610 sunt
1253 559 1442 612 evecti.
1471 558 1740 626 Quemad-

105 639 363 698 modum
395 640 536 694 enim
563 642 606 694 si
646 641 807 698 homo
834 645 1096 715 quispiam
1141 647 1380 706 liberalis
1405 665 1469 706 ac
1498 653 1738 724 magniﬁ-

117 745 255 796 cus,
295 747 416 786 cum
444 732 636 788 viderit
664 734 896 804 aliquem
925 737 1259 809 naufragum,
1291 742 1381 811 qui
1410 743 1581 798 solum
1611 762 1734 800 cor-

121 838 238 890 pus
269 823 468 878 nudum
495 840 562 880 ex
591 826 838 883 fluctibus
862 829 1068 901 eripere
1106 833 1312 901 potuit,
1340 835 1542 904 supinis
1569 837 1738 891 mani-

120 913 238 968 bus
268 930 392 970 eum
413 916 661 986 excipiat,
689 927 744 972 et
766 919 991 974 candida
1010 929 1158 977 veste
1181 923 1422 978 indutum
1449 927 1502 980 in
1528 942 1736 982 summo

124 1005 369 1062 honoris
405 1008 574 1076 gradu
615 1010 842 1066 collucet
869 1027 885 1065 :
917 1011 989 1066 ita
1029 1013 1169 1070 Deus
1210 1025 1452 1071 naturam
1499 1029 1734 1075 nostram

126 1099 411 1153 tractavit.
437 1099 769 1172 Omniaque
793 1101 1025 1159 habebat
1048 1103 1210 1162 homo
1231 1107 1552 1177 perdiderat,
1576 1111 1737 1166 liber-

126 1197 309 1243 tatem
335 1190 586 1261 loquendi
611 1206 673 1246 ac
700 1193 967 1260 ﬁduciam,
995 1199 1436 1253 consuetudinem
1457 1215 1576 1254 cum
1602 1202 1732 1270 Deo,

126 1281 609 1339 conversationem
638 1284 690 1338 in
723 1287 990 1355 paradiso,
1019 1288 1180 1343 vitam
1206 1290 1523 1356 calamitatis
1547 1307 1735 1361 exper-

124 1385 270 1438 tem,
306 1385 361 1430 et
387 1385 654 1446 tamquam
687 1394 754 1434 ex
791 1380 1064 1451 naufragio
1094 1383 1269 1439 nudus
1309 1384 1432 1450 inde
1457 1386 1732 1454 exiverat;

123 1467 232 1521 sed
267 1468 406 1523 Deus
432 1470 581 1524 illum
613 1480 891 1542 exceptum
929 1473 1211 1529 confestim
1248 1477 1448 1531 amiciit
1473 1519 1487 1544 ,
1520 1488 1574 1534 et
1600 1493 1732 1548 pau-

129 1559 296 1614 latim
325 1577 482 1616 manu
511 1563 729 1618 ductum
760 1564 811 1618 in
850 1565 1040 1619 caelum
1072 1567 1267 1622 evexit.
1298 1568 1457 1638 Atqui
1489 1584 1592 1624 non
1621 1578 1735 1625 erat

129 1655 300 1709 venia
325 1654 542 1726 dignum
575 1655 940 1726 naufragium;
969 1673 1142 1728 neque
1179 1660 1322 1713 enim
1354 1661 1423 1715 ob
1451 1669 1731 1716 ventorum

131 1747 423 1817 impetum,
457 1748 549 1803 sed
579 1749 648 1803 ob
673 1750 950 1818 segnitiem
976 1750 1091 1821 ejus
1115 1792 1129 1818 ,
1158 1753 1248 1821 qui
1277 1752 1592 1824 navigabat,
1623 1762 1732 1810 tota

132 1837 228 1892 illa
261 1847 548 1908 tempestas
575 1841 858 1896 acciderat.

211 1929 281 1982 In
303 1940 453 2000 portu
486 1932 814 2002 naufragium
842 1933 956 2002 fecit
986 1933 1230 1990 Adamus.
1257 1965 1330 1976 —
1355 1935 1732 1994 Verumtamen

135 2021 210 2075 ad
245 2021 346 2076 hoc
385 2038 493 2077 non
537 2024 773 2094 respexit
817 2025 958 2080 Deus
981 2067 996 2093 ,
1029 2027 1122 2082 sed
1152 2027 1267 2098 ejus
1309 2030 1731 2088 misericordiam

136 2113 465 2168 calamitatis
484 2115 791 2185 magnitudo
811 2119 1119 2187 commovit,
1149 2135 1378 2191 eumque
1394 2123 1480 2190 qui
1503 2123 1553 2177 in
1578 2132 1732 2193 portu

137 2205 478 2276 naufragium
505 2205 723 2274 fecerat,
759 2208 980 2278 perinde
1005 2210 1159 2280 quasi
1186 2212 1362 2267 medio
1388 2214 1439 2268 in
1467 2214 1655 2284 pelago
1681 2215 1732 2270 id

139 2313 335 2368 passus
355 2309 523 2365 esset,
553 2299 781 2371 benigne
807 2316 868 2356 ac
891 2302 1180 2358 liberaliter
1201 2305 1409 2375 excepit
1435 2323 1448 2360 :
1471 2305 1730 2376 siquidem

139 2390 196 2444 in
222 2390 469 2459 paradiso
497 2391 706 2461 lapsum
734 2407 874 2458 esse,
900 2391 953 2447 id
983 2409 1113 2448 vero
1137 2404 1219 2449 est
1247 2395 1300 2449 in
1331 2404 1488 2466 portu
1513 2395 1731 2452 naufra-

136 2480 286 2550 gium
315 2481 523 2536 fecisse.
555 2482 690 2550 Quid
733 2483 844 2537 ita?
871 2483 1004 2550 Quia
1047 2499 1168 2540 cum
1212 2487 1448 2541 nondum
1476 2488 1687 2543 tristitia
1711 2530 1728 2556 ,

139 2572 380 2626 nondum
409 2573 708 2630 sollicitudo
727 2616 742 2640 ,
781 2590 882 2630 nec
906 2575 1152 2644 labores,
1181 2593 1282 2633 nec
1315 2594 1565 2635 aerumnae
1585 2622 1599 2646 ,
1632 2596 1732 2638 nec

139 2665 409 2720 innumeri
434 2667 626 2722 fluctus
649 2667 927 2724 libidinum
957 2669 1010 2723 in
1042 2678 1282 2725 naturam
1310 2680 1546 2728 nostram
1573 2674 1732 2730 smvi-

138 2765 298 2818 rent,
331 2758 700 2826 supplantatus
731 2767 813 2815 est
842 2770 897 2815 et
925 2761 1144 2816 corruit.
1187 2762 1255 2817 Et
1283 2764 1730 2834 quemadmodum

137 2847 233 2916 qui
262 2847 313 2901 in
345 2848 479 2903 mari
506 2848 758 2919 navigant
798 2851 1025 2906 maleﬁci
1056 2852 1299 2908 homines
1322 2895 1336 2919 ,
1368 2856 1560 2924 exiguo
1589 2856 1728 2912 ferro

140 2939 322 2994 navim
352 2955 494 3009 saepe
525 2942 888 3010 perforantes,
916 2951 1084 2998 totum
1114 2961 1261 3000 mare
1291 2946 1343 3000 in
1368 2947 1632 3017 navigium
1663 2948 1730 3004 ab

145 3028 386 3085 inferiori
435 3041 584 3100 parte
635 3032 928 3088 immittunt
971 3051 984 3088 :
1027 3035 1104 3090 sic
1155 3035 1407 3091 nimirum
1463 3046 1516 3092 et
1555 3040 1727 3093 navim

141 3123 337 3179 Adami
366 3139 486 3178 cum
516 3125 721 3181 videret
746 3126 1013 3194 diabolus,
1044 3127 1148 3184 hoc
1176 3138 1258 3184 est
1285 3131 1517 3184 animam
1550 3131 1729 3186 multis

139 3217 394 3273 refertam
425 3220 614 3288 bonis,
657 3221 916 3277 accedens
957 3231 1223 3292 tamquam
1264 3221 1470 3277 minuto
1499 3222 1729 3291 quodam

139 3307 282 3364 ferro
325 3311 551 3380 simplici
580 3327 712 3368 voce
755 3311 1079 3383 perforavit,
1119 3321 1175 3368 et
1216 3328 1402 3368 omnes
1441 3312 1557 3383 ejus
1598 3329 1730 3384 opes

139 3400 424 3466 exhausit,
460 3403 734 3475 ipsamque
759 3405 1003 3477 cymbam
1031 3405 1336 3461 submersit.
1379 3407 1448 3460 At
1478 3407 1617 3462 Deus
1647 3407 1728 3460 ef-

140 3490 302 3560 fecit,
333 3502 390 3547 ut
431 3494 635 3550 lucrum
674 3497 871 3552 damno
896 3497 1067 3567 majus
1094 3506 1270 3564 esset,
1304 3507 1356 3553 et
1383 3499 1451 3553 ad
1479 3499 1726 3554 thronum

141 3585 346 3655 regium
396 3595 639 3642 naturam
693 3597 925 3645 nostram
969 3590 1177 3644 extulit.
1222 3590 1483 3658 Quocirca
1532 3591 1728 3646 Paulus

140 3677 299 3732 etiam
329 3678 524 3733 clamat
547 3678 734 3736 dicens
762 3697 775 3734 :
805 3679 1246 3748 Conresuscilavit,
1273 3691 1319 3736 ct
1339 3683 1609 3737 consedere
1636 3700 1728 3738 nos

148 3769 263 3838 fecit
290 3769 344 3824 in
383 3769 591 3825 dextera
615 3788 709 3826 sua
747 3773 799 3826 in
825 3773 1101 3827 ca‘zlestibus
1123 3815 1138 3840 ,
1168 3783 1222 3827 ut
1250 3773 1530 3830 ostenderet
1556 3775 1608 3828 in
1633 3791 1729 3830 sav-

144 3861 268 3915 rulis
288 3863 746 3931 superuenientibus
771 3863 1086 3918 abundantes
1111 3863 1309 3917 diuitias
1331 3864 1509 3934 gratia:
1527 3881 1651 3927 suae,
1674 3865 1728 3919 in

144 3953 363 4008 bonitate
388 3970 540 4024 super
564 3972 656 4009 nos
681 3953 908 4028 (Ephes.
937 3954 992 4009 2.
1022 3955 1073 4009 6.
1101 3952 1185 4026 7).
1213 3954 1346 4021 Quid
1374 3954 1616 4024 ais?jam
1641 3971 1728 4010 res

144 4044 320 4098 evenit
342 4052 398 4098 et
423 4044 581 4100 ﬁnem
614 4045 792 4112 habet,
819 4055 875 4102 et
898 4046 1031 4102 dicis
1057 4063 1071 4100 :
1099 4044 1166 4101 Ut
1195 4046 1472 4099 ostenderet
1498 4045 1551 4098 in
1570 4061 1730 4099 sarcu-

145 4133 205 4187 lis
241 4136 738 4204 supervenientibus?
765 4153 940 4192 annon
979 4138 1120 4192 enim
1160 4137 1433 4192 ostendit?
1458 4136 1575 4192 Jam
1607 4137 1727 4206 qui-

145 4223 262 4278 dem
289 4226 560 4293 ostendit,
590 4228 685 4284 sed
717 4243 821 4282 non
853 4228 1100 4284 omnibus
1138 4228 1439 4284 hominibus
1460 4269 1475 4294 ,
1503 4236 1558 4282 at
1597 4227 1728 4282 mihi

146 4317 232 4384 qui
263 4331 378 4370 sum
409 4317 581 4373 ﬁdelis
622 4336 636 4372 :
678 4319 906 4374 infidelis
942 4329 1116 4374 autem
1148 4319 1460 4374 miraculum
1492 4318 1726 4373 nondum

148 4407 296 4461 vidit.
328 4407 462 4462 Tum
488 4425 614 4465 vero
644 4409 733 4463 illo
759 4409 844 4464 die
871 4418 1054 4465 natura
1083 4410 1257 4464 omnis
1284 4409 1514 4464 humana
1537 4409 1589 4464 in
1616 4424 1729 4464 me-

146 4500 290 4556 dium
319 4516 614 4572 progressa,
645 4501 786 4572 quod
808 4502 900 4558 ﬁet
925 4501 1291 4568 admirabitur,
1316 4501 1580 4570 praecipue
1599 4517 1727 4556 vero

147 4593 298 4647 nobis
316 4591 477 4646 etiam
500 4602 608 4647 tum
636 4592 966 4648 manifestius
989 4593 1111 4648 erit.
1139 4592 1254 4647 Jam
1277 4593 1416 4647 enim
1437 4592 1725 4659 credimus,

145 4683 237 4739 sed
261 4697 367 4738 non
385 4697 455 4738 ex
475 4699 627 4754 aequo
649 4684 959 4739 miraculum
981 4685 1228 4754 exprimit
1247 4683 1460 4740 auditus
1478 4693 1532 4739 et
1548 4685 1724 4739 visus:

145 4775 237 4830 sed
268 4776 716 4846 quemadmodum
747 4778 798 4831 in
823 4777 1034 4848 regibus
1062 4776 1188 4832 dum
1217 4793 1500 4848 purpuram
1532 4786 1584 4833 et
1609 4777 1728 4832 dia-

149 4865 302 4920 dema
343 4874 398 4920 et
433 4881 622 4921 aureas
646 4877 821 4922 vestes
857 4869 1156 4938 soliumque
1196 4869 1401 4938 regium
1441 4867 1687 4923 audimus
1709 4908 1725 4932 ,

147 4956 473 5011 admiramur
492 4957 728 5027 quidem,
750 4968 803 5013 at
828 4959 994 5014 multo
1017 4959 1242 5028 amplius
1267 4959 1314 5013 id
1336 4959 1490 5014 nobis
1512 4957 1725 5025 accidit,

145 5062 265 5104 cum
293 5049 582 5102 contractis
610 5049 791 5105 auleis
817 5050 988 5119 ipsum
1028 5050 1080 5104 in
1112 5050 1324 5104 sublimi
1352 5050 1729 5121 praesidentem

147 5139 411 5195 cernimus
433 5139 682 5194 tribunali
708 5157 724 5193 :
753 5140 828 5195 sic
848 5148 902 5196 et
927 5142 978 5195 in
1004 5139 1306 5211 Unigenito,
1334 5155 1454 5196 cum
1477 5139 1728 5195 caelorum

147 5231 434 5286 viderimus
457 5230 622 5286 aulata
647 5240 936 5297 contracta,
970 5241 1023 5288 et
1043 5233 1240 5302 Regem
1270 5233 1576 5302 angelorum
1608 5231 1730 5287 inde

150 5323 560 5380 descendentem
587 5340 616 5378 a
639 5325 940 5380 caelestibus
969 5325 1156 5380 turmis
1177 5325 1448 5395 stipatum,
1471 5332 1579 5378 tum
1600 5339 1730 5379 vero

151 5417 317 5486 majus
347 5415 663 5471 miraculum
694 5416 848 5472 nobis
877 5416 1153 5472 oculorum
1183 5415 1478 5470 ministerio
1502 5429 1730 5484 appare-

150 5509 238 5564 bit.
264 5508 454 5579 Cogita
477 5523 704 5580 namque
729 5510 884 5579 quale
909 5509 980 5565 sit
1003 5520 1245 5564 naturam
1272 5517 1507 5564 nostram
1531 5509 1729 5563 Cheru-

149 5603 279 5658 binis
301 5603 565 5657 invectam
590 5599 801 5669 intueri,
822 5609 1095 5674 totumque
1120 5600 1412 5673 angelicum
1434 5599 1731 5655 exercitum

149 5693 217 5749 illi
245 5690 646 5749 circumfusum.

927 269 1274 326 DEMONES
1311 269 1447 327 NON
1485 268 1908 326 GUBERNABE
1947 271 2256 332 MUNDUM.
2297 275 2532 334 ἨΟΜΙίλ⁸
2567 278 2610 333 1.

3323 292 3427 349 iis

1917 382 1970 438 3.
2011 383 2163 440 Pauli
2191 401 2319 442 vero
2355 389 2669 461 sapientiam
2706 405 2919 466 quoque
2956 397 3086 454 mihi
3112 403 3428 473 considera,

1841 487 2000 562 quam
2031 476 2198 531 multa
2229 478 2445 534 nomina
2474 481 2788 552 conquirat,
2819 493 2878 540 ut
2903 485 3136 544 divinam
3165 497 3432 562 exprimat

1839 561 2242 634 benignitatem.
2287 567 2402 624 Non
2447 572 2590 626 enim
2637 572 2771 629 dixit
2817 575 3132 648 simpliciter
3159 561 3383 652 gratiam
3412 625 3430 651 ,

1841 671 2014 726 neque
2041 658 2355 728 simpliciter
2383 661 2594 718 divitias
2617 706 2632 732 ,
2662 665 2757 722 sed
2799 668 2961 738 quid?
2989 670 3314 730 Abundantes
3344 676 3428 730 di-

1839 750 1985 804 uitias
2011 753 2189 821 gratia
2212 753 2266 808 in
2297 754 2516 810 bonitate
2557 755 2785 828 (Ep/tes.
2813 758 2870 814 2.
2900 761 2983 832 7).
3015 762 3120 818 Sed
3145 781 3317 838 neque
3351 767 3430 822 sic

1843 852 2019 898 tamen
2047 845 2349 914 exprimere
2387 847 2575 917 potuit.
2611 848 2677 905 Et
2720 853 3165 921 quemadmodum
3196 857 3345 915 laevia
3375 869 3430 916 et

1839 934 2042 990 lubrica
2079 951 2304 1006 corpora
2334 938 2458 995 licet
2496 940 2792 997 innumeris
2829 945 3072 1000 manibus
3109 955 3426 1016 teneantur,

1841 1025 1996 1080 nobis
2015 1027 2297 1082 elabuntur
2315 1037 2370 1084 et
2395 1029 2547 1085 facile
2574 1031 2831 1103 eﬂ‘ugiunt
2854 1051 2868 1087 :
2892 1035 2970 1091 sic
2989 1046 3042 1092 et
3067 1038 3162 1094 Dei
3183 1041 3428 1112 benigni-

1841 1127 2002 1174 tatem
2032 1121 2473 1192 quantiscumque
2501 1124 2806 1181 nominibus
2832 1129 3116 1198 complecti
3147 1146 3424 1203 conemur,

1839 1225 1908 1265 ne
1934 1210 2011 1265 sic
2039 1212 2253 1281 quidem
2282 1215 2737 1284 comprehendere
2765 1233 3080 1288 possumus,
3112 1222 3206 1278 sed
3231 1226 3424 1280 verbo-

1839 1315 1958 1354 rum
1983 1310 2283 1356 nostrorum
2311 1303 2728 1361 imbecillitatem
2754 1307 2772 1340 ⁸
2795 1309 2911 1378 ejus
2937 1311 3244 1381 magnitudo
3267 1313 3426 1384 longo

1840 1401 2056 1460 superat
2085 1393 2385 1449 intervallo.
2414 1395 2568 1463 Quod
2597 1412 2718 1453 cum
2745 1410 2994 1471 expertus
3021 1414 3162 1459 esset
3186 1404 3385 1460 Paulus
3402 1447 3423 1474 ,

1838 1491 1892 1538 ct
1939 1485 2105 1552 ipsius
2152 1487 2514 1556 magnitudine
2557 1490 2838 1546 verborum
2890 1493 2997 1548 vim
3044 1505 3288 1552 cerneret
3329 1513 3424 1552 su-

1837 1575 2015 1643 perari
2040 1617 2055 1641 ,
2087 1591 2194 1630 uno
2236 1577 2444 1647 prolato
2473 1579 2635 1634 verbo
2679 1581 2944 1638 discessit.
2976 1583 3254 1652 Quodnam
3295 1588 3423 1644 illud

1839 1676 1921 1721 est
1952 1667 2202 1722 tandem?
2238 1667 2415 1722 Gratia
2440 1680 2606 1724 autem
2632 1671 2741 1726 Deo
2757 1690 2909 1744 super
2937 1675 3268 1732 inenarrabili
3293 1679 3425 1734 dono

1837 1760 1948 1830 ejus
1973 1760 2061 1832 (2.
2092 1761 2211 1814 Cor.
2238 1761 2291 1816 9.
2321 1762 2442 1833 15).
2471 1763 2654 1834 Neque
2677 1766 2818 1820 enim
2850 1781 3029 1822 sermo
3056 1769 3196 1824 ullus
3215 1809 3228 1833 ,
3253 1784 3426 1841 neque

1837 1867 1991 1908 mens
2007 1853 2111 1908 ulla
2128 1853 2219 1908 Dei
2237 1855 2619 1923 providentiam
2639 1859 2831 1926 poterit
2845 1859 3426 1932 exprimere.Pr0pter-

1842 1959 1905 2000 ea
1931 1943 2016 1998 hic
2041 1944 2254 2014 quidem
2267 1944 2680 2003 inenarrabilem
2699 1947 2842 2002 illam
2858 1949 2933 2003 ait
2951 1964 3094 2017 esse,
3112 1950 3426 2007 alibiautem

1835 2043 1890 2089 et
1911 2045 2143 2090 mentem
2170 2046 2407 2091 nostram
2437 2039 2878 2107 exsuperare_,sic
2903 2039 3085 2095 dicens
3113 2058 3126 2094 :
3156 2040 3274 2096 Pax
3297 2041 3423 2110 Dei,

1835 2142 1949 2197 qua:
1976 2137 2243 2193 exsuperat
2280 2145 2478 2184 omnem
2503 2139 2716 2186 mentem
2732 2172 2748 2198 ,
2780 2132 3025 2188 custodiet
3061 2134 3217 2189 corda
3236 2146 3423 2191 vestra.

1839 2219 2022 2291 (Phil.
2050 2223 2104 2278 4.
2139 2222 2171 2276 7
2183 2221 2227 2294 ).

1907 2333 2048 2390 Deus
2067 2352 2165 2389 non
2181 2351 2295 2391 cum
2317 2337 2406 2392 dat
2425 2338 2594 2406 modo,
2611 2338 2702 2394 sed
2723 2340 2874 2394 etiam
2900 2357 3012 2394 cum
3032 2343 3219 2413 aufert,
3243 2341 3421 2398 bonus.

1834 2455 1906 2466 -—
1926 2425 2029 2482 Sed
2053 2427 2193 2497 quod
2217 2426 2480 2497 dicebam,
2498 2429 2604 2484 duo
2623 2429 2834 2500 quidem
2859 2430 3112 2486 hactenus
3126 2430 3424 2488 defensioni

1835 2519 2034 2588 reperti
2059 2529 2184 2574 sunt
2229 2519 2374 2575 modi
2403 2537 2417 2573 :
2449 2535 2587 2576 unus
2609 2561 2624 2586 ,
2655 2521 2798 2591 quod
2841 2537 2946 2576 non
2993 2523 3130 2577 Deus
3165 2523 3418 2593 ejecerit,

1834 2609 1930 2666 sed
1969 2624 2068 2665 nos
2107 2611 2446 2667 amiserimus
2487 2631 2500 2666 :
2545 2612 2844 2678 secundus,
2887 2613 3028 2682 quod
3075 2613 3222 2682 plura
3262 2629 3420 2684 quam

1836 2705 2045 2760 fuerant
2065 2721 2094 2760 a
2116 2705 2271 2760 nobis
2297 2706 2514 2772 amissa,
2540 2706 2592 2760 in
2623 2721 2720 2760 nos
2746 2705 2937 2759 collata
2964 2705 3071 2760 sint
3099 2706 3237 2760 bona
3262 2723 3276 2760 :
3300 2707 3420 2762 volo

1835 2806 2010 2850 autem
2042 2805 2098 2850 et
2127 2798 2339 2851 tertium
2365 2796 2567 2851 dicere.
2595 2795 2725 2862 Quis
2752 2811 2879 2866 ergo
2901 2799 3087 2852 tertius
3115 2797 3242 2853 est?
3267 2795 3420 2865 Quod

1834 2889 2083 2942 nimirum
2111 2889 2318 2942 etiamsi
2344 2887 2548 2959 majora
2575 2903 2733 2958 quam
2762 2887 2971 2943 fuerant
2994 2889 3210 2956 amissa,
3239 2898 3420 2958 postea

1834 2995 1941 3034 non
1973 2979 2229 3046 dedisset,
2263 2980 2357 3035 sed
2389 2996 2506 3049 quze
2531 2979 2656 3033 data
2683 2977 2914 3045 fuerant,
2944 2987 3148 3034 tantum
3174 2981 3420 3036 abstulis-

1835 3082 1935 3137 set,
1959 3087 2078 3126 eum
2102 3086 2200 3126 nos
2219 3086 2433 3126 causam
2454 3070 2784 3126 dedissemus
2807 3070 2942 3137 (hoc
2962 3072 3101 3126 enim
3124 3069 3378 3142 addatur)
3400 3087 3418 3124 :

1835 3161 1937 3216 hoc
1963 3177 2172 3232 quoque
2200 3161 2498 3217 suffecisset
2527 3177 2688 3216 unum
2731 3161 2796 3216 ad
2837 3162 3001 3232 ipsius
3036 3162 3420 3232 providentiam

1835 3264 1888 3310 et
1916 3269 2098 3310 curam
2127 3267 2252 3324 erga
2296 3269 2393 3308 nos
2432 3251 2837 3309 ostendendam.
2880 3253 3061 3323 Neque
3107 3255 3250 3309 enim
3280 3255 3418 3324 quod

1833 3348 1924 3404 det
1952 3357 2151 3402 tantum
2173 3389 2188 3414 ,
2212 3347 2307 3402 sed
2344 3347 2504 3402 etiam
2535 3345 2675 3416 quod
2715 3361 2832 3416 qua:
2870 3345 2990 3399 data
3029 3356 3154 3402 sunt
3178 3347 3416 3409 auferat,

1835 3441 2081 3496 maxima:
2107 3440 2374 3510 specimen
2404 3454 2512 3508 prae
2537 3452 2595 3493 se
2623 3437 2723 3493 fert
2748 3437 3108 3507 benignitatis.
3137 3438 3212 3492 Ac
3237 3438 3281 3491 si
3307 3437 3432 3506 play

1834 3540 1952 3597 cet,
1984 3546 2048 3585 ex
2089 3545 2337 3584 sermone
2365 3529 2431 3584 de
2460 3529 2702 3599 paradiso
2747 3527 2797 3582 id
2828 3527 3111 3583 ostendere
3145 3526 3421 3598 aggredia-

1835 3638 1975 3677 mur.
1998 3621 2309 3677 Paradisum
2335 3620 2576 3687 dederat,
2611 3619 2712 3674 hoc
2742 3619 2908 3688 ipsius
2936 3634 3076 3673 curae
3107 3616 3206 3672 fuit
3234 3635 3247 3669 :
3279 3617 3418 3671 indi-

1834 3715 1921 3786 gni
1947 3715 2050 3769 hoc
2079 3729 2300 3769 munere
2326 3714 2427 3768 visi
2454 3727 2659 3779 sumus,
2688 3711 2790 3768 hoc
2817 3721 3012 3766 nostra:
3039 3710 3135 3766 fuit
3160 3710 3419 3780 improbi-

1834 3807 1956 3862 tatis
1986 3822 1998 3858 :
2027 3806 2249 3862 abstulit
2291 3821 2485 3860 munus
2533 3804 2635 3858 illis
2658 3846 2673 3870 ,
2705 3805 2792 3873 qui
2844 3803 3042 3872 indigni
3090 3811 3368 3857 evaserant
3402 3818 3416 3854 :

1834 3897 1938 3952 hoc
1978 3897 2145 3967 ipsius
2184 3897 2406 3951 bonitati
2448 3894 2786 3949 tribuendum
2830 3901 2930 3948 est.
2963 3892 3028 3946 Et
3055 3908 3173 3960 qua:
3205 3891 3416 3945 tandem

1835 3990 1950 4046 lucc
1977 3991 2189 4046 bonitas
2209 3998 2292 4043 est
2317 4004 2430 4043 rem
2457 3988 2632 4042 datam
2661 3986 2914 4040 auferre?
2940 3985 3282 4052 Exspecta,et
3303 3999 3421 4037 om-

1835 4081 1962 4135 nino
1987 4079 2192 4134 audies.
2220 4078 2406 4147 Cogita
2432 4091 2660 4146 namque
2683 4076 2799 4145 quis
2829 4073 3036 4128 futurus
3059 4072 3243 4127 fuisset
3263 4072 3414 4138 Cain,

1835 4171 1880 4226 si
1919 4179 2042 4242 post
2085 4169 2429 4224 homicidium
2473 4169 2524 4222 in
2565 4166 2809 4237 paradiso
2852 4163 3153 4218 mansisset.
3181 4161 3234 4218 Si
3274 4161 3416 4218 enim

1834 4277 1955 4318 eum
1985 4262 2050 4316 ab
2081 4261 2166 4315 illa
2213 4259 2538 4314 habitatione
2579 4257 2901 4321 excidisset,
2937 4257 2980 4308 si
3009 4255 3072 4309 ad
3108 4253 3341 4309 laborem
3363 4264 3418 4311 ct

1835 4369 2098 4410 aerumnas
2120 4354 2402 4409 damnatus
2421 4361 2476 4406 ct
2501 4351 2687 4406 mortis
2713 4351 2883 4405 minas
2905 4350 3114 4404 intuens
3137 4349 3420 4404 immineu~

1837 4458 1937 4515 tes,
1969 4448 2014 4502 si
2040 4463 2158 4502 cum
2184 4454 2308 4500 ante
2336 4444 2522 4499 oculos
2546 4442 2772 4514 positam
2803 4441 3036 4510 parentis
3062 4439 3418 4495 calamitatem

1838 4540 2132 4595 haberetet
2160 4537 2367 4604 objecta
2399 4533 2622 4602 pedibus
2659 4531 2769 4586 suis
2803 4531 2896 4584 irae
2925 4530 3016 4585 Dei
3048 4530 3265 4599 vestigia
3299 4544 3420 4583 cer-

1835 4642 2009 4699 neret,
2047 4647 2111 4686 ac
2147 4630 2305 4684 tantis
2335 4627 2489 4682 malis
2515 4627 2902 4693 circumseptus
2925 4630 3103 4684 esset.
3135 4622 3186 4676 in
3218 4630 3418 4677 tantam

1833 4725 2009 4793 erupit
2038 4719 2430 4790 improbitatem
2456 4758 2470 4781 ,
2503 4726 2562 4771 ut
2591 4729 2831 4770 naturam
2865 4715 3149 4784 ignoraret,
3173 4727 3420 4766 commu-

1836 4814 2010 4869 nionis
2038 4822 2220 4882 partus
2248 4809 2672 4873 oblivisceretur,
2704 4821 2848 4872 eum,
2876 4819 2904 4857 a
2935 4819 3041 4874 quo
3070 4803 3215 4858 nulla
3249 4802 3422 4858 fuerat

1835 4903 2056 4959 affectus
2082 4901 2290 4972 injuria,
2322 4907 2554 4966 necaret,
2589 4897 2875 4952 fraternum
2908 4894 3216 4964 sanguinem
3243 4893 3423 4948 funde-

1838 5006 1954 5063 ret,
1983 4995 2257 5052 dexteram
2283 4999 2609 5056 cruentaret,
2635 5002 2863 5058 eumque
2887 4987 3029 5042 Deus
3057 4986 3204 5040 illum
3230 4984 3423 5040 admo-

1836 5094 1992 5142 neret
2040 5093 2100 5139 ut
2143 5085 2461 5156 quiesceret,
2509 5095 2615 5135 non
2659 5086 2906 5150 pareret,
2949 5077 3040 5132 sed
3089 5076 3420 5132 conditorem

1837 5195 1991 5236 suum
2019 5178 2213 5248 probro
2242 5175 2517 5242 afﬁceret,
2547 5172 2852 5243 parentibus
2880 5170 3220 5240 ignominiam
3252 5165 3418 5221 infer-

1837 5279 1956 5337 ret,
1985 5269 2074 5324 hic
2110 5268 2153 5323 si
2197 5268 2250 5322 in
2294 5265 2542 5337 paradiso
2569 5274 2810 5319 versatus
2849 5261 3035 5317 fuisset
3056 5303 3072 5328 ,
3101 5257 3340 5329 expende
3366 5258 3418 5312 in

1837 5371 2088 5433 quantam
2119 5360 2410 5430 nequitiam
2454 5357 2798 5428 prorupisset.
2838 5353 2970 5408 Nam
3016 5354 3061 5408 si
3103 5362 3208 5406 tam
3239 5348 3420 5404 multis

1837 5453 1998 5508 frenis
2023 5451 2265 5521 injectis,
2293 5457 2371 5505 tot
2399 5449 2586 5505 letales
2615 5447 2780 5504 saltus
2803 5444 2984 5512 dedit,
3013 5440 3058 5498 si
3086 5440 3277 5498 sublati
3297 5438 3424 5495 obi-

1900 5672 1919 5704 ²
1953 5675 2082 5721 tinus
2100 5668 2253 5732 colb.,
2277 5667 2479 5733 copiam.
