3894 6226
500 251 607 309 2.19

502 380 597 420 res
623 365 711 423 isti
750 364 1017 435 fuissent,
1054 381 1162 438 quo
1195 382 1301 422 non
1327 367 1562 436 seipsum
1592 366 1915 437 prazcipitem
1941 364 2086 436 egis-

502 455 639 511 seti

575 543 702 601 an
729 547 923 619 profuit
945 556 1087 602 extra
1116 546 1412 616 paradisum
1438 545 1688 615 fuisse.--
1709 543 1803 601 Vis
1830 545 1990 601 etiam
2020 558 2087 599 ex

503 639 690 694 matris
720 638 876 709 hujus
901 639 1146 708 exemplo
1168 639 1399 705 discere,
1421 650 1676 708 quantum
1699 639 1894 693 bonum
1920 637 2088 692 exsti-

503 733 628 785 terit
655 746 686 786 a
711 731 940 801 paradisi
968 732 1293 786 habitatione
1311 732 1613 786 excidisse?
1639 730 1891 787 Scrutare
1917 729 2088 800 qualis

501 833 658 878 antea
702 832 846 879 esset
884 823 1036 889 Eva,
1084 834 1139 878 et
1187 824 1360 893 qualis
1400 834 1583 893 postea
1629 824 1877 879 evaserit.
1920 826 2089 877 Antea

499 913 714 983 quidem
757 914 1097 985 decoptorem
1140 916 1431 982 diabolum,
1479 916 1766 987 malignum
1813 912 2087 970 illumdae-

498 1020 713 1062 monem
762 1006 868 1062 fide
914 1008 1207 1077 digniorem
1257 1009 1347 1064 Dei
1388 1007 2009 1069 mandatisexistimavit,
2037 1014 2088 1060 et

498 1098 616 1153 solo
663 1099 870 1155 arboris
907 1111 1125 1168 aSpectu
1148 1102 1322 1156 illecta
1367 1103 1522 1155 latam
1553 1102 1621 1156 ab
1650 1102 1743 1155 illo
1772 1102 1942 1169 legem
1969 1100 2086 1153 vio-

500 1189 633 1244 lavit
671 1206 687 1255 ;
729 1201 1010 1261 postquam
1054 1201 1232 1247 autem
1279 1193 1477 1248 excidit
1507 1192 1772 1261 paradiso,
1802 1207 1907 1261 quo
1936 1200 2088 1260 pacto

500 1284 694 1341 melior
733 1299 797 1340 ac
840 1285 1133 1341 modestior
1160 1286 1230 1340 sit
1273 1287 1426 1350 facta,
1457 1286 1756 1341 considera.
1785 1285 1919 1338 Cum
1946 1284 2088 1337 enim

498 1373 665 1429 filium
713 1384 857 1431 esset
911 1377 1098 1444 enixa,
1151 1376 1403 1443 Possedi,
1459 1377 1648 1447 inquit,
1701 1376 1950 1430 hominem
2000 1391 2090 1444 per

499 1464 669 1523 Deum
711 1466 869 1537 (Gen.
896 1470 954 1524 4.
983 1470 1062 1539 1).
1093 1470 1175 1525 Ad
1207 1471 1490 1525 Dominum
1529 1468 1812 1525 confestim
1853 1469 2090 1539 confugit

497 1572 580 1623 ea,
611 1573 733 1628 qum
764 1559 1043 1614 Dominum
1086 1571 1212 1616 ante
1246 1570 1662 1629 contempserat,
1694 1576 1866 1629 neque
1886 1568 2087 1615 naturae

496 1661 613 1703 rem
641 1649 916 1717 adscribit,
957 1666 1130 1721 neque
1171 1653 1492 1707 matrimonii
1532 1652 1736 1722 legibus
1764 1662 1971 1721 partum
2001 1665 2087 1705 ac-

496 1749 710 1809 ceptum
753 1741 882 1807 fert;
921 1744 1015 1799 sed
1065 1755 1267 1799 natum
1308 1746 1591 1799 Dominum
1636 1746 1894 1816 agnoscit,
1930 1746 2087 1814 eique

498 1841 626 1888 nato
648 1833 755 1902 jam
788 1835 894 1889 ﬁlio
922 1838 1121 1906 gratias
1144 1839 1288 1908 agit:
1313 1854 1537 1909 qumque
1565 1840 1809 1893 maritum
1840 1846 1992 1893 antea
2029 1838 2083 1893 in

501 1921 741 1979 fraudem
768 1924 1028 1993 illexerat,
1053 1928 1218 1982 ﬁlium
1240 1929 1399 1983 etiam
1428 1929 1677 1994 erudivit,
1704 1928 1859 2000 eique
1890 1944 2085 1985 nomen

498 2014 769 2086 imposuit,
819 2032 852 2072 a
896 2034 1003 2089 quo
1041 2020 1109 2074 de
1146 2020 1240 2074 Dei
1284 2036 1505 2076 munere
1550 2032 1729 2091 posset
1770 2023 2084 2078 admoneri:

496 2122 722 2178 cumque
772 2110 1001 2166 alterum
1050 2128 1238 2168 rursus
1286 2115 1602 2183 peperisset,
1648 2117 1759 2170 ait:
1810 2116 2088 2171 Suscitavit

498 2199 622 2252 mihi
650 2199 789 2255 Deus
813 2218 977 2256 semen
1006 2220 1099 2273 pro
1122 2204 1268 2270 Abel,
1302 2221 1449 2276 quem
1475 2206 1656 2259 occidit
1686 2205 1812 2262 Cain
1845 2206 1996 2276 (Gen.
2027 2208 2082 2264 4.

492 2290 607 2363 25).
655 2293 984 2350 Calamitatis
1031 2297 1362 2362 recordatur,
1411 2313 1584 2368 neque
1611 2297 1711 2353 fert
1751 2299 2088 2369 impatienter

496 2384 706 2449 mulier,
734 2386 827 2440 sed
859 2387 1054 2441 iterum
1079 2389 1187 2442 Deo
1213 2390 1409 2458 gratias
1435 2391 1558 2459 agit,
1583 2404 1647 2445 ac
1672 2391 1781 2444 ﬁlio
1806 2405 1998 2445 nomen
2019 2406 2087 2446 ex

496 2488 718 2530 munere
761 2476 941 2530 divino
984 2478 1228 2548 imponit,
1277 2482 1433 2549 eique
1478 2491 1786 2551 perpetuam
1829 2482 2087 2538 doctrinm

496 2566 830 2621 occasionem
878 2568 1096 2634 praebet.
1140 2569 1237 2635 lta,
1281 2569 1405 2624 dum
1456 2571 1615 2625 etiam
1659 2572 1896 2637 abstulit,
1945 2573 2086 2628 Deus

499 2656 702 2724 majora
725 2657 861 2711 bona
886 2658 1106 2727 largitus
1123 2668 1225 2713 est.
1252 2659 1506 2714 Paradiso
1531 2662 1729 2716 excidit
1749 2663 1957 2726 mulier.
1989 2663 2085 2719 sed

496 2745 563 2798 ad
597 2745 689 2801 Dei
709 2747 1062 2816 cognitionem
1091 2749 1190 2803 hac
1217 2749 1477 2819 ejectione
1502 2751 1729 2807 deducta
1755 2762 1873 2808 est:
1906 2754 2085 2824 itaque

498 2838 617 2907 plus
642 2839 864 2905 invenit,
902 2856 1061 2911 quam
1102 2840 1353 2911 perdidit.
1390 2842 1539 2909 Quod
1569 2844 1612 2898 si
1643 2844 1772 2899 utile
1799 2853 1915 2900 erat
1937 2846 2087 2901 exci-

497 2929 626 2984 dere
676 2931 940 2998 paradiso,
990 2933 1141 3001 cujus
1184 2935 1260 2987 rei
1302 2935 1470 3004 gratia
1500 2935 1799 3005 paradisum
1841 2938 1909 2995 ab
1935 2937 2087 2995 initio

497 3020 643 3076 dedit
663 3024 839 3077 Deus?
866 3023 1078 3080 Utiliter
1098 3025 1200 3082 hoc
1219 3025 1415 3081 factum
1437 3038 1539 3091 est,
1568 3028 1640 3083 mi
1666 3030 1845 3097 homo,
1869 3043 2087 3102 propter

499 3114 872 3184 negligentiam
914 3126 1149 3171 nostram
1191 3136 1204 3171 :
1257 3119 1435 3187 itaque
1466 3122 1508 3175 si
1546 3122 1646 3177 sibi
1690 3124 1957 3181 cavissent
1984 3126 2084 3194 illi,

497 3220 561 3260 ac
589 3206 866 3261 Dominum
886 3210 1308 3278 agnovissent,et
1332 3213 1493 3266 sobrii
1515 3214 1738 3269 fuissent
1759 3230 1820 3270 ac
1834 3217 2084 3286 modesti,

498 3302 916 3369 permansisscnt
941 3305 992 3358 in
1015 3303 1246 3372 honore;
1278 3321 1398 3361 cum
1426 3318 1602 3363 autem
1620 3308 1803 3364 datum
1834 3311 1931 3365 sibi
1964 3327 2085 3366 mu-

500 3407 599 3447 nus
647 3393 933 3463 ignominia
980 3396 1302 3461 all‘ecissent,
1351 3407 1476 3453 tunc
1519 3401 1648 3455 utile
1693 3400 1806 3459 fuit.
1842 3411 1899 3458 ut
1921 3403 2086 3472 ejice-

499 3493 702 3539 rentur.
741 3485 847 3541 Cur
886 3486 1043 3556 igitur
1089 3489 1219 3544 illud
1268 3489 1419 3544 initio
1460 3491 1605 3546 dedit
1640 3492 1812 3548 Deus?
1846 3494 1911 3551 Ut
1935 3510 2087 3553 suam

502 3575 807 3630 ostenderet
834 3577 1237 3648 benignitatem,
1267 3595 1432 3651 seque
1460 3595 1698 3652 paratum
1726 3601 1939 3655 semper
1966 3602 2087 3643 esse

500 3685 600 3724 nos
625 3670 691 3725 ad
731 3673 961 3737 majores
1008 3672 1240 3728 honores
1286 3678 1608 3744 provehere;
1639 3694 1736 3733 nos
1770 3696 1898 3735 vero
1934 3682 2087 3737 nobis

500 3761 698 3833 ubique
742 3776 1016 3830 poenarum
1061 3772 1114 3818 et
1152 3765 1528 3834 suppliciorum
1576 3778 1823 3824 auctores
1869 3786 2084 3838 sumus,

501 3854 627 3910 dum
676 3870 773 3909 nos
816 3857 960 3924 ipsos
1009 3866 1190 3911 nostra
1237 3858 1479 3912 socordia
1530 3859 1717 3926 bonis,
1770 3876 1888 3930 qua:
1934 3862 2088 3919 nobis

504 3944 709 4001 fuerant
736 3961 1010 4011 concessa,
1040 3947 1329 4017 privamus.
1361 3948 1426 4004 Ut
1455 3950 1612 4021 igitur
1635 3951 1912 4022 indulgens
1938 3964 2089 4023 pater

503 4039 653 4093 initio
679 4038 891 4108 quidem
923 4040 1084 4094 lilium
1115 4055 1268 4095 suum
1313 4041 1455 4095 domi
1501 4059 1717 4099 manere
1759 4045 1881 4098 sinit
1912 4054 1966 4100 et
1992 4060 2087 4114 pa-

505 4130 671 4184 ternis
710 4131 955 4185 omnihus
1003 4132 1100 4185 frui
1144 4131 1328 4193 bonis;
1379 4141 1657 4200 postquam
1715 4143 1893 4189 autem
1939 4135 2088 4190 illum

503 4219 696 4275 viderit
721 4220 818 4275 hoc
847 4220 1050 4275 honore
1076 4221 1239 4276 fuisse
1265 4223 1634 4290 depravatum,
1662 4233 1809 4279 arcet
1829 4241 1858 4278 a
1881 4241 2086 4292 mensa,

505 4325 569 4365 ac
590 4311 745 4380 longe
769 4327 798 4365 a
824 4325 1110 4383 conspectu
1138 4330 1236 4368 suo
1264 4314 1509 4373 collocat.
1535 4329 1903 4383 saepenumero
1928 4319 2088 4374 etiam

508 4416 575 4455 ex
605 4400 734 4471 ipsis
766 4406 998 4470 paternis
1027 4404 1229 4458 rudibus
1252 4404 1415 4472 ejicit,
1450 4416 1504 4458 ut
1528 4405 1629 4459 illis
1657 4407 1888 4475 privatus
1913 4418 1967 4463 et
1988 4408 2089 4464 hac

503 4491 824 4547 contumelia
858 4500 911 4545 ct
949 4492 1210 4548 dedecore
1250 4496 1438 4550 melior
1463 4495 1702 4562 effectus,
1730 4497 1943 4568 dignum
1964 4499 2088 4554 red-

506 4584 585 4641 itu
615 4583 846 4654 seipsum
870 4599 1056 4637 rursus
1090 4585 1304 4650 efﬁciat,
1334 4602 1398 4641 ac
1447 4597 1718 4657 paternam
1770 4592 1946 4659 capiat
1973 4592 2083 4645 ha:-

507 4676 785 4731 reditatem
813 4695 826 4731 :
860 4674 930 4730 ita
955 4690 1163 4746 quoque
1192 4677 1315 4733 fecit
1349 4678 1507 4735 Deus.
1542 4681 1848 4736 Paradisum
1890 4683 2090 4739 homini

507 4766 685 4821 dedit:
705 4782 827 4822 eum
852 4783 911 4823 se
941 4768 1209 4838 indignum
1238 4771 1579 4838 ostendisset,
1599 4775 1775 4841 eiecit,
1796 4784 1854 4829 ut
1873 4787 2089 4831 externa

506 4857 597 4912 illa
629 4856 956 4913 habitatione
1000 4860 1391 4932 ignominiaque
1417 4864 1608 4920 melior
1633 4864 1849 4922 effectus
1883 4882 1947 4921 ac
1973 4882 2089 4923 mo-

507 4947 747 5013 destior,
799 4948 987 5020 dignus
1035 4951 1210 5005 reditu
1258 4964 1558 5023 appareret.
1611 4956 1870 5023 Quoniam
1932 4957 2093 5025 igitur

511 5048 694 5107 postea
721 5040 1038 5109 resipuerat,
1064 5052 1278 5097 revocat
1304 5044 1450 5099 illum
1483 5061 1684 5111 rursus,
1714 5059 1768 5103 et
1791 5052 1897 5102 ait:
1928 5048 2093 5104 llodie

507 5149 701 5189 necum
730 5136 826 5189 eris
849 5136 901 5190 in
937 5137 1173 5206 paradiso
1200 5137 1445 5210 (Luc.‘23.
1466 5141 1588 5210 .45).
1623 5141 1783 5197 Vides
1810 5158 1913 5198 non
1949 5142 2091 5212 quod

509 5227 717 5285 dederit
774 5228 1104 5297 paradisum,
1163 5231 1257 5284 sed
1310 5231 1450 5300 quod
1503 5231 1720 5302 ejcccrtt
1762 5248 1794 5288 e
1846 5234 2092 5301 paradiso

506 5321 753 5376 maximae
787 5337 930 5376 curm
975 5323 1245 5391 Specimen
1293 5323 1596 5378 exstitisse?
1635 5324 1734 5377 nisi
1768 5324 1908 5378 enim
1941 5340 2093 5394 para-

506 5414 626 5469 diso
663 5414 969 5482 excidisset,
1010 5416 1258 5485 paradiso
1306 5416 1498 5487 dignus
1541 5431 1727 5471 rursus
1774 5432 1882 5472 non
1924 5434 2089 5489 appa-

510 5506 723 5560 ruisset.

581 5597 634 5650 4.
675 5597 827 5653 Hunc
870 5598 1029 5669 igitur
1068 5614 1372 5656 sermonem
1415 5609 1675 5673 perpetuo
1716 5603 1969 5665 memoria
2016 5610 2093 5659 te-

513 5702 755 5759 neamus,
801 5689 942 5746 hunc
987 5700 1042 5747 et
1084 5692 1136 5748 in
1166 5703 1479 5763 argumento
1521 5694 1817 5766 proposito,
1847 5695 1892 5753 si
1921 5695 2085 5765 lubet,

1188 219 1261 309 VS.
1300 253 1574 310 JOANNIS
1611 252 2092 310 CllRYSOSTOlll
2134 253 2447 312 ARCHlEP.
2491 258 3029 318 COXSTANTINOP.

3680 254 3782 310 ’ΠΙ

2200 367 2540 423 ventilemus.
2593 366 2941 424 Communem
2993 367 3240 423 omnibus
3304 367 3545 438 linguam
3601 365 3782 423 dedit:

2196 459 2296 515 hoc
2322 459 2437 528 ejus
2470 459 2566 513 fuit
2588 458 2950 530 benignitatis.
2997 457 3112 513 Non
3156 463 3236 514 usl
3284 469 3409 514 sunt
3452 458 3533 515 illi
3559 458 3704 512 dono
3730 468 3785 513 ut

2193 563 2329 619 opus
2352 549 2463 615 fuit,
2494 548 2588 605 sed
2615 548 2668 604 in
2693 559 2984 605 extremam
3011 548 3335 604 dementiam
3362 559 3491 604 sunt
3519 550 3785 619 prolapsi;

2193 643 2334 712 quod
2383 643 2565 697 datum
2616 642 2806 708 fuerat,
2853 658 3039 697 rursus
3083 642 3321 697 abstulit.
3369 642 3427 699 Si
3470 643 3622 698 enim
3649 643 3794 712 quod

2192 749 2351 788 unam
2384 734 2614 804 linguam
2654 733 2932 801 haberent,
2966 733 3017 787 in
3047 742 3244 788 tantam
3284 733 3551 789 insaniam
3584 733 3792 788 incide—

2193 834 2340 892 runt,
2373 834 2430 880 ut
2459 825 2643 880 turrim
2674 824 2740 879 ad
2760 825 2921 879 ca'los
2949 839 3115 894 usque
3142 825 3493 894 pertinentem
3518 824 3796 879 mdificare

2191 916 2425 983 Vt'lleltl,
2471 914 2573 969 nisi
2615 914 2793 969 statim
2845 916 3012 984 puniti
3058 914 3319 982 fuissent,
3374 931 3563 970 nonne
3616 915 3789 984 ipsum

2191 1026 2405 1081 quoque
2471 1011 2724 1066 caelorum
2792 1008 3059 1079 fastigium
3103 1024 3362 1079 occupare
3415 1009 3793 1080 cupivissent?

2191 1102 2338 1157 Licet
2382 1102 2522 1156 enim
2569 1102 2675 1156 illis
2717 1110 2858 1156 esset
2901 1100 3242 1170 impossibile,
3297 1111 3475 1156 tamen
3530 1100 3579 1154 si
3624 1100 3795 1154 animi

2192 1200 2403 1261 spectes
2425 1193 2772 1262 propositum,
2803 1192 2980 1247 scelus
3012 1193 3141 1247 illud
3172 1192 3389 1263 impium
3419 1191 3791 1246 admiserunt.

2191 1284 2323 1350 Quae
2367 1283 2544 1338 omnia
2589 1299 2711 1338 cum
2774 1282 3103 1353 pratvidisset
3150 1284 3306 1345 Dens,
3351 1281 3796 1352 quandoquidem

2192 1377 2385 1447 li-‘gute
2425 1375 2707 1432 concordia
2760 1391 2865 1430 non
2896 1384 2952 1431 ut
2994 1375 3227 1446 oportuit
3249 1376 3329 1430 usi
3358 1382 3533 1431 erant.
3563 1374 3795 1429 dissidio

2191 1471 2511 1541 linguarum,
2544 1478 2600 1524 ut
2627 1470 2879 1539 oportuit,
2913 1470 3034 1523 illos
3057 1468 3260 1523 dividit.
3286 1468 3514 1523 Acmihi
3544 1467 3791 1522 clemen-

2194 1564 2319 1617 tiam
2368 1560 2535 1632 ipsius
2564 1562 2721 1617 velim
2774 1561 3100 1616 consideres.
3131 1559 3284 1626 Ecce,
3337 1559 3531 1628 inquit,
3566 1574 3669 1613 eoa:
3693 1574 3795 1613 una

2199 1653 2454 1719 omnibus,
2485 1662 2534 1707 et
2562 1653 2659 1706 hoc
2684 1652 2850 1721 facere
2876 1659 3127 1722 carperunt
3151 1649 3298 1723 (Gen.
3334 1651 3420 1705 il.
3451 1648 3529 1722 6).

2262 1742 2362 1798 Cur
2408 1759 2509 1798 non
2548 1743 2787 1796 acciderit
2824 1743 2970 1796 citius
2994 1742 3171 1795 divisio
3200 1741 3597 1811 linguarum.—
3621 1737 3796 1805 Quam

2191 1837 2260 1891 ob
2288 1852 2502 1891 causam
2547 1850 2653 1890 non
2699 1836 2874 1891 statim
2904 1851 2970 1890 eo
3008 1835 3242 1900 devenit,
3266 1844 3324 1888 ut
3362 1834 3602 1902 linguam
3653 1833 3797 1886 divi-

2191 1929 2365 1994 deret,
2394 1928 2486 1983 sed
2516 1929 2664 1999 prius
2702 1942 2761 1982 se
2797 1935 3038 1992 excusat,
3070 1927 3220 1997 quasi
3248 1926 3300 1980 in
3332 1924 3536 1995 judicio
3567 1938 3797 1977 causam

2191 2023 2469 2078 dicturus:
2517 2021 2726 2077 tametsi
2758 2035 2914 2075 nemo
2945 2020 3018 2073 illi
3040 2020 3275 2075 dicturus
3308 2026 3391 2073 est
3422 2014 3611 2085 :Quid
3656 2014 3799 2071 feci-

2192 2114 2259 2168 sti
2290 2112 2429 2168 ?scd
2458 2113 2510 2167 in
2538 2119 2800 2182 potestate
2828 2112 2985 2165 situm
3015 2118 3095 2165 est
3127 2109 3312 2179 ipsius,
3343 2116 3402 2162 ut
3423 2117 3645 2172 cuncta,
3675 2120 3801 2176 qua:

2191 2202 2437 2269 voluerit,
2493 2202 2668 2257 faciat.
2715 2202 2964 2257 Attamen
3013 2199 3162 2271 quasi
3190 2199 3449 2253 rationem
3480 2196 3802 2252 redditurus

2191 2296 2262 2350 ita
2289 2294 2681 2350 excusationem
2704 2307 2767 2347 ac
2789 2291 3153 2348 defensionem
3185 2290 3431 2356 instituit,
3460 2297 3522 2344 ut
3558 2302 3668 2343 nos
3692 2288 3797 2343 do-

2190 2386 2713 2443 ceatlmmanitatem
2762 2394 2816 2441 et
2856 2384 3192 2439 clementiam
3237 2396 3512 2437 exercere.
3561 2380 3707 2435 Nam
3749 2379 3795 2433 si

2193 2481 2448 2536 Dominus
2462 2480 2632 2535 servis
2657 2494 2716 2534 se
2737 2486 2957 2533 excusat
2975 2484 3134 2545 atque
3154 2475 3259 2530 illis
3277 2474 3367 2544 qui
3386 2473 3578 2543 injuria
3608 2472 3793 2541 ipsum

2190 2575 2475 2631 all'ecerant
2501 2592 2516 2629 :
2547 2573 2716 2628 multo
2761 2572 2930 2642 magis
2974 2586 3075 2625 nos
3104 2578 3289 2625 mutuo
3317 2582 3577 2624 excusare
3621 2581 3792 2636 opor-

2191 2677 2284 2731 tet,
2336 2668 2460 2722 licet
2505 2666 2592 2721 vel
2626 2665 2855 2719 maxima
2903 2663 3158 2718 fuerimus
3205 2661 3395 2731 injuria
3436 2659 3570 2714 laesi.
3628 2657 3789 2722 Vide,

2189 2773 2391 2830 qurcso,
2433 2771 2540 2827 quo
2586 2766 2741 2826 pacto
2766 2770 2825 2811 se
2859 2762 3076 2809 excuset
3103 2772 3119 2807 :
3151 2752 3280 2807 Ecce
3316 2751 3504 2805 fabium
3551 2765 3714 2803 unum
3742 2759 3792 2802 et

2190 2868 2291 2907 uox
2335 2868 2438 2906 una
2484 2849 2749 2915 omnibus,
2806 2848 2999 2918 inquit,
3059 2856 3105 2900 et
3156 2848 3253 2900 hoc
3309 2848 3474 2916 facere
3525 2850 3794 2911 creperum

2192 2942 2398 3015 (Ibid).
2437 2941 2596 3010 Quasi
2642 2941 2883 2997 diceret:
2910 2938 3079 2993 Nemo
3120 2936 3249 2991 mihi
3288 2935 3416 2989 vitio
3442 2942 3616 2989 vertat
3662 2933 3793 3001 ista,

2191 3050 2310 3090 cum
2332 3034 2553 3089 divisam
2580 3032 2811 3102 linguam
2835 3030 3046 3094 viderit,
3078 3041 3235 3083 nemo
3254 3026 3618 3081 diversitatem
3644 3023 3793 3078 hanc

2192 3127 2488 3197 linguarum
2519 3125 2586 3179 ab
2612 3123 2762 3177 initio
2804 3119 2969 3176 fuisse
3014 3120 3269 3174 insertam
3302 3116 3602 3172 hominibus
3640 3113 3796 3168 arbi-

2192 3228 2382 3274 tretur.
2416 3218 2549 3270 Ecce
2592 3216 2780 3269 fabium
2821 3228 2980 3267 unum
3022 3219 3069 3265 et
3114 3226 3211 3265 vos:
3250 3225 3354 3263 una
3380 3206 3653 3263 omnibus:
3688 3203 3792 3258 sed

2192 3326 2298 3365 non
2349 3309 2429 3364 usi
2473 3316 2598 3363 sunt
2642 3306 2805 3367 dono,
2847 3313 2906 3359 ut
2953 3304 3206 3372 oportuit.
3238 3303 3410 3371 Atque
3432 3309 3490 3354 ut
3518 3298 3789 3367 intelligas

2192 3419 2311 3458 eum
2343 3417 2449 3456 non
2476 3408 2581 3455 tam
2608 3398 2748 3469 quod
2776 3395 2972 3452 factum
3014 3396 3185 3450 fuerat
3210 3393 3416 3462 punire,
3448 3405 3605 3460 quam
3635 3387 3785 3458 quod

2191 3495 2422 3550 futurum
2468 3501 2583 3548 erat
2623 3490 2818 3563 praevia
2859 3487 3105 3542 cautione
3150 3485 3438 3552 corrigere,
3487 3479 3610 3534 andi
3651 3478 3782 3547 quid

2190 3587 2440 3657 adjungat
2467 3603 2480 3639 :
2514 3583 2581 3638 Et
2623 3598 2755 3636 nunc
2797 3597 2897 3634 non
2927 3578 3159 3647 deﬁcient
3186 3575 3248 3628 ab
3290 3573 3394 3627 illis
3418 3571 3607 3638 omnia,
3633 3584 3785 3641 qua-

2191 3695 2402 3747 cumque
2427 3676 2593 3730 conati
2618 3674 2805 3746 fuerint
2839 3675 3002 3742 facere
3026 3668 3181 3740 (Gen.
3212 3668 3323 3733 ll).
3352 3666 3553 3721 Horum
3600 3672 3784 3717 autem

2191 3770 2474 3823 verborum
2516 3765 2632 3820 haec
2677 3772 2761 3819 est
2802 3761 3063 3817 sententia
3093 3777 3108 3814 :
3138 3758 3237 3812 nisi
3262 3757 3369 3827 jam
3396 3768 3583 3825 pronas
3625 3751 3780 3817 dent,

2193 3870 2247 3917 et
2275 3861 2342 3914 ab
2371 3861 2482 3930 ipsa
2507 3862 2844 3928 peccatorum
2875 3852 3054 3908 radice
3081 3849 3435 3911 refrenentnr,
3465 3845 3669 3899 nullum
3699 3842 3783 3897 fa-

2192 3953 2334 4006 cient
2365 3950 2522 4003 ﬁnem
2554 3946 2758 4001 scelera
2784 3941 3143 4014 perpetrandi.
3170 3941 3281 3994 Hoc
3301 3938 3442 3993 enim
3463 3936 3564 3992 sibi
3594 3934 3785 3989 volunt

2192 4043 2280 4097 illa
2330 4040 2532 4095 verba:
2569 4035 2689 4092 Non
2733 4036 2965 4103 deﬁcient
2988 4034 3050 4087 ab
3099 4031 3204 4086 illis
3229 4030 3416 4094 omnia,
3455 4041 3786 4098 quwcumquc

2192 4136 2358 4189 conati
2387 4132 2574 4203 fuerint
2613 4132 2796 4201 facere.
2825 4127 2989 4195 Quasi
3025 4127 3262 4181 diceret:
3293 4123 3408 4177 Alia
3431 4135 3642 4192 quoque
3669 4135 3783 4174 ma-

2188 4225 2304 4294 jora
2349 4223 2549 4277 scelera
2580 4220 2848 4290 adjicient.
2879 4218 3020 4273 Talis
3047 4216 3188 4271 enim
3219 4230 3305 4270 res
3344 4223 3426 4269 est
3466 4211 3665 4266 malitia
3694 4229 3708 4266 :
3738 4212 3782 4266 si

2192 4334 2309 4375 cum
2342 4317 2568 4387 primum
2614 4315 2819 4369 initium
2857 4311 3087 4378 duxerit,
3131 4326 3237 4364 non
3275 4308 3609 4370 cohibeatur,
3639 4315 3779 4360 tam-

2193 4425 2350 4480 quam
2383 4408 2516 4477 ignis
2558 4404 2703 4459 arida
2741 4404 2879 4473 ligna
2918 4401 3231 4470 corripiens,
3276 4401 3354 4455 sic
3387 4400 3438 4454 in
3464 4399 3778 4454 immensam

2194 4499 2422 4568 assurgit
2446 4497 2797 4552 altitudinem.
2827 4493 2990 4549 Vides
3028 4492 3128 4548 hoc
3170 4493 3340 4561 ipsum
3380 4504 3593 4559 quoque
3624 4488 3780 4543 beni-

2192 4591 2407 4661 gnilatis
2454 4586 2615 4642 fuisse
2659 4600 2765 4640 non
2813 4584 3117 4649 mediocris,
3164 4581 3303 4651 quod
3348 4582 3605 4634 unitatem
3634 4578 3781 4633 vocis

2193 4681 2508 4738 abstulerit?
2539 4678 2818 4734 Dissidium
2840 4678 3033 4747 quippe
3061 4676 3355 4745 linguarum
3376 4673 3595 4735 invexit,
3629 4685 3697 4725 ne
3726 4671 3781 4724 in

2196 4775 2451 4844 majorem
2475 4772 2866 4842 improbitatem
2897 4770 3218 4825 laberentur.
3249 4767 3402 4821 llunc
3429 4765 3557 4818 mihi
3579 4777 3781 4817 sermo-

2195 4879 2316 4935 nem
2345 4863 2599 4917 memoria
2628 4869 2823 4927 tenete,
2853 4877 2952 4916 nec
2979 4873 3227 4929 umquam
3257 4858 3390 4912 elabi
3421 4872 3488 4911 ex
3516 4870 3577 4910 ea
3600 4855 3775 4918 sinite,

2198 4957 2361 5009 Deum
2409 4954 2657 5008 nimirum
2706 4967 2810 5007 non
2836 4951 2994 5006 modo
3028 4965 3148 5006 cum
3172 4948 3335 5004 afﬁcit
3362 4946 3655 5010 beneficiis,
3687 4944 3775 4999 sed

2195 5048 2356 5104 etiam
2393 5062 2515 5102 cum
2561 5046 2730 5117 punit,
2774 5046 2968 5100 bonum
2997 5058 3115 5098 esse
3136 5057 3198 5096 ac
3228 5042 3534 5111 benignum.
3567 5038 3698 5093 Nam
3726 5046 3780 5091 et

2197 5142 2362 5210 ipsius
2389 5153 2560 5210 postne
2587 5153 2650 5194 ac
2678 5136 2935 5208 supplicia
2963 5134 3340 5191 beneficiorum
3368 5131 3484 5202 ejus
3509 5138 3631 5185 sunt
3660 5142 3777 5200 pars

2196 5234 2445 5298 maxima,
2494 5241 2549 5286 et
2592 5230 2938 5301 providentiae
2961 5243 3130 5299 genus
3157 5227 3463 5282 maximum.
3494 5224 3629 5279 Cum
3654 5238 3777 5291 ergo

2197 5327 2411 5392 famem,
2443 5335 2639 5394 pestes,
2680 5324 2822 5383 acris
2849 5323 3133 5386 siccitates,
3177 5320 3375 5374 imbres
3403 5318 3702 5379 continuos,
3726 5324 3777 5371 ct

2197 5424 2340 5474 aeris
2375 5418 2787 5488 inthualitates,
2826 5415 2909 5470 vel
2949 5413 3089 5468 aliud
3121 5412 3389 5482 quidpiam
3421 5408 3645 5472 videris,
3674 5424 3775 5478 quo

2194 5525 2361 5580 genus
2392 5509 2679 5587 humanum
2701 5508 2969 5578 puniatur,
2995 5521 3096 5561 nec
3120 5521 3261 5576 aegre
3299 5505 3459 5572 feras,
3491 5519 3665 5575 neque
3690 5503 3771 5558 in-

2195 5602 2452 5674 digneris,
2500 5601 2595 5657 sed
2639 5599 2798 5655 adora
2843 5613 3022 5655 rerum
3050 5598 3256 5653 illarum
3294 5606 3591 5664 auctorem,
3623 5604 3773 5665 atque

2202 5695 2347 5751 illum
2387 5709 2529 5752 cura:
2564 5708 2629 5750 ac
2667 5691 3036 5751 sollicitudinis
3078 5690 3295 5749 nomine
3321 5688 3656 5747 commenda.
3686 5688 3773 5744 ille
