3894 6226
324 222 439 279 249

326 343 426 396 καὶ
453 342 522 397 τά
554 343 733 415 τειχία
785 344 955 401 ταῦτα
989 348 1252 421 ἀνῄρητο,
1312 350 1416 406 ποῦ
1467 353 1565 410 οὐκ
1593 357 1678 423 ⁵ἂν
1713 360 1902 416 ἐαυτὸν

323 432 730 504 κατεκρήμνισε
749 451 764 499 ;

396 520 585 575 Βούλει
616 522 710 575 καὶ
743 520 852 576 ἀπὸ
889 523 988 595 τῆς
1028 524 1221 578 τούτου
1256 526 1465 599 μητρὸς
1515 532 1741 600 μαθεῖν,
1779 534 1903 592 ὅσον

321 606 529 676 ἀγαθὸν
549 608 739 677 γέγονε
769 609 829 662 τὸ
858 611 958 681 τῆς
984 611 1076 665 τοῦ
1126 614 1456 684 παραδείσου
1505 616 1715 692 διαίτης
1739 625 1901 678 ἐκπε-

321 699 478 762 σεῖν;
522 695 802 760 Ἐξέτασον
847 699 929 763 τίς
960 694 1029 769 ἦν
1059 700 1091 770 ή
1136 699 1248 753 Εὔα
1290 704 1422 774 πρὸ,
1448 706 1658 771 τούτου,
1687 710 1787 765 καὶ
1818 710 1901 774 τίς

318 783 536 852 ἐγένετο
570 783 710 853 μετά
746 784 939 838 ταῦτα.
981 786 1094 856 Πρὸ
1126 787 1313 842 τούτου
1344 791 1442 860 μὲν
1484 792 1575 845 τὸν
1610 795 1900 851 ἀπατεῶνα

317 868 583 935 διάϐολον,
604 870 696 924 τὸν
726 872 960 943 πονηρὸν
983 873 1211 945 δαίμονα
1231 879 1436 931 ἐκεῖνον
1463 880 1899 955 ἀξιοπιστότερον

319 952 461 1009 εἶναι
490 956 706 1028 ἐνόμισε
725 957 834 1011 τῶν
864 958 957 1012 τοῦ
981 960 1114 1014 Θεοῦ
1150 968 1585 1034 προσταγμάτων
1604 1009 1620 1032 ,
1657 969 1751 1022 καὶ
1788 952 1896 1023 ἀπὸ

294 1044 482 1115 ,ψιλῆς
504 1043 679 1114 ὅψεως
697 1045 790 1098 τοῦ
817 1044 1034 1114 δένδρου
1057 1050 1404 1122 κατεπάτησε
1431 1053 1522 1107 τὸν
1563 1056 1692 1127 παρ’
1728 1057 1893 1112 αὐτοῦ

316 1131 544 1185 τεθέντα
588 1132 785 1203 νόμον*
820 1133 1009 1204 ἐπειδὴ
1029 1134 1086 1187 δέ
1120 1135 1344 1201 ἐξέπεσε
1393 1139 1486 1192 τοῦ
1540 1143 1889 1213 παραδείσου,

315 1220 512 1274 σκόπει
534 1220 651 1283 πῶς
684 1219 906 1290 βελτίων
935 1222 1157 1290 ἐγένετο
1193 1225 1288 1278 καὶ
1331 1228 1774 1301 σωφρονεστέραν
1804 1250 1893 1286 τε-

309 1307 489 1362 κοῦσα
512 1306 623 1379 γὰρ
648 1307 785 1374 υίὸν,
817 1309 982 1379 φησίν
998 1326 1015 1344 ο
1055 1310 1436 1381 Ἐκτησάμην
1455 1314 1776 1383 ἄνθρωπον
1792 1319 1892 1374 διὰ

311 1397 424 1452 τοῦ
465 1396 634 1451 Θεοῦ.
680 1397 804 1451 Ἐπὶ
838 1397 931 1451 τὸν
979 1400 1257 1472 Δεσπότην
1283 1400 1484 1467 εὐθέως
1511 1405 1816 1477 κατέφυγεν
1852 1411 1886 1480 ή

309 1483 407 1539 τοῦ
428 1484 699 1538 Δεσπότου
742 1484 849 1556 πρὸ
875 1484 1067 1540 τούτου
1099 1490 1578 1560 καταφρονήσασα,
1627 1494 1721 1546 καὶ
1764 1495 1889 1565 οὐχὶ

308 1575 381 1645 τῇ
409 1570 569 1643 φύσει
598 1571 661 1625 τὸ
683 1573 913 1644 πρᾶγμα
938 1573 1233 1642 λογίζεται,
1264 1576 1387 1630 οὐδὲ
1419 1578 1568 1648 νόμῳ
1592 1579 1772 1650 γάμου
1797 1584 1886 1635 τὸν

307 1661 472 1715 τόκον
504 1659 820 1730 ἀνατίθησιν
845 1677 859 1692 ο
899 1660 1014 1714 ἀλλ’
1046 1657 1155 1714 οἶδε
1184 1662 1276 1716 τὸν
1308 1664 1408 1732 τῆς
1435 1664 1649 1733 φύσεως
1683 1670 1886 1723 Δεσπό-

306 1766 435 1821 την,
460 1749 698 1820 κάκείνῳ
737 1748 966 1821 χάριτας
995 1748 1134 1821 ὑπὲρ
1161 1748 1259 1819 τῆς
1301 1751 1396 1803 τοῦ
1446 1752 1658 1804 παιδίου
1696 1756 1887 1826 γεννή-

311 1854 453 1901 σεως
476 1838 742 1907 ὁμολογεῖ.
777 1837 887 1891 Καὶ
921 1840 954 1909 ή
994 1839 1101 1910 πρὸ
1131 1837 1323 1891 τούτου
1343 1840 1431 1895 τὸν
1454 1840 1622 1912 ἄνδρα
1672 1841 1883 1914 ἀπατή-

309 1941 474 1989 σασα,
509 1924 735 1995 ὕστερον
770 1926 864 1979 καὶ
890 1925 951 1979 τὸ
977 1926 1189 1979 παιδίον
1213 1926 1522 1992 ἐπαίδευσε,
1574 1930 1668 1982 καὶ
1713 1929 1883 2000 ὄνομα

305 2009 615 2083 ἐπιτίθησιν
654 2011 803 2082 αύτῷ
834 2013 895 2064 τὸ
947 2012 1242 2083 δυνάμενον
1271 2013 1402 2067 αὐτὸ
1443 2015 1525 2077 εἰς
1580 2015 1884 2087 ὑπόμνησιν

305 2097 462 2167 ἄγειν
492 2099 591 2170 τῆς
618 2097 710 2152 τοῦ
740 2096 874 2152 Θεοῦ
906 2098 1115 2169 δωρεᾶς
1133 2115 1149 2131 ·
1172 2099 1268 2157 καὶ
1296 2099 1460 2157 πάλιν
1488 2101 1674 2172 ἕτερον
1702 2104 1884 2156 τεκοῦ-

305 2200 400 2249 σα,
447 2185 638 2256 φησίν’
706 2185 1111 2252 Ἐξανέστησέ
1133 2204 1238 2256 μοι
1258 2190 1290 2241 ό
1319 2187 1461 2255 Θεὸς
1485 2186 1723 2258 σπέρμα
1747 2189 1881 2244 ἀντὶ

308 2273 503 2338 Ἅϐελ,
522 2273 594 2327 ὃν
612 2273 921 2329 ἀπέκτεινε
940 2273 1107 2328 Κάϊν.
1134 2275 1422 2345 Μέμνηται
1449 2277 1546 2346 τῆς
1574 2279 1879 2347 συμφορᾶς,

304 2358 406 2413 καὶ
428 2361 527 2414 οὐκ
554 2361 918 2414 ἀποδυσπετεῖ
948 2361 1008 2415 τὸ
1039 2363 1284 2429 γύναιον.
1318 2361 1431 2415 ἀλλ’
1458 2364 1775 2434 εὐχαριστεῖ
1804 2362 1881 2434 τῷ

300 2445 425 2517 Θεῷ
455 2447 633 2513 πάλιν,
662 2449 757 2502 καὶ
782 2448 845 2501 τὸ
868 2448 1078 2502 παιδίον
1103 2447 1214 2500 ἀπὸ
1238 2448 1334 2518 τῆς
1359 2448 1566 2518 δωρεᾶς
1591 2450 1766 2513 καλεῖ,
1799 2450 1882 2503 δι-

298 2534 476 2606 ηνεκῆ
510 2535 822 2606 παρέχουσα
852 2535 1000 2605 αὐτῷ
1038 2535 1386 2599 διδασκαλίας
1422 2537 1699 2591 ὑπόθεσιν.
1725 2536 1881 2591 Οὕτω

300 2622 400 2676 καὶ
426 2625 484 2676 ἐν
508 2622 657 2693 αὐτῷ
679 2623 759 2693 τῷ
779 2622 1070 2693 ἀφελέσθαι
1107 2622 1328 2693 μείζονα
1368 2626 1662 2696 ἐχαρίσατο
1688 2628 1717 2679 6
1747 2626 1881 2690 Θεὸς

298 2709 518 2779 ἀγαθά·
559 2710 781 2776 ἐξέπεσε
816 2708 912 2763 τοῦ
945 2710 1274 2782 παραδείσου
1308 2712 1341 2783 ή
1387 2711 1545 2784 γυνὴ,
1578 2713 1714 2768 ἀλλὰ
1744 2715 1880 2786 πρὸς

298 2798 632 2866 θεογνωσίαν
684 2798 1099 2869 ἐχειραγωγήθη
1159 2798 1247 2853 διὰ
1282 2801 1381 2870 τῆς
1432 2801 1681 2872 ἐκϐολῆς,
1732 2801 1877 2856 ὥστε

300 2888 490 2955 μεῖξον
513 2880 689 2956 εὗρεν,
720 2887 753 2956 ἢ
790 2885 1060 2939 ἀπώλεσε.
1088 2888 1196 2941 Καὶ
1218 2889 1267 2940 εί
1304 2888 1572 2959 χρήσιμον
1597 2884 1686 2960 ἦν,
1720 2891 1874 2959 φησὶ,

294 2972 360 3024 τὸ
380 2975 630 3026 ἐκπεσεῖν
657 2973 750 3025 τοῦ
781 2973 1133 3041 παραδείσου,
1156 2974 1297 3037 τίνος
1313 2976 1497 3029 ἕνεκεν
1526 2976 1694 3029 ἐδίδου
1726 2979 1878 3048 παρά

293 3061 398 3129 τὴν
430 3060 605 3132 ἀρχὴν
635 3061 725 3113 τὸν
761 3060 1085 3131 παράδεισον
1120 3063 1149 3113 6
1188 3061 1351 3127 Θεός;
1378 3063 1678 3133 Χρησίμως
1719 3064 1876 3117 τοῦτο

293 3147 390 3199 διὰ
414 3148 514 3218 τὴν
555 3145 846 3218 ρᾳθυμίαν,
875 3147 1149 3218 ἄνθρωπε,
1182 3148 1396 3210 ἐγένετο
1425 3148 1522 3220 τὴν
1561 3151 1834 3219 ἡμετέραν
1856 3168 1871 3182 ·

291 3235 374 3297 ὡς
405 3235 458 3289 et
485 3252 549 3304 γε
576 3240 862 3307 προσεῖχον
882 3237 1093 3300 ἑαυτοῖς
1114 3240 1310 3290 ἐκεῖνοι
1348 3239 1443 3291 καὶ
1472 3239 1562 3292 τὸν
1601 3240 1875 3311 Δεσπότην

294 3324 687 3391 ἐπεγίνωσκον,
728 3325 820 3378 καὶ
860 3328 1155 3395 σωφρονεῖν
1178 3326 1476 3409 ἠπίσταντο
1522 3329 1614 3381 καὶ
1653 3328 1875 3400 μετριά-

295 3415 431 3478 ζειν,
458 3412 675 3483 ἔμειναν
706 3412 771 3466 ἂν
789 3415 881 3467 ἐπὶ
912 3415 1011 3484 τῆς
1045 3414 1212 3485 τιμῆς
1240 3433 1254 3447 ο
1287 3417 1474 3487 ἐπειδὴ
1499 3417 1554 3469 δέ
1583 3416 1873 3490 ἐξύϐρισαν

294 3503 378 3564 εἰς
408 3500 504 3570 τὴν
528 3498 771 3553 δοθεῖσαν
788 3500 1016 3571 δωρεὰν,
1040 3502 1342 3572 τηνικαῦτα
1369 3506 1637 3575 χρήσιμον
1659 3506 1873 3574 ἐγένετο

293 3589 357 3642 τὸ
405 3588 756 3660 ἐκϐληθῆναι.
801 3590 958 3653 Τίνος
1002 3586 1094 3645 οῦν
1135 3592 1321 3645 ἕνεκεν
1368 3593 1516 3663 παρά
1553 3595 1652 3665 τὴν
1699 3596 1872 3668 ἀρχὴν

297 3676 498 3730 ἔδωκεν
526 3680 553 3731 ό
586 3678 751 3742 Θεός;
787 3679 902 3730 Ἵνα
931 3680 1028 3751 τὴν
1076 3679 1282 3733 οἰκείαν
1309 3681 1641 3753 ἐπιδείξηται
1686 3683 1872 3752 φιλαν-

297 3763 564 3835 θρωπίαν,
593 3767 685 3820 καὶ
718 3767 797 3819 ὅτι
825 3767 985 3831 αὐτὸς
1016 3768 1112 3837 μὲν
1150 3769 1562 3838 παρεσκεύαστο
1591 3771 1726 3843 πρὸς
1757 3770 1872 3841 μεί-

296 3845 428 3911 ζονα
455 3848 616 3920 τιμὴν
642 3849 792 3916 ἄγειν
810 3850 955 3919 ἡμᾶς
982 3850 1089 3913 ἀεὶ,
1132 3852 1290 3920 ἡμεῖς
1315 3850 1369 3902 δέ
1401 3852 1561 3904 αἴτιοι
1596 3855 1868 3924 πανταχοῦ

294 3929 406 3982 τῶν
438 3930 709 3984 κολάσεων
734 3931 828 3983 καὶ
849 3931 957 3984 τῶν
972 3950 1021 3984 τι
1030 3933 1270 4003 μωριῶν,
1300 3935 1617 3999 ἐκϐαλόντες
1643 3938 1870 4001 ἑαυτοὺς

293 4013 384 4066 διὰ
424 4014 693 4085 ῥᾳθυμίας
726 4015 831 4068 τῶν
854 4016 1149 4085 δεδομένων
1173 4018 1303 4086 ἡμῖν
1325 4008 1564 4085 ἁγαθῶνζ
1604 4020 1869 4090 Καθάπερ

295 4093 391 4149 οὖν
424 4098 606 4167 πατὴρ
639 4097 990 4168 φιλόστοργος
1019 4098 1169 4169 παρά
1195 4099 1295 4169 μὲν
1324 4100 1419 4170 τὴν
1444 4101 1618 4171 ἀρχὴν
1645 4104 1869 4174 ἀφίησιν

297 4181 394 4233 ἐπὶ
429 4180 527 4249 τῆς
554 4181 730 4244 οίκίας
749 4182 839 4234 τὸν
866 4182 1028 4234 παῖδα
1051 4182 1142 4234 τὸν
1181 4183 1373 4236 ἐαυτοῦ
1402 4184 1731 4254 διατρίϐειν,
1775 4187 1869 4241 καὶ

280 4262 407 4315 τῶν
456 4261 725 4334 πατρῴων
773 4265 1066 4318 ἀπολαύειν
1109 4266 1392 4320 ἁπάντων·
1442 4267 1659 4322 ἐπειδὰν
1692 4269 1749 4322 δὲ
1783 4269 1866 4340 ἴδῃ

294 4345 498 4414 φαῦλον
520 4349 586 4418 τῇ
622 4350 753 4418 τιμῇ
776 4349 1143 4418 γεγενημένον
1164 4390 1178 4412 ,
1221 4350 1422 4417 ἀπάγει
1459 4350 1558 4420 τῆς
1587 4352 1867 4423 τραπέζης

293 4429 391 4482 καὶ
414 4430 695 4499 πόρρωθεν
719 4432 816 4501 τῆς
838 4433 1047 4495 οἰκείας
1076 4431 1251 4500 ὅψεως
1274 4433 1582 4502 καθίστησι,
1608 4434 1866 4499 πολλάκις

290 4512 348 4566 δὲ
384 4512 475 4565 καὶ
497 4514 667 4583 αὐτῆς
696 4515 946 4569 ἐκϐάλλει
972 4516 1070 4585 τῆς
1093 4515 1348 4587 πατρῴας
1378 4516 1524 4588 [25:2]
1557 4519 1752 4582 οίκίας.
1780 4519 1866 4573 ἵνα

291 4594 546 4649 ἐκπεσὼν
582 4598 787 4661 ἐκεῖνος
822 4599 916 4651 καὶ
950 4597 1170 4667 βελτίων
1218 4599 1507 4668 γενόμενος
1525 4602 1643 4663 ταῖς
1677 4600 1863 4672 ὕϐρεσι

288 4677 522 4743 ταύταις
542 4680 635 4732 καὶ
662 4683 781 4743 ταῖς
829 4680 1093 4750 ἀτιμίαις,
1122 4680 1271 4746 ἀξιον
1314 4682 1504 4736 ἐαυτὸν
1536 4685 1791 4756 ἀποφήνῃ
1836 4697 1865 4728 α

292 4761 393 4831 τῆς
414 4763 671 4817 ἐπανόδου
696 4764 877 4826 πάλιν,
896 4765 989 4818 καὶ
1010 4765 1100 4817 τὸν
1129 4765 1381 4837 πατρῷον
1407 4766 1714 4839 διαδέξηται
1740 4770 1867 4841 κλῆ-

216 4906 223 4913 _
296 4861 389 4916 ρον
409 4861 424 4876 ⁸
463 4845 605 4908 οὕτω
633 4848 728 4901 καὶ
750 4850 778 4901 6
805 4848 937 4912 Θεὸς
958 4849 1234 4919 ἐποίησεν.
1263 4850 1470 4904 Ἔδωκε
1488 4851 1563 4923 τῷ
1592 4854 1865 4927 ἀνθρώπῳ

289 4928 384 4981 τὸν
416 4928 740 5000 παράδεισον
760 4948 773 4961 '
805 4931 1024 4998 ἀνάξων
1059 4933 1298 5001 φανέντα
1348 4932 1622 5001 ἐξέϐαλεν,
1658 4936 1745 4991 ἵνα
1776 4937 1866 4994 διὰ

289 5012 392 5081 τῆς
421 5012 524 5076 ἐξω
549 5013 831 5086 διατριϐῆς
862 5016 958 5069 καὶ
987 5015 1088 5085 τῆς
1132 5016 1357 5088 ἀτιμίας
1391 5017 1614 5088 βελτίων
1645 5021 1865 5093 γενόμε-

291 5111 381 5158 νος
409 5097 501 5149 καὶ
535 5097 992 5169 σωφρονέστερος,
1013 5100 1161 5165 ἄξιος
1187 5103 1326 5171 φανῇ
1350 5102 1448 5171 τῆς
1475 5103 1734 5158 ἐπανόδου
1759 5105 1864 5159 πά-

291 5175 394 5231 λιν.
452 5178 670 5250 Ἐπειδὴ
722 5180 896 5234 τοίνυν
953 5182 1092 5252 μετά
1130 5182 1303 5235 ταῦτα
1351 5182 1575 5253 βελτίων
1623 5187 1859 5254 ἐγένετο,

292 5261 556 5330 ἐπανάγει
580 5262 738 5317 πάλιν
754 5266 936 5329 αὐτὸν,
959 5267 1053 5321 καί
1087 5286 1218 5339 φησι
1239 5286 1253 5301 ’
1276 5269 1545 5339 Σήμερον
1563 5275 1690 5342 μετ’
1714 5274 1860 5343 ἐμοῦ

291 5345 410 5413 ἔσῃ
436 5345 506 5397 ἐν
534 5344 612 5412 τῷ
644 5347 1004 5417 παραδείσῳ.
1050 5351 1212 5422 Ὁρᾷς
1243 5353 1324 5405 ὅτι
1362 5353 1421 5406 ού
1455 5355 1516 5408 τὸ
1550 5355 1734 5410 δοῦναι
1769 5358 1860 5413 τὸν

294 5427 645 5498 παράδεισον,
691 5431 827 5486 ἀλλά
871 5435 965 5488 καὶ
997 5434 1057 5488 τὸ
1091 5435 1339 5491 ἐκϐαλεῖν
1375 5437 1470 5492 τοῦ
1507 5441 1856 5513 παραδείσου,

286 5514 389 5586 τῆς
415 5515 675 5587 μεγίστης
704 5518 1029 5591 κηδεμονίας
1052 5516 1119 5594 ἦν
1140 5540 1154 5591 ;
1179 5525 1227 5577 εί
1263 5525 1337 5597 μὴ
1366 5525 1476 5597 γὰρ
1502 5526 1725 5593 ἐξέπεσε
1761 5530 1855 5585 τοῦ

356 5655 383 5680 ⁸
404 5649 537 5701 ωδ.
559 5650 797 5716 ἀποδείξῃ.

1116 230 1472 288 ΒᾸΞΜΟΝΕΒ
1508 236 1648 293 NON
1687 238 2117 304 GUBERNARE
2155 250 2482 315 MUNDUM.
2523 260 2759 321 HOMIL.
2797 268 2838 324 Ι.

3474 290 3579 348 250

2022 369 2390 518 ἔξαραδείσου,
2434 378 2534 433 οὐκ
2575 378 2642 435 ἂν
2690 382 2862 456 ἐφάνη
2916 385 3014 442 τοῦ
3057 393 3380 462 παραδείσου
3418 401 3578 460 πάλιν

2082 472 2178 518 ιος.

2010 453 2178 518 ἄξιος.

2081 541 2142 598 δ’.
2170 545 2370 602 Τοῦτον
2387 551 2565 606 τοίνυν
2582 554 2872 622 διαπαντὸς
2885 561 3142 632 τηρῶμεν
3159 566 3250 621 τὸν
3265 569 3440 639 λόγον,
3457 574 3577 628 τοῦ-

2009 646 2100 684 τον
2125 634 2218 730 καὶ
2238 636 2331 730 ἐπὶ
2360 640 2460 710 τῆς
2488 644 2873 716 προκειμένης,
2903 649 2952 700 εί
2993 649 3264 722 βούλεσθε,
3295 634 3577 730 γυμνάσω-

2012 736 2111 813 μεν
2145 722 2473 813 ὑποθέσεως.
2505 732 2711 788 Ἔδωκε
2745 737 2928 809 φωνὴν
2956 740 3139 813 κοινὴν
3177 722 3383 798 ἀπασιί
3420 748 3577 803 τοῦτο

2006 805 2129 899 τῆς.
2159 808 2322 899 αὑτοῦ
2375 805 2798 889 φιλανθρωπίας.
2851 805 2964 881 Θύκ
2997 805 3299 899 ἐχρήσαντο
3336 835 3416 898 είς
3458 837 3576 890 δέον

2010 891 2208 993 ἐκεῖνοι
2236 897 2312 993 τῶ
2340 899 2517 975 δώρῳ,
2554 906 2691 961 ἀλλά
2725 912 2862 982 πρὸς
2894 891 3077 969 ἄνοιαν
3107 891 3381 982 ἐξέκλιναν
3395 891 3574 993 ἐσχά-

2005 997 2104 1083 την
2121 999 2134 1014 ·
2165 985 2418 1083 ἀφείλετο
2437 996 2496 1044 τὸ
2519 994 2670 1083 δοθὲν
2691 1001 2870 1056 πάλιν.
2896 1004 2957 1056 Εἰ
2979 1006 3087 1076 γάρ
3115 1009 3301 1083 ἐπειδὴ
3324 985 3573 1078 γλῶσσαν

2004 1065 2151 1169 suae?
2187 1072 2334 1142 μίαν,
2373 1079 2451 1141 είς
2482 1082 2749 1154 τοσαύτην
2786 1065 3301 1160 ἐξέπεσὸνΙάνοιανί
3325 1065 3401 1163 ῶς
3448 1065 3574 1169 βουζ

2004 1154 2469 1260 ληθῆναιαπύργον
2498 1168 2601 1232 ἕως
2632 1172 2723 1224 τοῦ
2746 1174 2973 1246 ούρανοῦ
2996 1154 3345 1260 οἰκοδομῆσαι
3365 1154 3462 1249 ,νεί
3495 1189 3570 1260 μὴ

2003 1249 2346 1346 παιραχρῆ-μα
2398 1254 2788 1346 ἐκολάσθησαν,
2825 1259 2934 1334 ἆρα
2986 1258 3085 1320 οὐκ
3123 1249 3188 1322 ἂν
3220 1249 3572 1346 ἐπεθύμησαν

2001 1332 2098 1428 καὶ
2139 1337 2320 1428 ἀὐτῇς
2368 1339 2461 1392 τοῦ
2511 1344 2742 1416 ούρανοῦ
2781 1332 2881 1419 τῆς
2912 1356 3157 1427 κορυφῆς
3185 1332 3566 1428 ἐπιλαϐέσθαις

1997 1419 2061 1472 Τί
2213 1440 2227 1489 ;
2251 1425 2313 1478 El
2337 1429 2431 1481 καὶ
2454 1429 2711 1486 ἀδύνατον
2730 1430 2799 1507 ἦν
2828 1419 3074 1507 ἐκείνοις,
3099 1419 3212 1496 ἀλλ’
3229 1447 3375 1517 ὅμως
3392 1450 3455 1500 ἐκ
3468 1419 3571 1520 τῆς

1995 1511 2307 1608 ⁸προθέσεως
2329 1518 2398 1570 τά
2418 1519 2516 1608 τῆς
2537 1521 2796 1608 ἀσεϐείας
2816 1527 2997 1593 αὐτοῖς
3022 1511 3369 1603 ἀπηρτίζετο.
3390 1511 3568 1608 ’Ἄπερ

1995 1592 2212 1648 ἅπαντα
2246 1601 2496 1671 προορῶν
2525 1607 2553 1657 6
2584 1604 2734 1669 Θεὸς,
2781 1592 2985 1682 ἐπειδὴί
3016 1616 3096 1677 είς
3122 1592 3364 1671 δέον-οὐκ
3397 1592 3567 1691 ἐχρήζ

1996 1695 2158 1776 σαντρ
2181 1687 2575 1776 τῇ-όμοφωνίᾳ,
2610 1694 2693 1756 είς
2732 1693 2850 1749 δέον
2889 1698 3084 1763 αὐτοὺς
3113 1700 3311 1776 διαιρεῖ
3355 1687 3566 1776 τῇήδια-

1993 1768 2199 1859 φωνίαέ
2234 1773 2343 1826 Καὶ
2394 1776 2581 1829 σκόπει
2649 1796 2738 1850 μοι
2781 1783 2882 1853 τὴν
2919 1768 3324 1859 φιλανθρωπίαν
3375 1768 3560 1850 αύτοῦ.

2004 1853 2181 1947 Ἰδοὺ,
2211 1860 2366 1929 φησὶ,
2392 1862 2563 1931 φωνὴ
2601 1866 2712 1934 μία
2740 1866 2913 1936 πᾶσι,
2953 1874 3052 1927 καὶ
3090 1853 3266 1931 τοῦτο
3300 1878 3564 1947 ἤρξαντο

1988 1954 2261 2014 ποιήσαι.

2063 2049 2219 2145 Τίνος
2244 2052 2431 2108 ἕνεκεν
2473 2057 2574 2112 οὐκ
2614 2059 2815 2127 εὐθέως
2849 2059 3014 2136 ἦλθεν
3055 2067 3147 2122 ἐπὶ
3187 2069 3246 2124 τὸ
3287 2072 3563 2145 διατεμεῖν

1988 2136 2086 2237 τὴν
2111 2139 2378 2237 γλῶτταν,
2410 2146 2547 2199 ἀλλά
2588 2150 2849 2223 πρότερον
2892 2156 3268 2227 ἀπολογεῖται,
3313 2136 3564 2237 καθάπερ

1990 2226 2056 2319 ἐν⁸
2106 2226 2439 2319 δικαστηρίῳ
2500 2235 2777 2305 κρίνεσθαι
2826 2226 3081 2311 μέλλωνςν
3123 2248 3299 2301 καίτοι
3352 2266 3416 2319 γε
3468 2226 3563 2305 οὐί-

1984 2312 2098 2378 δεὶς
2120 2316 2267 2387 αὐτῷ
2289 2320 2422 2390 ἐρεῖ·
2455 2323 2520 2375 Τί
2552 2325 2841 2395 ἐποίησας;
2865 2330 3002 2384 ἀλλά
3026 2332 3216 2406 κύριός
3243 2312 3562 2396 ἐστιῡπάντα

1989 2407 2163 2498 ποιεῖν
2184 2407 2285 2460 ὅσα
2309 2409 2576 2479 βούλεται.
2616 2415 2758 2469 Ἀλλ’
2783 2418 2933 2488 ὅμως
2957 2422 3207 2496 καθάπερ
3235 2427 3443 2498 μέλλων
3465 2433 3559 2485 εὐ-

1990 2489 2154 2586 θύνας
2194 2494 2434 2586 ὑπέχειν,
2460 2498 2632 2586 οὕτως
2672 2504 2969 2576 ἀπολογίας
3004 2489 3248 2583 τίθησίν,
3280 2518 3426 2586 ἡμᾶς
3476 2519 3558 2573 δι-

1986 2576 2201 2677 δάσκων
2252 2583 2491 2654 ἡμέρους
2516 2585 2670 2677 *εἶναι
2709 2593 2804 2644 καὶ
2832 2576 3267 2669 φιλανθρώπους.
3301 2576 3366 2657 ἐξ
3393 2576 3500 2677 γὰρ
3529 2608 3561 2661 6

1986 2668 2262 2765 Δεσπότης
2285 2673 2397 2765 τοῖς
2424 2673 2627 2740 δούλοις
2661 2668 3041 2750 ἀπολογεῖται,
3061 2687 3156 2739 καὶ
3176 2688 3348 2742 ταῦτα
3371 2668 3561 2765 ἠδικη-

1986 2754 2125 2853 κόσι,
2158 2757 2339 2853 πολλῷ
2364 2760 2560 2853 μᾶλλον
2586 2765 2735 2853 ἡμᾶς
2752 2766 3004 2840 ἀλλήλοις
3030 2754 3412 2843 ἀπολογεῖσθαί
3428 2754 3554 2853 χρη,

1986 2841 2182 2932 κᾶν-τά
2219 2845 2448 2914 μέγιστα
2477 2843 2627 2919 ὦμεν
2684 2852 3030 2926 ἠδικημένοι.
3070 2841 3222 2932 Ὅρα
3262 2864 3392 2931 γοῦν

1984 2929 2332 2999 ἀπολογεῖται
2352 2949 2367 2965 ·
2401 2934 2546 2989 Ἰδοὺ
2570 2938 2774 3005 χεῖλος
2805 2939 2877 2995 ἐν
2909 2945 3009 3001 καὶ
3045 2929 3215 3017 φωκὴ
3238 2929 3350 3018 μία
3378 2929 3551 3019 πᾶσι,

1987 3018 2141 3086 φησὶ,
2183 3020 2281 3072 καὶ
2321 3021 2494 3075 τοῦτο
2514 3024 2777 3092 ἤρξαντο
2809 3030 3082 3098 ποιῆσαι.
3123 3035 3334 3091 Ὠσανεὶ
3368 3039 3552 3108 ἐλεγεο

1981 3105 2186 3175 Μηδεὶς
2210 3108 2509 3175 ἐγκαλείτω
2535 3128 2626 3181 μοι
2659 3114 2829 3169 ταῦτα
2855 3117 2954 3189 τὴν
2991 3121 3238 3188 γλῶτταν
3271 3105 3556 3197 διατεμνο-

1986 3193 2152 3282 μένην
2186 3195 2346 3265 ὁρῶν,
2391 3198 2580 3268 μηδεὶς
2613 3199 2673 3264 ἐξ
2704 3201 2882 3272 ἀρχῆς
2922 3209 3191 3276 νομιζέτω
3223 3210 3321 3280 τὴν
3350 3193 3556 3282 διαφω-

1980 3281 2100 3333 νίαν
2130 3282 2334 3353 ταύτην
2355 3287 2467 3348 τοῖς
2486 3286 2790 3357 ἀνθρώποις
2807 3293 3372 3366 συγκαταϐεϐλῆσθαι.
3405 3281 3551 3355 Ἰδοὺ

1980 3369 2182 3439 χεῖλος
2215 3370 2283 3424 ἓν
2302 3373 2401 3425 καὶ
2420 3375 2531 3443 μία
2559 3376 2727 3444 φωνὴ
2761 3376 2952 3432 πᾶσιν
2973 3396 2987 3409 ’
3016 3383 3249 3437 ἀλλὀὐκ
3280 3387 3552 3458 ἐχρήσαν-

1979 3473 2041 3510 το
2066 3460 2146 3522 είς
2181 3459 2298 3513 δέον
2326 3464 2392 3531 τῇ
2426 3462 2622 3535 δωρεᾷ.
2657 3466 2766 3519 Καὶ
2793 3467 2878 3521 ἵνα
2918 3470 3093 3541 μάθῃς
3122 3473 3203 3525 ὅτι
3237 3474 3296 3527 ού
3319 3475 3381 3528 τὸ
3407 3479 3553 3545 γινόο

1984 3562 2144 3615 μενον
2177 3547 2395 3613 κολάζει
2433 3550 2705 3619 τοσοῦτον,
2732 3555 2854 3607 ὅσον
2882 3555 2943 3609 τὸ
2978 3557 3170 3627 μέλλον
3202 3560 3553 3634 προδιορθοῦ-

1980 3650 2090 3699 ται,
2120 3633 2349 3690 ἄκουσον
2376 3639 2477 3710 τῆς
2508 3643 2803 3716 ἐπαγωγῆς
2822 3661 2838 3674 ·
2868 3646 2980 3700 Καὶ
3003 3648 3120 3702 νῦν
3152 3652 3224 3703 οὐ
3244 3650 3330 3720 μὴ
3358 3633 3552 3707 ἐκλεί-

1978 3723 2068 3789 ψῃ
2105 3722 2175 3788 ἐξ
2205 3724 2405 3780 αὐτῶν
2439 3727 2656 3795 πάντα,
2683 3731 2800 3787 ὅσα
2830 3732 2907 3787 ἂν
2936 3734 3248 3790 ἐπιθῶνται
3276 3740 3550 3808 ποιῆσαι.

1985 3813 2050 3864 Ὃ
2081 3811 2137 3864 δὲ
2167 3813 2314 3882 λέγει
2345 3817 2583 3871 τοιοῦτόν
2610 3820 2758 3873 ἐστιν
2778 3838 2791 3852 ·
2836 3822 2961 3877 Ἐὰν
2996 3826 3069 3895 μὴ
3097 3825 3227 3879 δῶσι
3249 3827 3402 3897 δίκην
3429 3828 3544 3895 νῦν,

1978 3899 2071 3953 καὶ
2100 3900 2207 3953 ἀπὸ
2232 3904 2332 3973 τῆς
2362 3903 2518 3973 ῥίζης
2549 3905 2721 3975 αὐτῆς
2747 3907 2856 3961 τῶν
2888 3910 3299 3981 ἁμαρτημάτων
3332 3915 3550 3984 ἀναχαι-

1976 3986 2253 4055 τισθῶσιν,
2282 3989 2344 4041 ού
2372 3990 2654 4060 στήσονται
2676 3994 2775 4063 τῆς
2802 3997 3065 4066 πονηρίας
3088 3998 3321 4067 οὐδαμοῦ
3343 4015 3356 4028 ·
3388 4000 3547 4056 τοῦτο

1977 4075 2083 4145 γάρ
2116 4077 2377 4135 ἐστιν,οὑ
2396 4076 2483 4145 μὴ
2506 4079 2759 4148 ἐκλείψῃ
2776 4080 2845 4143 ἐξ
2866 4078 3063 4134 αὐτῶν
3090 4083 3305 4153 πάντα,
3333 4086 3450 4141 ὅσα
3468 4089 3547 4142 ἂν·

1974 4159 2287 4216 ἐπιθῶνται
2314 4162 2589 4232 ποιῆσαι·
2618 4166 2817 4219 ὡσανεὶ
2838 4166 3009 4236 ἔλεγε’
3046 4171 3155 4224 Καὶ
3188 4171 3350 4245 ἕτερα
3379 4192 3549 4247 προσ-

1977 4248 2199 4322 θήσουσι
2242 4250 2465 4322 μείζονα
2513 4254 2862 4325 ἀτοπήματα.
2892 4256 3145 4311 Τοιοῦτον
3172 4260 3280 4331 γὰρ
3310 4263 3342 4332 ή
3378 4281 3546 4335 πονη-

1979 4341 2098 4411 ρία’
2133 4342 2261 4395 ὅταν
2301 4343 2474 4413 ἀρχὴν
2501 4344 2741 4400 λαϐοῦσα
2771 4348 2846 4418 μὴ
2881 4347 3119 4418 κωλυθῇ,
3148 4350 3401 4423 καθάπερ
3431 4354 3545 4427 πῦρ

1976 4426 2109 4497 ὕλης
2152 4427 2301 4502 [255]
2351 4431 2758 4501 ἐπιλαϐόμενον,
2789 4433 2932 4487 οὕτω
2975 4436 3112 4507 πρὸς
3153 4436 3285 4506 ὕψος
3328 4426 3545 4510 ἀνίησιν

1973 4515 2199 4583 ἄφατον.
2249 4517 2413 4588 Ὁρᾷς
2451 4518 2530 4571 ὅτι
2564 4519 2659 4572 καὶ
2688 4520 2748 4572 τὸ
2777 4521 3070 4590 ἀφελέσθαι
3097 4524 3197 4595 τὴν
3231 4528 3545 4595 ὁμοφωνίαν

1974 4603 2387 4675 φιλανθρωπίας
2412 4605 2630 4673 ἐγένετο
2663 4606 2891 4677 πολλῆς;
2935 4610 3185 4663 Ἐνέϐαλε
3209 4613 3317 4683 γὰρ
3345 4615 3545 4680 αὐτοὺς

1973 4692 2056 4755 εἰς
2078 4692 2397 4760 διαφωνίαν,
2427 4692 2512 4747 ἵνα
2551 4693 2624 4764 μὴ
2659 4696 2963 4750 ἐκπέσωσιν
3006 4700 3086 4761 είς
3124 4702 3387 4771 πονηρίαν
3419 4705 3545 4774 μει-

1974 4780 2122 4845 ζονα.
2160 4780 2359 4833 Τοῦτον
2397 4780 2461 4852 δή
2517 4800 2606 4852 μοι
2636 4783 2937 4855 διατηρεῖτε
2969 4786 3060 4839 τὸν
3088 4786 3266 4857 λόγον,
3309 4791 3403 4844 καὶ
3440 4809 3542 4846 πε-

1973 4867 2168 4936 πηγὼς
2212 4867 2299 4927 ἀεὶ
2334 4869 2465 4940 παρ’
2504 4868 2632 4938 ὑμῖν
2675 4869 2814 4925 ἔστω
2864 4874 2959 4926 καὶ
3002 4875 3278 4947 ἀκίνητος,
3312 4878 3393 4932 ὅτι
3439 4881 3541 4935 οὐκ

1973 4954 2275 5025 εὐεργετῶν
2303 4955 2482 5025 μόνον,
2506 4956 2640 5010 ἀλλά
2673 4957 2767 5010 καὶ
2793 4959 3036 5023 κολάζων
3076 4963 3276 5031 ἀγαθός
3299 4967 3414 5020 ἐστι
3445 4967 3542 5024 καὶ

1972 5042 2350 5113 φιλάνθρωπος
2377 5045 2405 5095 6
2432 5044 2564 5109 Θεός
2581 5061 2595 5076 ⁸
2628 5046 2722 5099 καὶ
2754 5048 2860 5120 γὰρ
2886 5049 2943 5102 αί
2972 5049 3221 5115 κολάσεις
3248 5054 3412 5107 αὑτοῦ
3445 5057 3540 5110 καὶ

1970 5133 2026 5184 αἱ
2057 5131 2316 5202 τιμωρίαι
2377 5132 2632 5201 μέγιστον
2670 5134 2991 5205 εὐεργεσίας
3041 5138 3223 5209 μέρος,
3283 5142 3539 5211 μέγιστον

1971 5216 2227 5285 προνοίας
2269 5212 2407 5279 εἶδός
2441 5220 2599 5272 εἰσιν.
2639 5218 2807 5273 ’Ὅταν
2829 5217 2921 5276 οὖν
2949 5224 3064 5295 ἴδῃς
3088 5225 3279 5293 λιμοὺς
3304 5214 3538 5297 γενομέ-

1965 5320 2107 5368 νους,
2140 5306 2238 5358 καὶ
2273 5304 2515 5375 λοιμοὺς,
2548 5305 2644 5359 καὶ
2668 5308 2931 5380 αὐχμοὺς,
2969 5311 3062 5363 καὶ
3084 5312 3406 5383 ἐπομϐρίας,
3441 5315 3538 5368 καὶ

1965 5397 2142 5468 ἀέρων
2176 5397 2506 5468 ἀνωμαλίας,
2542 5398 2574 5469 ἢ
2598 5398 2725 5453 ἄλλο
2755 5419 2807 5454 τι.
2839 5401 2948 5454 τῶν
2968 5402 3220 5456 τοιούτων
3241 5405 3347 5457 τῶν
3373 5404 3538 5459 κολα-

1964 5483 2161 5550 ζόντων
2175 5484 2272 5558 τὴν
2286 5485 2624 5557 ἀνθρωπίνην
2634 5488 2812 5559 φύσιν,
2821 5489 2897 5560 μὴ
2911 5488 2968 5541 δυ
2977 5491 3238 5563 σχεράνῃς
3254 5491 3388 5562 μηδέ
3398 5494 3536 5547 ἀπο-

1963 5575 2325 5647 δυσπετήσῃς,
2350 5576 2485 5629 ἀλλά
2508 5575 2880 5646 προσκύνησον
2900 5576 2988 5631 τὸν
3015 5577 3287 5643 ποιοῦντα,
3321 5580 3529 5652 θαύμαο

1969 5677 2057 5715 σον
2079 5661 2239 5716 αὑτὸν
2258 5662 2357 5732 τῆς
2380 5662 2723 5734 κηδεμονίας.
2754 5661 2990 5727 Ἐκεῖνος
3010 5665 3119 5738 γάρ
3140 5667 3283 5724 ἐστιν
3312 5670 3340 5724 ό
3371 5671 3534 5728 ταῦτα
