3894 6226
464 405 659 471 ποιῶν,
679 406 776 461 καὶ
802 405 866 461 τὸ
892 406 1052 479 σῶμα
1081 407 1346 472 κολάζων,
1371 410 1459 465 ἵνα
1488 410 1588 483 τὴν
1614 412 1792 485 ψυχὴν
1823 432 2039 487 σωφρο-

462 489 609 562 νίσῃ.
634 489 745 544 Καὶ
781 489 810 542 ό
841 488 974 553 Θεὸς
999 488 1170 544 ταῦτα
1202 494 1363 556 ποιεῖ,
1393 492 1587 564 φησίν;
1616 495 1676 548 ὐ
1709 496 1841 561 Θεὸς
1869 497 2042 550 ταῦτα

463 575 639 626 ποιεῖ·
691 572 797 627 κᾶν
833 575 867 644 ή
899 572 1050 639 πόλις
1102 576 1253 645 παρῇ
1307 577 1477 641 πᾶσα,
1531 577 1635 631 κᾶν
1673 580 1706 650 ἡ
1745 580 2040 652 οἰκουμένη

465 657 640 715 πᾶσα.
675 656 775 710 οὐκ
811 657 1030 727 ὀκνήσω
1054 655 1214 709 τοῦτο
1248 658 1445 713 εἰπεῖν.
1486 659 1614 714 Εἴθε
1650 679 1742 731 μοι
1791 663 1887 717 καὶ
1914 663 2043 717 σάλ-

462 755 661 807 πιγγος
687 734 754 810 ἦν
790 740 954 819 φωνὴ*
973 738 1354 811 λαμπροτέρα,
1384 744 1481 797 καὶ
1513 746 1573 799 ἐν
1612 744 1802 817 ὑψηλῷ
1848 751 2040 819 στῆναι

459 823 646 894 χωρίῳ
674 822 896 875 δυνατὸν
926 814 1013 893 ἦν,
1046 823 1142 877 καὶ
1181 827 1313 880 πᾶσι
1345 826 1538 898 βοῆσαι
1591 814 1689 884 καλ.
1711 814 2039 904 *διαμαρτύ-

463 905 680 975 ρασθαι,
717 906 799 958 ὅτι
850 907 878 957 ό
910 905 1041 970 Θεὸς
1084 907 1259 961 ταῦτα
1307 911 1472 964 ποιεῖ.
1532 912 1648 965 Ούκ
1684 911 1745 977 ἐξ
1781 914 2040 978 ἀπονοίας

457 988 632 1041 ταῦτα
669 986 832 1057 λέγω,
864 988 982 1042 ἀλλ’
1006 988 1118 1060 ἔχω
1140 993 1467 1063 παρεστῶτα
1484 993 1573 1048 τὸν
1599 998 1889 1068 προφήτην
1920 999 2036 1069 μετ’

456 1069 590 1141 ἐμοῦ
626 1069 835 1141 βοῶντα
861 1072 955 1125 καὶ
987 1072 1237 1142 λέγοντα,
1264 1076 1347 1129 ὅτι
1399 1078 1523 1130 Οὐκ
1577 1075 1709 1132 ἐστι
1750 1078 1930 1132 κακία
1967 1079 2039 1133 ἐν

455 1154 651 1219 πόλει,
693 1153 774 1223 ἣν
806 1156 1022 1223 Κύριος
1054 1160 1166 1211 οὐκ
1195 1158 1483 1227 ἐποίησε·
1522 1161 1693 1215 κακία
1734 1162 1791 1217 δέ
1824 1161 2039 1234 ὁμώνυ-

398 1234 410 1247 “
457 1237 557 1319 μόν
605 1241 754 1294 ἐστιν
800 1240 1006 1311 ὄνομα·
1053 1242 1148 1293 καὶ
1198 1243 1302 1313 τῆς
1350 1246 1724 1318 προσηγορίας
1769 1249 2038 1319 ἑκατέρας

455 1318 718 1403 βούλομαι
769 1324 870 1396 τὴν
907 1326 1111 1397 ἀκριϐῆ
1162 1327 1355 1397 μαθεῖν
1410 1330 1556 1401 ὑμᾶς
1609 1332 1906 1403 σημασίαν,
1942 1318 2036 1389 ίῖνα

456 1402 533 1488 μὴ
570 1405 656 1458 διά
684 1406 780 1478 τὴν
809 1408 1133 1480 ὁμωνυμίαν
1174 1411 1284 1464 τῶν
1316 1402 1673 1485 πραγμάτων
1712 1417 2034 1488 συγχέοντες

449 1484 550 1558 τὴν
584 1488 762 1557 φύσιν,
792 1492 871 1555 εἰς
897 1490 1245 1565 βλασφημίαν
1272 1495 1571 1571 ἐμπέσητε.

520 1700 580 1748 ε’.
626 1696 783 1750 Ἐστι
798 1698 977 1755 τοίνυν
992 1700 1178 1767 κακία,
1199 1702 1419 1772 ὴδντως
1439 1703 1624 1767 κακία,
1645 1707 1890 1775 πορνεία,
1913 1724 2032 1777 μοι⁶

449 1777 590 1861 χεία,
618 1779 921 1845 πλεονεξία.
954 1784 1049 1836 καὶ
1073 1784 1143 1836 τὰ
1171 1785 1344 1856 μυρία
1367 1785 1519 1840 δεινά
1553 1787 1623 1841 τὰ
1652 1788 1759 1842 τῶν
1787 1791 2032 1861 ἐσχάτων

449 1860 577 1914 ὅντα
617 1863 989 1934 ἐγκλημάτων
1036 1866 1166 1932 ἀξια
1200 1868 1297 1920 καὶ
1356 1870 1661 1943 τιμωριῶν.
1702 1860 1870 1926 Πάλιν
1916 1874 2031 1927 ἐστὶ

447 1944 640 2025 κακία,
679 1945 880 2015 μᾶλλον
928 1947 985 2001 δὲ
1030 1949 1132 2003 οὐκ
1179 1948 1351 2016 ἐστιν,
1397 1951 1532 2005 ἀλλά
1573 1951 1813 2022 λέγεται,
1851 1954 2027 2025 λιμὸς,

446 2023 654 2098 λοιμὸς,
687 2028 936 2093 θάνατος,
966 2031 1139 2097 νόσος,
1172 2034 1265 2086 καὶ
1298 2034 1398 2087 ὅσα
1425 2033 1682 2090 τοιαῦτον
1717 2039 1889 2091 ταῦτα
1910 2023 2028 2109 ἡγὰρ

350 2119 353 2122 ‘
445 2111 546 2162 ούκ
576 2110 640 2164 ἂν
663 2110 746 2182 εἴη
779 2113 924 2167 κακά
945 2129 956 2142 ·
978 2113 1067 2167 διὰ
1085 2113 1242 2168 τοῦτο
1263 2112 1438 2182 εἶπον,
1462 2118 1726 2187 Λέγεται,
1751 2121 1929 2190 μόνον.
1963 2121 2029 2176 Τί

444 2191 672 2274 δήποτε;
707 2195 825 2247 Ὀτι
859 2197 908 2248 εἰ
948 2198 1091 2250 κακά
1127 2193 1214 2269 ἦν,
1250 2200 1350 2253 οὐκ
1371 2200 1438 2254 ἂν
1461 2200 1685 2269 ἀγαθῶν
1712 2205 1846 2274 ἡμῖν
1882 2206 2030 2259 αῖτια

444 2273 711 2344 ἐγεγόνει,
754 2279 1153 2349 σωφρονίζοντα
1210 2279 1310 2353 τὴν
1361 2281 1642 2351 ἀπόνοιαν,
1689 2273 2028 2353 ἐγκύπτοντα

442 2357 541 2430 τὴν
576 2359 849 2431 ρᾳθυμίαν
873 2361 967 2415 καὶ
1009 2362 1148 2434 πρὸς
1176 2364 1414 2438 σπουδὴν
1459 2367 1820 2436 ἐπανάγοντα,
1854 2386 2026 2441 προσ-

443 2442 839 2513 εκτικωτέρους
893 2443 1173 2499 ποιοῦντα.
1202 2446 1332 2501 Ὅτε
1361 2447 1491 2519 γὰρ,
1525 2449 1712 2522 φησὶν,
1756 2451 2028 2507 ἀπέκτει-

440 2539 551 2577 νεν
571 2525 814 2591 αὐτοὺς,
845 2528 980 2580 τότε
1020 2527 1345 2597 ὲξεζῆτουν
1379 2533 1588 2599 αὐτὸν,
1616 2533 1715 2589 καὶ
1746 2534 2027 2604 ἐπέρ-τρε·

440 2622 580 2675 spor,
619 2606 719 2660 καὶ
752 2606 1031 2676 ὢρθριζον
1085 2611 1238 2680 πρὸς
1280 2613 1389 2667 τὸν
1445 2616 1612 2670 Θεόν.
1666 2617 1882 2672 Κακίαν
1931 2614 2025 2672 οὖν

438 2688 644 2773 ταύτην
696 2690 831 2761 φησί
884 2692 983 2762 τὴν
1042 2693 1505 2765 σωφρονίζουσαν,
1570 2699 1672 2770 τὴν
1735 2700 2026 2773 λαμπροὺς

438 2770 733 2837 ποιοῦσαν,
785 2772 886 2858 την
935 2776 1386 2849 σπουδαιοτέρους
1443 2770 1859 2854 ἐργαζομένην,
1897 2770 2023 2858 ’τὴν

438 2854 576 2938 πρὸς
605 2855 921 2926 φιλοσοφίαν
955 2859 1358 2928 ἐπανάγουσαν,
1392 2864 1494 2916 οὐκ
1531 2866 1747 2936 ἐκείνην
1777 2866 1875 2938 τὴν
1903 2854 2020 2923 δια-

435 2933 780 3024 ϐεϐλημένην
813 2942 907 2994 καὶ
953 2941 1316 3015 ἐγκλημάτων
1365 2946 1551 3014 ἀξίαν
1600 2933 1787 3023 ἐκείνη
1819 2933 1930 3024 γὰρ
1958 2953 2020 3006 οὐ

437 3020 574 3073 Θεοῦ
598 3021 788 3107 ἔργον,
825 3024 964 3079 ἀλλά
996 3026 1096 3097 τῆς
1138 3028 1418 3099 ἡμετέρας
1456 3020 1836 3104 προαιρέσεως
1866 3020 2018 3107 εῦρε-

441 3120 537 3172 μα,
557 3103 697 3186 αῦτη
720 3105 778 3158 δέ
802 3106 935 3175 πρὸς
963 3108 1063 3179 τὴν
1091 3109 1309 3183 ἐκείνης
1335 3114 1618 3186 ἀναίρεσιν
1634 3103 1872 3185 γίνεται.
1902 3103 2017 3173 Κα-

435 3185 563 3239 κίαν
592 3185 685 3240 οὖν
711 3186 914 3260 ταύτην
945 3190 1101 3244 καλεῖ
1144 3192 1243 3265 τὴν
1271 3185 1535 3259 κάκωσιν,
1567 3199 1665 3269 τὴν
1697 3202 1762 3254 ἐκ
1789 3200 1899 3255 τῶν
1931 3219 2015 3255 τι-

436 3268 658 3339 μωριῶν
704 3272 995 3343 γινομένην
1028 3275 1181 3344 ἡμῖν,
1216 3277 1275 3330 ού
1303 3279 1445 3332 κατά
1469 3280 1568 3352 τὴν
1594 3268 1802 3337 οἰκείαν
1830 3284 2013 3354 φύσιν,

432 3351 574 3406 ἀλλά
606 3354 748 3407 κατὰ
772 3354 872 3425 τὴν
918 3356 1172 3413 ὑπόνοιαν
1203 3359 1311 3414 τῶν
1343 3362 1669 3436 ἀνθρώπων,
1710 3351 1882 3431 οὕτως
1914 3351 2013 3422 a6?-

431 3437 535 3524 τῂν
561 3437 863 3524 όνομάζων.
908 3440 1126 3513 Ἐπειδὴ
1155 3442 1262 3515 γὰρ
1289 3447 1488 3501 κακίαν
1506 3449 1693 3503 καλεῖν
1718 3451 2012 3524 εἰώθαμεν,

429 3520 493 3573 ού
525 3522 624 3585 τὰς
647 3521 850 3583 κλοπάς
882 3525 978 3576 καὶ
1008 3524 1102 3588 τὰς
1131 3528 1377 3598 μοιχείας
1401 3531 1581 3601 μόνον,
1621 3533 1757 3588 ἀλλά
1796 3520 2015 3601 καὶτὰς

433 3605 741 3674 συμφοράς,
771 3607 880 3659 ἀπὸ
911 3607 1011 3676 τῆς
1045 3608 1154 3661 τῶν
1209 3610 1514 3681 ἀνθρώπων
1562 3616 1746 3687 ψήφου
1775 3619 1917 3674 οῦτω
1949 3623 2010 3675 τὸ

433 3687 667 3757 πρᾶγμα
700 3686 948 3776 ἐκάλεσε.
992 3690 1163 3776 Τοῦτο
1215 3689 1310 3746 οῦν
1340 3695 1489 3750 ἐστιν
1528 3699 1556 3752 ὃ
1601 3686 1767 3769 φησιν
1799 3700 1950 3776 [2541
1983 3707 2010 3758 ὁ

432 3770 742 3840 προφήτης,
775 3770 858 3823 ὅτι
891 3773 1012 3825 Οὐκ
1059 3774 1193 3828 ἔστι
1245 3778 1425 3831 κακία
1455 3779 1527 3833 ἐν
1562 3783 1755 3849 πόλει,
1785 3770 1864 3852 ἦν
1893 3770 2009 3841 Κύ-

423 3867 553 3944 ριος
584 3855 705 3944 οὐκ
732 3852 1007 3944 έποίησε.
1050 3857 1220 3944 Τοῦτο
1262 3862 1356 3944 καὶ
1389 3861 1478 3916 διά
1519 3865 1740 3920 Ἠσαίου
1779 3871 2012 3944 παρεδή-

428 3932 599 4021 λωσεν
618 3936 646 3988 ό
669 3935 993 4021 Θεὸςμείπών
1013 3954 1026 3968 ·
1061 3939 1203 4010 Ἐγὼ
1230 3943 1375 4010 Θεὸς
1400 3945 1589 4001 ποιῶν
1611 3932 1880 4021 εἰρήνην,
1909 3932 2009 4010 καὶ

427 4015 637 4079 κτίζων
665 4018 850 4073 κακά·
892 4023 1036 4076 κακά
1081 4023 1241 4077 πάλιν
1270 4027 1366 4090 τὰς
1398 4015 1683 4103 συμφοράς
1701 4015 2003 4108 ὀνομάζων.

426 4102 642 4174 Ταύτην
672 4105 766 4158 καὶ
786 4107 1073 4188 ὁγΧριστὸς
1094 4110 1195 4182 τὴν
1212 4111 1410 4165 κακίαν
1432 4115 1488 4165 ἐν
1519 4102 1630 4180 τοῖς
1653 4102 2005 4188 Εὐαγγέλίοις

426 4185 738 4275 αἰνίττεται,
772 4187 916 4243 οῦτω
943 4189 1117 4275 λέγων
1146 4196 1258 4257 τοῖς
1286 4195 1557 4266 μαθηταῖς
1577 4217 1592 4232 ο
1642 4185 1911 4270 Ἄρκετὸν
1930 4185 2006 4275 τῆ

427 4267 614 4359 ᾑμέρᾳ
706 4272 887 4359 κακία
917 4273 1129 4359 αὐτῆς,
1152 4279 1456 4359 τουτέστιν,
1496 4283 1529 4352 ή
1557 4267 1819 4352 κάκωσις,
1850 4290 1884 4359 ἡ
1916 4267 2005 4343 τάέ

424 4351 717 4425 λαιπωρία.
748 4356 1092 4428 Πανταχόθεν
1115 4357 1209 4416 οῦν
1245 4362 1427 4433 δῆλον.
1463 4351 1544 4419 ὅτι
1593 4369 1793 4423 κακίαν
1820 4351 2004 4430 ἐνταῦ-

424 4435 494 4490 θα
515 4436 612 4501 τὰς
646 4439 918 4509 τιμωρίας
966 4441 1141 4507 καλεῖ,
1178 4446 1274 4498 καὶ
1314 4448 1519 4512 ταύτας
1547 4452 1681 4521 ἡμῖν
1719 4454 1883 4520 αὐτὸς
1903 4460 2001 4514 ἐπ-

423 4521 569 4589 άγει,
602 4523 859 4616 μέγιστοὶ)
887 4527 1142 4595 προνοίας
1171 4524 1325 4616 εἶδος
1345 4534 1738 4604 παρεχόμενος.
1756 4540 1864 4593 Καὶ
1891 4543 1999 4616 γάρ

418 4607 448 4660 ό
478 4606 678 4693 ἰατρὸς,
705 4607 949 4693 ούχγόταν
981 4611 1060 4672 εἰς
1095 4614 1456 4685 παραδείσους
1489 4621 1582 4673 καὶ
1610 4619 1881 4693 λειμῶνας
1902 4606 2000 4692 ’ἐξί-

419 4690 611 4774 αγάγῃν
629 4691 720 4745 τὸν
753 4692 1050 4761 κάμνοντα,
1068 4696 1381 4767 θαυμαστός
1403 4703 1517 4756 ἐστι
1544 4690 1725 4774 μόνον,
1742 4708 1850 4761 οὐδ’
1869 4690 1999 4766 ὅταν

419 4775 504 4836 εἰς
536 4773 795 4842 βαλανεῖα
851 4777 947 4830 καὶ
1002 4778 1390 4854 κολυμϐήθρας
1447 4773 1677 4853 ὑδάτων,
1730 4793 1839 4847 οὐδ’
1869 4795 1998 4851 ὃταν

417 4856 697 4928 τράπεζαν
730 4859 1005 4932 παρατιθῇ
1057 4863 1339 4933 πλουσίαν,
1377 4869 1512 4925 ἀλλὰ
1535 4874 1628 4927 καὶ
1658 4875 1786 4932 ὅταν
1812 4877 1996 4935 άσιτον

417 4939 614 5033 κελεύῃ
636 4941 928 5033 διαμένειν,
954 4946 1049 5001 καὶ
1068 4948 1194 5033 ὅταν
1219 4949 1361 5024 ἀγχῃ
1387 4952 1532 5026 λιμῷ
1554 4959 1649 5012 καὶ
1669 4959 1794 5033 δίψη
1825 4981 1996 5018 κατα-

415 5022 588 5095 τείνῃ,
627 5024 881 5120 τῇικλίνη
905 5030 1202 5120 προσηλῶν
1233 5022 1457 5107 καὶγτὴν
1489 5022 1667 5096 οἰκίαν
1708 5022 1994 5120 δἐξμωτή-

416 5122 532 5175 ριον
562 5107 883 5179 ποιούμενος
903 5109 943 5175 ⁸,
972 5113 1068 5166 καὶ
1102 5116 1268 5171 αὐτοῦ
1314 5119 1409 5172 τοῦ
1452 5124 1628 5190 φωτὸς
1672 5107 1994 5202 ἀποέτερῶν

412 5189 508 5245 καὶ
538 5192 849 5284 συσκιιάζων
887 5200 1224 5284 πανταχόθεν
1273 5202 1334 5256 τὸ
1369 5189 1640 5277 δωμάτιον
1675 5189 1995 5284 παραπέτά-

413 5290 603 5371 σμασι,
622 5276 715 5330 καὶ
738 5278 865 5373 ϐταν
893 5279 950 5332 τέ
958 5297 1084 5353 μνη,
1111 5284 1205 5337 καὶ
1231 5286 1359 5341 ὅταν
1383 5276 1533 5364 καίῃ,
1548 5295 1641 5348 καὶ
1665 5276 1794 5350 ὅταν
1819 5301 1994 5373 πικρὰ

412 5357 664 5446 προσάγῃ
699 5358 988 5446 φάρμακα,
1044 5366 1226 5439 ἰατρός
1281 5370 1429 5427 ἐστιν
1476 5357 1699 5446 δμοίως.
1730 5379 1855 5445 Πῶς
1897 5357 1992 5441 οῦν

407 5439 511 5531 οὐκ
529 5441 729 5531 ἀτοπον
761 5444 969 5531 ἐκεῖνον
999 5447 1118 5531 ’μὲν
1148 5451 1388 5508 τοσαῦτα
1427 5439 1797 5531 ἐργαζόμενον
1834 5439 1991 5523 ’κακά

413 5520 595 5595 ἰατρὸν
636 5524 842 5593 καλεῖν,
873 5527 966 5582 τὸν
993 5529 1049 5583 δὲ
1079 5530 1233 5602 Θεὸν,
1257 5535 1313 5589 εί
1345 5520 1477 5593 ποτε
1501 5520 1558 5597 ἐν
1578 5520 1796 5604 ’τούτων
1826 5520 1987 5626 nati:

470 5714 494 5744 ³
519 5712 641 5765 Colb
679 5720 890 5782 uterque
917 5721 1232 5789 ἐργαζόμενος.

1170 293 1223 348 S.
1270 291 1555 350 JOANNIS
1593 292 2087 353 CIIRYSOSTOMI
2138 299 2459 357 ARCHIEP.
2501 301 3051 360 CONSTANTINOP.

3628 301 3735 359 9.53

2147 435 2313 484 σειεν,
2348 413 2461 473 οἷον
2486 418 2520 490 ἢ
2549 419 2705 490 λιμὸν
2734 419 2767 493 ἦ
2797 419 3026 474 θάνατον
3057 417 3351 488 ἐπαγάγοι,
3388 416 3734 490 βλασφημεῖν

2143 502 2238 555 καὶ
2265 502 2364 573 τῆς
2403 501 2497 555 τοῦ
2528 501 2732 566 παντὸς
2764 502 3046 558 ἐκϐάλλειν
3071 501 3366 573 προνοίαςς
3390 500 3575 554 καίτοι
3608 518 3674 570 γε
3704 504 3734 557 ό

2141 584 2353 658 ἀληθὴς
2399 585 2581 659 ἰατρὸς
2604 579 2762 651 οὗτος
2803 587 2960 657 μόνος
2990 588 3110 642 ἐστὶ
3137 586 3233 642 καὶ
3262 585 3454 661 ψυχῶν
3490 586 3593 639 καὶ
3625 602 3734 640 σω-

2144 668 2350 740 μάτων.
2387 668 2488 722 Διά
2520 667 2679 722 τοῦτο
2705 669 2966 733 πολλάκις
2997 669 3097 742 τὴν
3139 670 3301 740 φύσιν
3326 670 3426 741 τὴν
3449 668 3734 740 ἡμετέραν

2140 752 2480 825 παραλαϐὼν
2531 751 2592 818 ἐξ
2639 752 2896 825 εὐθηνίας
2946 755 3292 825 σκιρτῶσαν,
3340 753 3438 809 καὶ
3481 749 3731 823 ’πυρετὸν

2142 838 2552 908 ἁμαρτημάτων
2582 837 2901 902 ὠδίνουσαν,
2941 837 3117 909 ἐνδείᾳ
3139 838 3235 892 καὶ
3261 835 3408 909 λιμῷ
3439 836 3536 891 καὶ
3571 836 3736 892 θανά-

2139 937 2215 990 τῳ
2245 921 2339 973 καὶ
2366 922 2676 991 συμφοραῖς
2698 920 2936 991 ἑτέραις,
2969 921 3065 975 καὶ
3090 923 3204 985 τοῖς
3234 921 3414 984 ἀλλοις
3450 915 3533 983 οἷς
3562 920 3733 983 αὐτὸς

2138 997 2246 1055 οἶδε
2296 1004 2612 1074 φαρμάκοις
2644 1002 2982 1058 ἀπαλλάττει
3032 1004 3141 1057 τῶν
3179 1002 3527 1075 νοσημάτων.
3585 1002 3734 1057 Ἀλλ’

2137 1085 2187 1136 οἱ
2208 1084 2437 1154 πένητες
2466 1084 2813 1140 αἰσθάνονται
2843 1086 2999 1157 μόνοι
3029 1086 3123 1140 τοῦ
3153 1086 3544 1157 λιμοῦ,φησίν.
3583 1085 3732 1139 Ἀλλ’

2136 1168 2258 1237 οὐχὶ
2288 1168 2433 1239 μόνῳ
2458 1168 2605 1239 λιμῷ
2646 1169 2883 1235 κολάζει,
2920 1169 3058 1225 ἀλλά
3105 1171 3201 1224 καὶ
3228 1170 3436 1242 ἐτέροις
3469 1171 3729 1242 μυρίοις*

2134 1251 2228 1304 τὸν
2255 1254 2312 1304 ἐν
2338 1252 2499 1324 πενίᾳ
2529 1255 2626 1324 μὲν
2654 1252 2786 1308 ὅντα
2804 1253 2949 1325 λιμῷ
2971 1253 3233 1317 πολλάκις
3247 1252 3608 1326 ἐσωφρόνισε,
3631 1254 3730 1307 τὸν

2137 1334 2469 1390 πλουτοῦντα
2511 1336 2566 1389 δέ
2613 1338 2708 1390 καὶ
2760 1336 3020 1406 εὐπορίας
3055 1335 3398 1391 ἀπολαύοντα
3429 1336 3727 1402 κινδύνοις,

2133 1419 2425 1489 νοσήμασι,
2454 1419 2702 1484 θανάτοις
2726 1418 3282 1491 ἀώροιςνεὺμήχανος
3312 1420 3422 1491 γάρ
3444 1421 3591 1485 ἐστι,
3627 1426 3727 1473 καὶ⁵

2133 1501 2353 1555 ποικίλα
2379 1502 2494 1574 ἔχει
2520 1506 2622 1575 τῆς
2659 1504 2934 1576 σωτηρίας
2961 1503 3119 1575 ήμῶν
3154 1503 3224 1557 τά
3247 1504 3538 1575 φάρμακα.

2205 1647 2362 1701 Οῦτω
2391 1649 2485 1704 καὶ
2508 1650 2760 1705 δικασταὶ
2800 1650 3047 1707 ποιοῦσιν
3068 1669 3081 1682 ·
3119 1654 3182 1707 οὐ
3214 1652 3415 1724 τιμῶσι
3448 1653 3612 1723 μόνον
3637 1669 3727 1707 ου-

2131 1729 2187 1783 δὲ
2228 1732 2552 1801 στεφανοῦσι
2604 1735 2730 1799 τοὺς
2781 1735 2882 1799 τὰς
2913 1735 3100 1800 πόλεις
3129 1735 3433 1801 οἰκοῦντας,
3468 1735 3592 1789 οὐδὲ
3620 1736 3729 1790 δω-

2134 1812 2261 1884 ρεὰς
2295 1815 2595 1886 παρέχουσι
2621 1817 2805 1887 μόνον,
2836 1817 2972 1872 ἀλλὰ
2994 1818 3088 1871 καὶ
3122 1819 3408 1885 κολάζουσι
3431 1818 3723 1882 πολλάκις.

2131 1895 2231 1950 Διά
2263 1897 2421 1952 τοῦτο
2450 1900 2545 1953 καὶ
2575 1899 2726 1970 ξίφος
2766 1898 2952 1966 αὐτοῖς
2998 1901 3286 1973 ὴκόνηται,
3322 1903 3417 1957 καὶ
3464 1902 3725 1974 βάραθρα

2132 1981 2602 2053 παρεσκεύασται,
2631 1984 2723 2037 καὶ
2756 1984 2974 2056 τροχὸς,
3015 1985 3111 2039 καὶ
3143 1985 3298 2053 ξύλα,
3352 1987 3447 2039 καὶ
3506 1986 3717 2057 δήμιοι,

2133 2065 2227 2118 καὶ
2258 2066 2421 2139 ἐτερα
2449 2069 2621 2141 μυρία
2670 2071 2947 2127 κολάσεων
2978 2072 3117 2145 εῖδη.
3145 2073 3327 2144 Ὅπερ
3363 2066 3456 2126 οῦν
3478 2071 3572 2124 ἐπὶ
3606 2068 3722 2125 τῶν

2129 2147 2403 2204 δικαστῶν
2422 2152 2450 2204 ὁ
2481 2151 2695 2224 δήμιος,
2723 2154 2882 2210 τοῦτο
2915 2157 3008 2211 ἐπὶ
3030 2156 3125 2210 τοῦ
3151 2155 3288 2209 Θεοῦ
3321 2154 3501 2226 λιμὸς,
3542 2152 3725 2209 καθά-

2129 2246 2237 2303 περ
2288 2229 2499 2300 δήμιος,
2526 2230 3032 2303 σωφρονίζωνὴμᾶς
3081 2239 3177 2294 καὶ
3213 2239 3313 2310 τῆς
3364 2237 3565 2301 κακίας
3603 2239 3721 2291 ἀπ-

2129 2312 2299 2383 άγων.
2318 2314 2475 2370 Οὕτω
2494 2319 2590 2372 καὶ
2615 2320 2707 2380 ἐπὶ
2725 2320 2834 2375 τῶν
2858 2321 3123 2395 γεωργῶν
3145 2321 3292 2376 ἐστιν
3322 2321 3467 2375 ἰδεῖν.
3498 2321 3572 2374 Ού
3604 2319 3720 2391 γάρ

2125 2396 2191 2468 δὴ
2234 2398 2395 2469 μόνον
2425 2402 2836 2473 περιστέλλουσι
2861 2406 2960 2477 τὴν
2998 2405 3154 2478 ῥίζαν
3181 2404 3284 2475 τῆς
3307 2404 3556 2476 ἀμπέλου
3589 2404 3718 2458 οὐδὲ

2127 2483 2611 2555 περιφράττουσιν,
2642 2487 2782 2542 ἀλλά
2812 2494 2908 2543 καὶ
2956 2490 3348 2561 περικόπτουσι
3396 2491 3492 2543 καὶ
3537 2486 3715 2542 πολλὰ

2123 2565 2233 2619 τῶν
2264 2567 2561 2640 κλημάτων
2589 2570 2958 2642 ἀποτέμνουσι
2974 2589 2989 2604 ⁸
3011 2573 3101 2627 διά
3130 2571 3291 2626 τοῦτο
3309 2572 3433 2643 οὐχὶ
3452 2570 3714 2640 uanam

2127 2647 2290 2718 μόνον
2336 2652 2588 2719 ἐκείνοις,
2626 2653 2764 2708 άλλά
2784 2657 2879 2709 καὶ
2913 2655 3155 2728 δρέπανα
3211 2656 3354 2727 πρὸς
3378 2655 3552 2727 τομὴν
3582 2656 3714 2708 ἐπι-

2122 2733 2329 2805 τήδεια.
2371 2734 2513 2789 ⁹Δλλ’
2539 2737 2689 2808 ὅμως
2734 2740 2837 2794 οὐκ
2883 2739 3228 2812 ἐγκαλοῦμεν
3278 2739 3401 2794 οὐδὲ
3449 2738 3669 2803 τούτοις
3690 2755 3709 2771 ο

2121 2816 2259 2872 ἀλλά
2279 2819 2373 2873 καὶ
2392 2820 2516 2874 τότε
2537 2822 2772 2893 μάλιστα
2799 2824 3000 2888 αὐτοὺς
3024 2821 3398 2895 θαυμάζομεν,
3427 2823 3557 2878 ὅταν
3574 2822 3712 2877 [δυο

2124 2917 2224 2972 μεν
2246 2901 2418 2957 πολλὰ
2445 2903 2556 2958 τῶν
2578 2907 2870 2977 ἀχρήστων
2906 2907 3298 2973 ἐκκόπτοντας,
3329 2907 3471 2961 ὥστε
3501 2909 3569 2977 τῇ
3591 2905 3711 2961 τῶν

2119 2985 2392 3058 περιττῶν
2410 2987 2652 3062 ἀποϐολῇ
2679 2993 2791 3056 τοῖς
2810 2991 3031 3063 μένουσι
3054 2992 3254 3065 πολλὴν
3284 2992 3711 3064 παρασκευάσαι

2116 3069 2217 3141 τὴν
2248 3070 2544 3142 σωτηρίαν.
2582 3073 2708 3138 Πῶς
2749 3070 2842 3129 οὖν
2884 3076 2988 3130 οὐκ
3047 3075 3270 3144 άτοπον,
3312 3075 3524 3148 πατέρα
3576 3073 3708 3145 μὲν,

2116 3155 2213 3207 καὶ
2249 3154 2454 3227 ἰατρὸν,
2491 3158 2584 3211 καὶ
2617 3157 2897 3225 δικαστὴν,
2926 3160 3022 3213 καὶ
3068 3159 3317 3232 γεωργὸν
3367 3158 3510 3213 οὕτω
3553 3156 3713 3212 δοκι-

2119 3234 2337 3307 μάζειν,
2378 3240 2474 3293 καὶ
2518 3242 2656 3313 μήτε
2694 3244 2902 3297 ἐκεῖνον
2945 3242 3276 3298 ἐκϐάλλοντα
3327 3243 3419 3297 τὸν
3451 3242 3568 3297 υἱὸν
3598 3241 3709 3311 τῆς

2115 3318 2311 3386 οἰκίας,
2351 3323 2492 3393 μήτε
2518 3324 2610 3378 τὸν
2642 3325 2827 3397 ἰατρὸν
2871 3327 3181 3381 ἐκτείνοντα
3201 3326 3230 3366 δ
3257 3327 3350 3380 τὸν
3395 3325 3704 3396 κάμνοντα,

2120 3403 2258 3473 μήτε
2315 3404 2407 3457 τὸν
2454 3404 2715 3481 δικαστὴν
2771 3408 3090 3475 κολάζοντα,
3126 3412 3263 3482 μήτε
3310 3409 3403 3465 τὸν
3449 3409 3707 3479 γεωργὸν

2113 3485 2386 3540 κόπτοντα
2421 3489 2734 3560 μέμφεσθαι
2772 3491 2866 3546 καὶ
2912 3494 3220 3548 αἰτιᾶσθαι·
3250 3493 3343 3546 τὸν
3370 3493 3427 3547 δέ
3457 3492 3612 3556 Θεὸν,
3648 3491 3709 3544 ετ

2114 3583 2244 3622 ποτε
2271 3568 2420 3641 [255]
2455 3571 2744 3645 βουληθείη
2789 3574 3043 3648 καθάπερ
3071 3575 3519 3649 καρηϐαροῦντας
3546 3576 3703 3648 ἡμᾶς

2114 3651 2224 3706 ἀπὸ
2256 3654 2355 3724 τῆς
2401 3656 2603 3728 πολλῆς
2639 3657 2939 3731 ἀναστῆσαι
2975 3660 3145 3731 μέθης
3168 3661 3267 3732 τῆς
3303 3658 3446 3714 κατά
3466 3659 3566 3731 τὴν
3594 3675 3703 3713 πο-

2114 3735 2330 3807 νηρίαν,
2364 3738 2673 3809 μέμφεσθαι
2703 3742 2799 3794 καὶ
2822 3743 3045 3815 μυρίαις
3065 3743 3281 3813 βάλλειν
3296 3742 3695 3814 κατηγορίαις;

2111 3818 2296 3889 Πόσης
2329 3820 2430 3873 οὑκ
2478 3820 2545 3875 ἂν
2578 3822 2662 3894 εἴη
2706 3825 2926 3895 μανίας,
2972 3825 3107 3896 μηδὲ
3146 3826 3249 3897 τῆς
3293 3826 3461 3896 αὐτῆς
3488 3825 3568 3897 τῷ
3594 3827 3699 3877 Δε-

2112 3900 2285 3973 σπὸτῃ
2304 3902 2642 3971 μεταδιδόναι
2656 3906 3041 3978 δικαιολογίας,
3060 3909 3190 3983 ὅσης
3209 3908 3560 3981 μεταδίδομεν
3575 3912 3692 3974 τοῖς

2109 3983 2416 4050 συνδούλοις
2429 4030 2444 4054 ,

2179 4140 2253 4198 ς’.
2287 4134 2474 4190 Ταῦτα
2508 4137 2650 4209 ὑπὲρ
2679 4138 2856 4193 αὐτῶν
2890 4139 3000 4194 τῶν
3026 4140 3406 4209 ἐγκαλούντων
3432 4138 3695 4203 δεδοικὼς

2104 4215 2248 4285 λέγω
2271 4218 2385 4279 νῦν.
2424 4220 2510 4272 ῐνα
2547 4219 2621 4292 μὴ
2644 4222 2781 4291 πρὸς
2818 4222 3018 4295 κέντρα
3049 4224 3415 4289 λακτίζοντες,
3442 4224 3569 4286 τοὺς
3590 4224 3691 4277 πόα

2103 4300 2199 4381 δας
2229 4303 2595 4375 αἰμάσσωσιν,
2624 4306 2711 4359 ἵνα
2733 4306 2809 4379 μὴ
2842 4309 2924 4372 εἰς
2949 4309 3176 4381 οὐρανὸν
3197 4311 3323 4373 τοὺς
3346 4308 3523 4371 λίθους
3553 4306 3692 4379 βάλ-

2104 4379 2306 4446 λοντες,
2346 4385 2413 4454 τῇ
2448 4383 2658 4456 κεφαλῇ
2684 4384 2754 4438 τὰ
2799 4379 3088 4459 τραύματα
3128 4389 3409 4456 δέξωνται.
3462 4386 3690 4457 Ἐγὼδὲ

2103 4466 2197 4520 καὶ
2243 4467 2439 4539 ἑτέραν
2478 4469 2787 4542 ὑπερϐολὴν
2842 4470 2954 4543 ἔχω
2998 4473 3174 4528 πλείω
3221 4473 3426 4544 ταύτης
3480 4474 3685 4527 εἰπεῖν.

2116 4548 2346 4604 Ἀνελὼν
2389 4561 2500 4624 γαρ
2550 4552 2611 4606 τὸ
2643 4553 2826 4623 ζητεῖν
2855 4556 3020 4627 (κατά
3054 4557 3402 4630 συγχώρησιν
3437 4556 3604 4628 λέγω)
3633 4556 3687 4609 εἰ

2102 4633 2387 4711 χρησίμως
2419 4634 2580 4690 ἔλαϐε
2613 4639 2741 4709 παρ’
2774 4638 2931 4710 ἡμῶν
2957 4640 2986 4693 ό
3012 4640 3166 4705 Θεὸς,
3195 4642 3371 4694 ἐκεῖνο
3414 4639 3557 4710 λέγω
3586 4640 3687 4711 μό-

2100 4706 2320 4782 νον,’ὂτι
2356 4720 2405 4771 εἰ
2444 4718 2602 4773 ἔλαϐε
2632 4706 2706 4774 τά
2721 4706 2963 4790 δοθέντα,
2991 4724 3113 4778 οὐδὲ
3131 4724 3303 4789 οὕτως
3325 4706 3685 4794 ἐγκαλεῖντις

2101 4796 2246 4872 εἶχεν
2275 4801 2422 4872 αὐτῷ
2441 4819 2455 4833 ·
2486 4805 2581 4858 καὶ
2624 4804 2734 4878 γάρ
2787 4807 2977 4879 κύριος
2996 4803 3066 4880 ἦν
3096 4808 3205 4863 τῶν
3233 4809 3417 4863 αὐτοῦ.
3467 4809 3555 4863 Ἐν
3591 4810 3683 4863 ἀν-

2098 4883 2336 4955 θρώποις
2379 4885 2498 4955 μὲν,
2524 4887 2651 4942 ὅταν
2688 4891 2820 4960 ημῖν
2848 4892 3385 4963 παρακαταθῶνταιθ
3418 4894 3682 4965 χρήματα

2099 4967 2197 5020 καὶ
2241 4967 2560 5032 δανείζωσιν
2611 4971 2895 5045 ἀργύριον,
2943 4975 3105 5048 χάριν
3155 4975 3525 5047 ὁμολογοῦμεν
3580 4974 3675 5029 τοῦ

2097 5049 2311 5121 χρόνου,
2350 5051 2470 5105 καθ’
2501 5052 2561 5105 ὃν
2589 5054 2655 5126 δὴ
2702 5056 3006 5123 ἐδάνεισαν,
3039 5060 3140 5113 οὐκ
3168 5057 3589 5128 ἀγανακτοῦμεν
3616 5060 3678 5114 δὲ

2096 5133 2237 5216 ύπέρ
2285 5133 2380 5188 τοῦ
2428 5137 2643 5208 χρόνου,
2693 5140 2813 5194 καθ’
2839 5142 2897 5197 ὃν
2938 5142 3386 5216 ἀφαιροῦνταιτά
3412 5143 3556 5198 ἴδια·
3596 5141 3678 5213 τῷ

2093 5214 2213 5286 Θεῷ
2238 5217 2295 5270 δὲ
2320 5217 2388 5271 τά
2408 5219 2574 5274 αὑτοῦ
2605 5222 2914 5296 βουλομένῳ
2936 5214 3122 5281 λαϐεῖν
3139 5226 3529 5297 ἐγκαλέσομεν,
3550 5227 3674 5280 εἰπέ

2097 5316 2184 5371 μοι
2207 5317 2221 5367 ;
2251 5303 2345 5356 καὶ
2374 5302 2491 5367 πῶς
2508 5306 2623 5360 ὀὐκ
2645 5308 2880 5381 ἐσχάτης
2913 5310 3083 5365 ταῦτα
3102 5312 3320 5379 ἀνοίας;
3362 5310 3501 5364 Ἀλλ’
3524 5311 3626 5381 οὐχ
3641 5309 3674 5364 6

2095 5383 2266 5468 μέγας
2298 5387 2393 5467 καὶ
2411 5393 2655 5458 γενναῖος
2698 5392 2817 5446 Ἰὼϐ
2845 5392 3019 5459 οὕτως
3048 5396 3331 5468 ἐποίησεν*
3364 5396 3486 5451 οὐδὲ
3508 5396 3674 5467 ἡνίκα

2089 5467 2362 5542 ἐλάμϐανε
2386 5474 2567 5545 μόνον,
2598 5475 2734 5531 ἀλλά
2749 5479 2843 5532 καὶ
2864 5479 3023 5551 ἡνίκα
3042 5467 3313 5554 ἀφῄρητο,
3343 5483 3504 5556 χάριν
3523 5484 3673 5556 ὡμο-

2145 5627 2176 5669 δ
2200 5629 2260 5680 Sa
2268 5629 2349 5682 vi].
2376 5634 2678 5688 ἐπιτείνοντα.

2148 5694 2174 5771 ἶ
2220 5693 2387 5771 ξέῗξῧ.
2418 5698 2477 5745 Et
2521 5698 2808 5771 ἀνθβκὲἷαν
2834 5704 2960 5771 ,ἡμῖν
3223 5706 3345 5757 Inde
3391 5720 3672 5771 pronomen

2089 5753 2199 5816 ἡμῖν
2224 5758 2517 5823 recepimus,
2537 5753 2669 5825 qubd
2692 5753 2983 5818 Monm'hon
3010 5753 3414 5822 εόῖἆοι-ιιίξ-Εοιτῗ
