3896 6230
264 286 367 349 281

262 406 587 477 quippeest,
609 401 696 474 qui
726 399 841 456 huic
860 399 1038 456 omnia
1063 401 1285 472 peragit,
1309 409 1364 456 et
1390 416 1583 474 corpus
1603 401 1848 473 castigat,

262 505 323 550 ut
365 494 542 549 anima
606 492 937 548 emendetur.
989 495 1073 548 An
1112 507 1242 548 vero
1280 492 1421 548 Deus
1467 494 1581 548 haec
1627 495 1852 564 peragit,

265 589 407 644 dicet
431 585 662 656 aliquis?
698 585 793 641 Ille
821 598 947 640 vero
974 585 1092 639 hate
1119 586 1355 656 peragit;
1381 586 1626 656 quamvis
1659 584 1853 642 civitas

259 675 440 730 omnis
477 675 718 742 adesset,
765 675 1006 746 quamvis
1044 675 1324 732 universus
1363 676 1508 731 orbis
1554 684 1848 743 terrarum,

265 766 370 822 hoc
390 764 578 823 dicere
599 782 688 823 me
711 781 820 822 non
845 767 1060 837 pigebit.
1087 767 1262 836 Atque
1285 767 1486 822 utinam
1515 767 1636 822 tuba
1659 767 1854 822 clarior

261 857 396 914 mihi
419 871 519 912 vox
537 867 700 923 esset,
724 867 885 928 atque
900 857 953 912 in
969 857 1179 914 sublimi
1197 858 1314 913 loco
1334 872 1544 927 possem
1560 858 1854 914 consistere

262 959 424 1021 atque
466 949 712 1005 omnibus
747 950 1079 1020 proclamare
1116 964 1181 1006 ac
1225 950 1494 1006 testificari
1543 950 1707 1005 Deum
1751 949 1850 1004 ista

263 1051 542 1114 praestare.
585 1041 767 1113 Neque
794 1056 905 1112 prae
932 1042 1092 1097 nimia
1121 1041 1419 1112 arrogantia
1448 1041 1562 1097 lucc
1585 1057 1615 1096 a
1642 1057 1731 1098 me
1765 1042 1852 1096 di-

261 1143 491 1200 cuntur,
540 1133 635 1189 sed
681 1135 1020 1189 assistentem
1061 1132 1238 1189 habeo
1280 1132 1590 1203 prophetam
1643 1147 1852 1188 mecum

264 1227 587 1281 clamantem
621 1240 686 1280 ac
708 1225 994 1289 dicentem.
1029 1225 1154 1295 quia
1198 1223 1313 1278 Non
1341 1234 1413 1279 est
1438 1225 1630 1278 ntalt'lia
1655 1223 1706 1278 in
1724 1223 1853 1278 ciui-

262 1326 388 1384 tate,
418 1333 570 1387 quam
589 1332 688 1371 non
712 1317 885 1388 fecerit
911 1315 1164 1370 Dominus
1191 1315 1366 1386 (Amos
1390 1315 1444 1370 3.
1469 1315 1544 1386 6):
1564 1323 1648 1370 est
1674 1323 1852 1371 autem

262 1422 464 1464 nomen
486 1407 835 1477 :cquivocum,
859 1407 1080 1473 malitia,
1108 1415 1161 1461 et
1183 1407 1460 1477 utriusque
1483 1405 1850 1476 appellationis

261 1497 391 1553 volo
418 1514 514 1554 vos
555 1508 795 1554 exactam
837 1497 1274 1567 significationem
1315 1497 1576 1560 ediscere,
1617 1511 1686 1551 ne
1717 1494 1852 1552 forte

261 1599 486 1665 propter
499 1590 747 1646 dictionis
761 1590 1180 1661 ambiguitatem,
1201 1598 1444 1645 naturam
1462 1587 1852 1644 confundentes

260 1698 449 1739 rerum
470 1682 523 1736 in
552 1681 936 1751 blasphemiam
967 1679 1233 1735 incidatis.

335 1773 392 1828 5.
421 1771 634 1826 Malitia
655 1787 835 1826 nomen
863 1771 1016 1825 uariis
1040 1770 1203 1825 modis
1221 1766 1668 1840 accipitur.-—Est
1692 1767 1852 1840 igitur

263 1863 492 1929 malitia,
515 1879 633 1935 quae
659 1879 787 1919 vere
810 1863 1009 1919 malitia
1039 1871 1142 1929 est,
1173 1861 1474 1928 fornicatio,
1503 1862 1848 1929 adulterium,

258 1956 505 2022 avaritia,
543 1963 600 2012 et
630 1956 908 2011 innumera
946 1954 1106 2020 mala,
1148 1969 1266 2024 qua:
1293 1952 1516 2009 summis
1537 1953 1850 2008 criminibus

259 2047 645 2118 suppliciisque
685 2056 811 2102 sunt
840 2046 1020 2117 digna.
1049 2046 1254 2104 Rursus
1279 2055 1365 2101 est
1386 2044 1605 2112 malitia,
1638 2045 1719 2099 vel
1750 2059 1850 2114 po-

261 2141 372 2196 tius
396 2153 501 2193 non
523 2147 630 2205 est,
655 2138 748 2192 sed
777 2138 976 2193 dicitur
1003 2137 1222 2203 malitia,
1253 2136 1440 2202 fames,
1471 2135 1656 2206 pestis,
1680 2151 1845 2203 mors,

259 2230 545 2300 aegritudo,
589 2240 646 2285 et
677 2229 782 2284 alia
811 2228 1094 2298 ejusmodi.
1122 2227 1249 2284 Haec
1275 2229 1416 2283 enim
1442 2243 1546 2282 non
1576 2236 1701 2282 sunt
1722 2243 1849 2284 vere

260 2321 402 2378 mala
423 2338 436 2374 :
457 2329 732 2390 propterea
754 2321 861 2376 dixi
888 2329 1089 2375 tantum
1116 2319 1392 2389 appellari.
1414 2317 1552 2386 Quid
1574 2319 1670 2373 ita?
1694 2317 1846 2385 Quod

258 2414 306 2467 si
350 2412 488 2466 mala
531 2421 733 2475 essent,
777 2411 1038 2467 bonorum
1081 2410 1235 2466 nobis
1272 2425 1449 2464 causa:
1493 2425 1598 2464 non
1645 2417 1844 2477 essent,

256 2502 388 2557 dum
431 2502 788 2572 arrogantiam
830 2501 1146 2571 reprimunt,
1190 2509 1461 2571 torporem
1488 2500 1764 2556 excutiunt
1791 2510 1848 2557 et

259 2595 328 2648 ad
351 2593 682 2665 diligentiam
708 2593 946 2657 incitant,
975 2593 1100 2647 dum
1134 2593 1444 2648 attentiores
1471 2608 1570 2648 nos
1595 2594 1845 2650 reddunt.

257 2683 391 2738 Cum
417 2685 582 2752 enim,
624 2684 813 2755 inquit,
841 2685 1084 2738 occideret
1110 2700 1214 2749 eos,
1243 2693 1359 2738 tunc
1385 2684 1670 2756 quwrcbaut
1697 2699 1846 2740 eum:

256 2785 308 2828 et
332 2775 722 2842 revertebantur,
752 2787 800 2829 et
832 2775 1057 2830 diluculo
1085 2775 1342 2830 veniebant
1381 2776 1449 2829 ad
1487 2774 1647 2830 Deum
1668 2775 1842 2844 (Paul.

257 2864 349 2919 77.
382 2864 493 2934 54).
519 2863 773 2919 Malitiam
799 2863 957 2934 igitur
984 2865 1120 2920 hanc
1141 2863 1290 2930 dicit,
1316 2881 1434 2935 qua:
1455 2866 1694 2936 corrigit,
1722 2881 1844 2938 quin

255 2953 432 3009 reddit
460 2954 712 3020 illustres,
752 2970 869 3025 qua:
911 2954 1274 3026 diligentiores
1301 2954 1483 3022 efﬁcit,
1512 2971 1632 3026 qua:
1673 2955 1842 3024 philo-

253 3045 499 3116 scphiam
543 3047 748 3114 inserit,
777 3061 882 3101 non
913 3046 1056 3102 illam
1098 3046 1423 3102 accusationi
1466 3056 1520 3102 et
1553 3047 1844 3117 reprehen-

255 3122 396 3192 sioni
439 3135 748 3191 obnoxiam.
779 3135 913 3192 Nam
956 3137 1044 3191 illa
1073 3136 1164 3191 Dei
1196 3152 1333 3207 opus
1359 3153 1462 3192 non
1493 3147 1594 3202 est,
1621 3137 1717 3193 sed
1740 3155 1840 3192 no-

253 3237 388 3284 strae
413 3227 699 3282 voluntatis
725 3228 1017 3290 inventum,
1041 3227 1156 3282 lucc
1182 3238 1359 3284 autem
1388 3228 1454 3282 ad
1482 3229 1623 3284 illam
1653 3229 1842 3285 tollen-

250 3318 377 3375 dam
406 3319 641 3376 instituta
666 3329 771 3376 est.
799 3320 1052 3376 Nalitiatn
1092 3320 1252 3391 igitur
1280 3321 1416 3377 hanc
1435 3321 1664 3391 appellat
1701 3321 1840 3377 allii-

247 3412 510 3477 ctioncm,
539 3427 656 3481 qua:
684 3413 838 3467 nobis
853 3428 918 3466 ex
943 3411 1220 3482 suppliciis
1241 3412 1412 3468 oritur
1430 3453 1446 3478 ,
1495 3427 1600 3466 non
1631 3427 1697 3467 ex
1743 3427 1838 3468 sua

249 3511 466 3567 natura,
487 3501 582 3558 sed
613 3517 679 3558 ex
705 3502 978 3557 hominum
1005 3504 1257 3573 opinione
1285 3504 1390 3559 tale
1424 3502 1500 3558 illi
1523 3518 1716 3560 nomen
1748 3504 1840 3560 im-

251 3609 479 3664 ponens.
501 3592 632 3650 Nam
659 3595 909 3663 quoniam
939 3595 1192 3650 malitiam
1239 3594 1473 3649 solemus
1499 3610 1691 3650 vocare
1730 3610 1836 3652 non

249 3684 392 3739 furta
461 3685 635 3740 solum
709 3694 767 3742 et
815 3685 1108 3753 adulteria,
1157 3685 1251 3742 sed
1275 3688 1434 3742 etiam
1482 3687 1834 3754 calamitates,

248 3791 316 3831 ex
351 3776 623 3832 hominum
654 3778 917 3834 sententia
956 3778 1027 3834 ita
1065 3793 1178 3834 rem
1212 3779 1511 3849 appellavit.
1539 3779 1651 3834 lloc
1677 3780 1838 3851 igitur

247 3874 360 3928 est.
390 3867 532 3936 quod
558 3868 630 3925 ait
659 3869 936 3937 propheta,
967 3869 1090 3938 quia
1123 3867 1247 3923 Non
1286 3878 1361 3923 est
1387 3869 1581 3923 malitia
1617 3871 1670 3924 in
1709 3871 1835 3924 civi-

249 3968 376 4026 tate,
404 3975 554 4029 quem
575 3976 676 4015 non
700 3961 871 4032 fecerit
893 3959 1143 4016 Dominus
1155 3961 1334 4030 (Amos
1363 3961 1415 4015 5.
1445 3959 1524 4029 6).
1543 3960 1656 4016 Hoc
1675 3961 1834 4018 etiam

249 4064 351 4120 per
378 4049 567 4104 Isaiam
597 4060 753 4106 antea
787 4050 1105 4120 signiﬁcavit
1142 4052 1316 4116 Deus,
1363 4066 1485 4106 cum
1511 4052 1688 4107 dixit:
1724 4052 1834 4123 Ego

245 4142 393 4199 Deus
421 4145 611 4214 faciens
631 4160 828 4214 pacem,
853 4153 900 4199 et
919 4161 1098 4200 creans
1122 4145 1257 4199 mala
1289 4143 1439 4217 (lsai.
1477 4145 1567 4201 45.
1599 4146 1674 4216 7);
1694 4145 1834 4202 mala

245 4249 440 4291 rursus
453 4234 789 4291 calamitates
810 4235 1104 4307 appellans.
1129 4235 1280 4292 Hanc
1298 4237 1456 4291 etiam
1474 4235 1717 4292 Christus
1730 4251 1834 4291 ma-

245 4326 418 4382 litiam
447 4328 498 4382 in
525 4327 828 4398 Evangeliis
845 4327 1165 4394 subindicat,
1184 4345 1304 4384 cum
1326 4329 1599 4400 discipulis
1617 4333 1690 4384 ita
1708 4330 1836 4387 dicit

244 4415 449 4485 Suﬂicit
477 4418 576 4472 diei
602 4419 795 4472 ntalitia
813 4434 905 4472 sua
919 4417 1132 4486 (Matth.
1157 4418 1211 4474 6.
1232 4417 1344 4490 51),
1371 4418 1473 4475 hoc
1491 4428 1575 4474 est
1592 4419 1830 4486 afﬂictio,

241 4508 489 4564 miseria.
517 4507 709 4579 Liquet
749 4504 915 4580 igitur
932 4510 1164 4581 undique
1187 4510 1442 4566 malitiam
1470 4511 1556 4568 hic
1571 4528 1692 4567 eum
1721 4528 1833 4583 pte-

243 4617 352 4656 nas
379 4603 668 4670 appellare,
699 4617 831 4673 quas
843 4611 897 4657 ct
922 4603 1038 4674 ipse
1053 4604 1207 4660 nobis
1224 4605 1349 4658 dum
1369 4604 1832 4661 infertmaximum

239 4707 364 4751 sum
392 4708 535 4746 cura:
557 4707 621 4748 ac
649 4693 994 4763 providentia:
1019 4710 1190 4766 genus
1204 4695 1436 4751 exhibet.
1458 4696 1589 4752 Nam
1627 4707 1684 4753 et
1713 4714 1828 4754 me-

239 4784 422 4846 dicus,
455 4799 558 4838 non
573 4800 693 4840 cum
711 4801 908 4856 aegrum
937 4787 991 4841 in
1014 4786 1196 4842 hortos
1214 4803 1276 4843 ac
1293 4798 1440 4858 prata
1456 4789 1690 4856 deducit,
1712 4791 1831 4846 lau-

239 4875 461 4931 dandus
477 4887 560 4931 est
584 4887 806 4944 tantum,
825 4895 924 4934 nec
945 4882 1133 4935 cumin
1154 4881 1342 4937 balnea
1352 4883 1645 4952 etpiscinas
1670 4901 1832 4957 aqua-

239 4982 496 5032 rum,nec
509 4984 630 5023 cum
640 4971 914 5040 opiparem
933 4987 1168 5027 mensam
1184 4975 1421 5044 apponit,
1435 4975 1530 5030 sed
1546 4985 1734 5031 etcum
1749 4977 1832 5047 je-

237 5057 435 5128 junum
447 5059 597 5127 jubet
612 5076 849 5126 manere,
864 5077 983 5116 cum
997 5063 1135 5118 fame
1149 5072 1357 5134 torquet
1367 5074 1423 5119 et
1433 5065 1516 5120 siti
1537 5067 1824 5132 excruciat,

239 5165 372 5205 cum
403 5150 541 5205 lecto
582 5151 768 5222 afﬁgit,
809 5163 862 5208 et
888 5153 1106 5210 donmm
1153 5157 1414 5212 convertit
1443 5157 1494 5213 in
1531 5173 1826 5228 carcerem,

238 5254 371 5295 eum
397 5240 514 5310 ipso
533 5241 736 5299 lumine
763 5243 908 5301 illum
937 5247 1110 5315 privat
1147 5261 1212 5302 ac
1237 5247 1452 5303 domum
1483 5249 1716 5321 undique
1745 5261 1826 5306 ta-

241 5332 461 5402 petibus
506 5335 812 5400 obumbrat,
851 5353 976 5392 cum
1019 5347 1167 5394 secat
1199 5347 1255 5394 et
1295 5341 1434 5406 urit,
1474 5355 1593 5396 cum
1637 5341 1828 5400 acerbe

242 5425 473 5495 porrigit
514 5425 918 5494 medicamenta,
962 5443 1030 5483 ex
1055 5443 1208 5499 aequo
1231 5429 1469 5487 medicus
1491 5439 1592 5486 est.
1622 5433 1827 5492 .Annon

239 5516 412 5586 igitur
435 5517 722 5574 absurdum
755 5529 859 5588 est,
886 5521 1033 5577 illum
1078 5531 1156 5577 tot
1195 5523 1348 5578 malis
1375 5523 1536 5579 illatis
1563 5523 1827 5585 medicum

240 5620 462 5673 vocare,
487 5606 653 5663 Deum
682 5625 828 5677 vero,
859 5611 902 5666 si
931 5611 1059 5682 quid
1087 5612 1194 5668 tale
1218 5613 1548 5682 praestiterit,
1591 5612 1824 5682 exempli

238 5713 430 5771 ausa,
459 5701 510 5758 si
526 5701 720 5764 famem
744 5715 835 5759 aut
865 5715 1090 5761 mortem
1129 5706 1406 5776 invexerit,
1431 5704 1822 5778 blasphemare.

570 5797 830 5858 Partica.
877 5797 993 5859 Gn.
1041 5799 1264 5860 XLIX.

1045 295 1388 356 DEMONES
1422 295 1558 353 NON
1599 294 2018 354 CUBERNARE
2057 297 2368 356 MUNDUM.
2413 298 2639 356 liOMlL.
2683 297 2724 354 ι.

3428 293 3533 352 952

1959 409 2120 473 atque
2138 401 2209 457 illi
2231 416 2417 458 curam
2444 401 2678 459 universi
2719 400 3038 460 detrahere!
3066 412 3210 474 atqm
3243 419 3400 462 verus
3424 403 3542 463 meé

1957 494 2109 550 dicus
2122 504 2205 551 est
2222 495 2334 563 ipse
2352 494 2497 550 solus
2511 504 2562 550 et
2580 495 2877 552 animarum
2895 505 2947 550 et
2964 509 3266 565 corporum.
3283 495 3540 564 Quocirca

1957 599 2325 655 smpenumero
2362 595 2605 643 naturam
2632 594 2867 642 nostram
2894 601 2958 642 ex
2987 586 3149 642 nimia
3183 588 3535 658 prosperitate

1959 676 2302 732 insultantem
2349 675 2776 747 deprehendens,
2819 687 2874 733 et
2915 679 2999 733 cui
3043 678 3153 748 jam
3201 689 3539 750 peccatorum

1959 765 2122 822 febris
2167 769 2457 838 ingrueret,
2501 778 2759 839 egestate,
2806 769 2966 837 fame,
3005 779 3177 826 morte
3222 787 3286 828 ac
3334 774 3543 828 caitcris

1958 859 2211 912 arumnis
2242 859 2467 930 aliisque
2501 861 2905 916 medicamentis
2931 863 3032 919 sibi
3069 863 3208 919 notis
3228 864 3296 921 ab
3321 864 3540 935 egritu-

1958 948 2084 1004 dine
2114 949 2258 1003 illam
2289 949 2498 1007 liberat.
2532 951 2691 1020 Atqui
2733 967 2993 1022 pauperes
3037 955 3136 1010 soli
3182 955 3376 1014 famem
3421 970 3546 1016 sen-

1961 1039 2114 1102 tiunt,
2140 1041 2324 1112 inquit.
2371 1041 2475 1097 Sed
2501 1059 2610 1098 non
2634 1043 2744 1098 sola
2767 1042 2908 1100 fame
2931 1046 3174 1116 castigat,
3203 1063 3385 1105 verum
3423 1048 3546 1108 aliis

1957 1144 2171 1201 quoque
2207 1132 2500 1188 innumeris
2538 1150 2554 1187 :
2583 1148 2648 1189 ac
2673 1143 2983 1203 paupertate
3015 1137 3227 1204 quidem
3277 1153 3541 1208 pressum.

1958 1234 2103 1290 smpe
2148 1221 2288 1278 fame
2333 1233 2582 1280 vexatum
2624 1224 2964 1288 emendavit;
3008 1225 3231 1285 divitem.
3277 1236 3456 1288 autem
3492 1239 3545 1285 et

1957 1313 2149 1382 opibus
2193 1313 2548 1370 abundantem
2593 1315 2863 1384 periculis,
2910 1316 3132 1383 morbis,
3159 1317 3372 1377 acerbis.
3389 1317 3533 1372 funu-

1959 1404 2140 1470 ribus;
2185 1406 2356 1462 solers
2384 1408 2526 1465 enim
2553 1416 2655 1473 est,
2691 1408 2847 1480 eique
2876 1408 3020 1466 varia
3048 1421 3334 1481 suppetunt
3361 1412 3544 1468 salutis

1959 1504 2156 1550 nostra:
2185 1497 2588 1557 medicamenta.

2029 1583 2168 1641 Deus
2196 1588 2406 1658 puniens
2425 1600 2749 1658 comparatur
2771 1607 2884 1646 cum
2893 1591 3176 1662 judicibtts.
3207 1623 3278 1634 --
3303 1590 3378 1649 .lta
3401 1608 3538 1658 quo-

1956 1691 2060 1746 que
2085 1676 2282 1734 faciunt
2306 1677 2642 1746 judicestoon
2669 1680 2961 1738 honoribus
2993 1692 3192 1744 tantum
3224 1684 3461 1744 afficiunt
3488 1694 3538 1743 et

1955 1777 2211 1822 coronant
2244 1766 2450 1826 urbium
2481 1768 2704 1834 incolas,
2731 1785 2901 1842 neque
2917 1771 3054 1826 dona
3079 1781 3284 1832 tantum
3304 1773 3541 1844 largiun-

1958 1866 2044 1914 tur
2067 1899 2083 1924 ,
2115 1859 2211 1915 sed
2253 1867 2312 1916 ct,
2345 1873 2713 1929 saepenumero
2740 1863 2980 1932 puniunt.
3015 1865 3300 1934 Propterea
3340 1865 3544 1935 gladius

1957 1951 2166 2005 illorum
2195 1951 2470 2006 exacuitur
2490 1993 2505 2018 ,
2534 1961 2588 2008 et
2613 1952 2863 2010 barathra
2903 1966 3155 2024 parantur
3176 1997 3192 2022 ,
3223 1966 3278 2010 ct
3311 1967 3424 2012 rota
3445 1998 3460 2021 ,
3490 1966 3546 2014 et

1955 2042 2188 2112 equulei,
2212 2050 2266 2098 et
2293 2043 2590 2109 carniﬁces,
2612 2053 2668 2098 et
2689 2044 2789 2100 alia
2815 2044 3093 2105 innumera
3117 2062 3311 2116 genera
3341 2048 3514 2118 suppli
3529 2077 3545 2088 -

1953 2132 2179 2188 ciorum.
2208 2133 2358 2202 Quod
2383 2133 2545 2204 igitur
2581 2142 2665 2188 est
2701 2135 2841 2204 apud
2879 2135 3090 2203 judices
3135 2136 3372 2192 carnifex
3397 2179 3413 2204 ,
3440 2119 3542 2194 hoc

1953 2221 2092 2292 apud
2121 2223 2285 2282 Deum
2311 2233 2394 2278 est
2420 2223 2605 2290 fames,
2636 2239 2755 2295 qua:
2781 2234 3045 2296 tamquam
3077 2225 3308 2281 carnifex
3337 2243 3436 2281 nos
3455 2243 3544 2282 ca-

1953 2315 2113 2386 stigat
2144 2325 2199 2372 et
2228 2330 2257 2368 a
2285 2315 2411 2372 vitio
2435 2327 2669 2371 revocat.
2702 2317 2844 2372 idem
2875 2325 2930 2372 et
2959 2318 3010 2370 in
3040 2317 3287 2387 agricolis
3317 2334 3540 2378 cernere

1954 2407 2081 2465 licet
2108 2424 2123 2462 :
2148 2423 2258 2463 non
2281 2408 2422 2464 enini
2451 2415 2654 2466 tantum
2681 2409 2916 2464 radicem
2971 2409 3234 2480 ohtegunt
3293 2409 3419 2466 vitis
3481 2420 3536 2470 ct

1950 2500 2356 2556 circumvallant
2377 2500 2614 2572 scpibus,
2644 2501 2738 2558 sed
2768 2501 2927 2556 etiam
2958 2510 3234 2571 amputant
3257 2511 3312 2556 ct
3341 2502 3541 2562 multos

1954 2590 2200 2660 palmites
2235 2594 2478 2646 resecant
2508 2609 2523 2644 :
2553 2591 2752 2645 idcirco
2793 2606 2897 2644 non
2936 2590 3166 2660 ligonem
3199 2600 3401 2646 tantum
3441 2592 3540 2646 ha~

1952 2681 2080 2740 bent
2103 2683 2200 2749 illi,
2232 2681 2326 2739 sed
2351 2691 2402 2738 et
2435 2682 2622 2739 falcem
2649 2690 2826 2752 aptam
2854 2682 2920 2735 ad
2947 2681 3255 2736 secandum.
3287 2682 3537 2740 Attamen

1951 2773 2070 2832 illos
2113 2789 2218 2830 non
2268 2773 2707 2841 reprehendimus
2725 2813 2745 2839 ,_
2769 2771 2862 2830 sed
2905 2781 2959 2827 et
3010 2773 3127 2828 illos
3165 2781 3272 2827 tum
3304 2773 3539 2835 maxime

1950 2863 2247 2931 laudamus,
2276 2881 2396 2922 cum
2429 2863 2631 2920 inutilia
2657 2864 2820 2918 multa
2852 2862 3138 2918 viderimus
3161 2863 3228 2918 ab
3255 2863 3359 2918 illis
3388 2879 3538 2920 rese-

1948 2966 2055 3024 cta,
2082 2965 2140 3012 ut
2160 2957 2439 3026 superfluis
2464 2957 2692 3026 rejectis,
2725 2972 2843 3026 qutc
2866 2965 3144 3010 remanent
3171 2955 3382 3012 saniora
3414 2956 3536 3012 red~

1947 3047 2163 3106 dantur.
2198 3049 2389 3107 Atmon
2419 3048 2578 3117 igitur
2605 3047 2891 3104 absurdum
2919 3057 3018 3112 cst.
3047 3059 3249 3118 patrem
3277 3048 3488 3119 quidem
3519 3090 3535 3115 ,

1945 3151 2002 3199 et
2030 3141 2318 3206 medicum,
2344 3151 2401 3197 et
2421 3141 2655 3210 judicem
2682 3182 2697 3207 ,
2717 3151 2774 3195 et
2799 3141 3084 3210 agricolam
3112 3142 3407 3212 approbare
3430 3183 3446 3207 ,
3474 3157 3536 3198 ac

1947 3246 2119 3302 neque
2145 3231 2294 3286 illum
2323 3231 2448 3286 dum
2477 3232 2640 3286 lilium
2672 3231 2818 3300 pellit
2845 3246 2908 3286 ex
2937 3231 3168 3296 milibus,
3207 3247 3378 3302 neque
3419 3248 3534 3286 mr-

1945 3320 2121 3376 dicum
2152 3321 2277 3376 dum
2305 3329 2517 3392 torquet
2541 3329 2819 3391 aegrotum,
2851 3335 3020 3390 neque
3042 3319 3273 3388 judiccm
3295 3320 3420 3382 dum
3444 3337 3533 3375 ra-

1943 3412 2103 3480 stigat
2125 3453 2140 3475 ,
2164 3413 2336 3480 neque
2367 3411 2651 3481 agricolam
2681 3409 2807 3466 dum
2834 3418 3104 3480 amputat,
3139 3411 3534 3479 reprehendere

1943 3506 2030 3558 vel
2077 3518 2366 3568 accusare;
2393 3503 2556 3559 Deum
2605 3517 2766 3566 vero,
2795 3502 2839 3556 si
2877 3500 3090 3572 quando
3129 3516 3225 3556 nos
3266 3511 3530 3571 tamquam

1942 3598 2130 3667 capitis
2175 3597 2464 3667 gravedine
2504 3596 2806 3651 laborantes
2848 3611 2912 3650 ex
2952 3595 3113 3648 nimia
3141 3594 3375 3650 excitare
3402 3596 3528 3654 velit

1941 3687 2200 3744 ebrietate
2218 3730 2234 3753 ,
2262 3703 2420 3758 quam
2449 3688 2652 3744 malitia
2680 3687 2990 3758 ingenerat,
3018 3702 3240 3756 carpere
3279 3698 3331 3742 et
3375 3688 3533 3744 inno-

1944 3779 2108 3833 meris
2160 3781 2416 3849 impetere
2466 3778 2964 3834 criminationibus?
3016 3780 3206 3834 Annon
3270 3790 3531 3835 extrema:

1939 3868 2223 3927 dementia:
2245 3869 2420 3936 fuerit,
2439 3885 2542 3926 non
2564 3871 2804 3926 eumdem
2825 3870 3132 3942 permittere
3157 3870 3380 3929 Domino
3399 3887 3533 3925 can-

1939 3975 2054 4016 sam
2080 3975 2229 4015 suam
2257 3961 2576 4017 defendendi
2607 3959 2928 4026 facultatem,
2957 3976 3114 4032 quam
3137 3961 3409 4016 conservis
3437 3976 3530 4016 no-

1939 4052 2064 4112 stris
2094 4051 2488 4121 permittimus?

2010 4142 2064 4198 6.
2093 4144 2217 4200 llrec
2241 4161 2270 4199 a
2289 4159 2376 4200 me
2401 4145 2600 4200 idcirco
2622 4143 2889 4210 dicuntur,
2911 4144 3050 4218 quod
3073 4159 3256 4200 eorum
3286 4145 3526 4216 ipsorum

1936 4249 2099 4291 causa
2133 4235 2434 4300 formidem,
2463 4237 2552 4306 qui
2577 4235 2786 4290 crimini
2815 4244 3047 4302 vertunt,
3074 4251 3140 4292 ne
3168 4238 3304 4291 forte
3331 4237 3527 4291 adver-

1937 4340 2031 4382 sus
2059 4327 2304 4384 stimulos
2341 4329 2713 4395 calcitrantes,
2740 4328 2901 4400 pedes
2941 4337 3253 4394 cruentent,
3287 4345 3354 4386 ne
3395 4330 3522 4386 dum

1939 4419 1990 4475 in
2016 4419 2204 4475 calum
2227 4420 2426 4491 lapides
2449 4421 2672 4490 jaciunt,
2701 4421 2963 4491 capitibus
2989 4420 3101 4478 suis
3126 4423 3344 4477 vulnera
3369 4424 3522 4478 exci-

1938 4510 2102 4582 piant.
2141 4512 2267 4567 Mihi
2296 4527 2423 4568 vero
2451 4513 2593 4568 aliud
2636 4514 2792 4585 longe
2819 4513 3034 4585 gravius
3075 4513 3361 4570 dicendum
3391 4530 3521 4588 sup-

1937 4604 2089 4674 petit.
2119 4603 2381 4662 Omittens
2399 4604 2540 4660 enim
2567 4620 2808 4674 qumrcre
2830 4606 2914 4675 (ut
2933 4605 3034 4660 hoc
3055 4606 3159 4661 illis
3181 4607 3518 4679 concedam),

1938 4710 2064 4750 num
2083 4695 2278 4749 utiliter
2305 4694 2355 4748 id
2385 4694 2538 4750 nobis
2563 4696 2841 4752 abstulerit
2867 4696 3029 4761 Deus,
3053 4695 3104 4754 id
3125 4697 3246 4751 dico
3271 4706 3472 4753 tantum
3504 4717 3518 4754 :

1935 4787 1980 4842 si
2013 4802 2130 4856 qua:
2157 4786 2278 4845 data
2310 4786 2518 4843 fuerant
2542 4787 2866 4854 abstulisset,
2899 4805 2968 4844 ne
2994 4790 3071 4846 sic
3099 4789 3312 4860 quidem
3338 4801 3521 4862 posset

1936 4879 2076 4934 ullus
2119 4879 2287 4935 Deum
2331 4895 2582 4936 accusare
2613 4899 2627 4934 :
2660 4881 2923 4952 siquidem
2955 4898 3131 4943 rerum
3175 4899 3389 4940 suarum
3418 4884 3521 4939 do-

1935 4969 2112 5025 minus
2151 4979 2284 5024 erat.
2314 4969 2463 5038 Quod
2491 4971 2534 5025 si
2563 4969 2868 5028 hominibus
2889 5015 2904 5036 ,
2933 4988 3054 5028 cum
3085 4975 3333 5043 pecunias
3363 4975 3520 5030 nobis

1933 5062 2258 5120 crediderint
2283 5071 2336 5118 et
2360 5074 2636 5135 argentum
2666 5065 3118 5137 mutuoldederint
3138 5109 3155 5134 ,
3183 5068 3378 5139 gratias
3407 5069 3519 5138 agi—

1934 5171 2054 5212 mus
2081 5155 2153 5211 ob
2181 5155 2306 5212 illud
2338 5165 2568 5228 tempus,
2598 5172 2704 5229 quo
2729 5160 2952 5216 mutuati
2982 5169 3127 5227 sunt;
3151 5175 3250 5216 nec
3275 5159 3515 5228 indigna-

1932 5263 2054 5304 mur
2077 5248 2148 5304 ob
2177 5247 2305 5304 illud
2330 5259 2558 5320 tempus,
2585 5266 2692 5322 quo
2711 5265 2740 5304 a
2765 5251 2918 5307 nobis
2938 5252 3220 5318 auferunt,
3245 5267 3364 5327 qua:
3391 5261 3515 5311 sunt

1934 5342 2145 5412 propria
2174 5359 2187 5396 :
2215 5357 2340 5400 num
2383 5343 2548 5397 Deum
2569 5383 2584 5409 ,
2611 5357 2793 5412 quaeso
2821 5383 2839 5410 ,
2874 5343 3328 5413 reprehendemus
3346 5383 3363 5408 ,
3391 5358 3511 5400 cum

1932 5443 2177 5504 repetere
2201 5448 2231 5488 a
2257 5433 2412 5490 nobis
2431 5450 2518 5490 res
2542 5449 2665 5490 suas
2688 5433 2948 5490 voluerit?
2972 5434 3090 5504 quis
3110 5448 3236 5488 vero
3260 5446 3364 5490 non
3383 5431 3512 5489 illud

1930 5533 2189 5585 extrema:
2230 5539 2351 5582 esse
2389 5525 2678 5587 dementia:
2699 5524 3049 5594 iudicaverit?
3078 5525 3146 5578 At
3165 5537 3271 5583 non
3299 5521 3369 5580 ita
3399 5537 3512 5578 ma-

1929 5630 2066 5686 gnus
2093 5631 2158 5672 ac
2182 5631 2476 5687 generosus
2502 5618 2592 5674 ille
2619 5617 2719 5672 Job
2747 5615 2872 5674 fecit
2899 5633 2912 5670 :
2945 5629 3116 5686 neque
3147 5614 3288 5670 enim
3334 5614 3508 5670 solum

1931 5720 2053 5763 cum
2091 5708 2327 5780 accepit,
2359 5708 2453 5765 sed
2482 5709 2640 5764 etiam
2672 5721 2792 5764 cum
2823 5705 3078 5777 spoliatus
3105 5715 3224 5772 est,
3248 5705 3509 5766 maximas

3086 5792 3160 5855 16
