3894 6226
428 234 520 266 3³22

422 255 523 292 τοι.)

420 347 608 419 agebat
635 345 833 419 gratias
852 384 866 411 ,
893 359 1014 400 cum
1046 345 1117 400 ita
1145 344 1347 400 diceret
1376 361 1392 398 :
1423 341 1675 397 Dominus
1699 340 1871 407 dedit,
1903 339 1998 428 Do-

419 441 584 493 minus
607 438 810 493 attalum
833 453 853 491 .·
870 437 934 491 ait
959 452 1138 491 nomen
1167 435 1376 490 Domini
1400 435 1710 489 benedictum
1733 435 1789 488 in
1814 432 1999 488 mula

423 530 538 604 {Job
584 532 637 586 t.
668 529 783 602 Ἦ).
814 529 966 599 Quod
1008 530 1053 584 si
1091 543 1190 600 pro
1230 536 1457 599 utroque
1481 527 1700 582 istorum
1730 523 1998 595 sigillatim

419 626 600 692 gratim
625 631 749 677 sunt
776 621 994 692 agenda:
1013 662 1028 687 ,
1059 633 1232 690 neque
1256 617 1432 673 minus
1454 617 1601 674 utilis
1625 625 1707 671 est
1733 615 1961 687 privatio
1978 654 1995 681 ,

416 728 573 782 quam
615 714 725 782 ipsa
770 712 974 781 largitio
998 751 1014 776 ,
1041 724 1142 781 qua
1174 709 1384 764 tandem
1412 708 1564 764 venia
1586 705 1729 778 digni
1755 706 1956 761 erimus
1976 741 1995 771 ,

386 805 505 887 ,ιιιιὶ
526 812 631 858 tam
654 804 835 857 mitem
858 801 1167 869 Dominum,
1200 808 1306 855 tam
1335 800 1643 870 benignum,
1671 806 1776 853 tam
1802 795 2001 852 sollici-

414 904 525 949 tum
546 934 562 960 ,
588 902 643 949 et
668 893 859 963 quovis
885 890 1093 947 medico
1120 889 1522 962 sapientiorem,
1545 899 1600 944 et
1627 887 1819 958 quovis
1846 895 1996 957 patre

414 982 883 1056 indulgentiorem,
913 991 969 1038 et
989 981 1170 1053 judice
1198 980 1387 1052 quovis
1405 980 1706 1050 justiorem,
1722 987 1777 1034 et
1799 979 1890 1049 qui
1916 977 1998 1031 ἀί-

413 1076 666 1147 ligentius
687 1089 846 1146 quam
871 1074 1014 1129 ullus
1040 1071 1275 1144 agricola
1305 1082 1516 1127 nostras
1543 1070 1749 1127 animas
1776 1069 1993 1137 excolit,

410 1165 564 1222 factis
586 1164 869 1221 contrariis
895 1178 1320 1231 remuneramnr,
1346 1172 1402 1219 et
1419 1177 1577 1233 quem
1601 1160 1826 1218 adorare
1844 1176 1997 1232 opor-

411 1257 529 1326 tuit,
559 1255 815 1313 adversus
840 1270 966 1313 cum
996 1254 1435 1311 stomachamur?
1457 1253 1829 1325 Quidquamne
1872 1266 1995 1309 esse

411 1359 586 1422 potest
608 1351 874 1406 amentius
894 1358 991 1405 aut
1015 1350 1281 1420 stupidius
1309 1348 1376 1404 iis
1392 1388 1409 1417 ,
1436 1348 1548 1420 qui,
1580 1362 1705 1403 cum
1732 1354 1879 1403 tanto
1901 1361 1994 1401 or-

405 1442 535 1499 dine
558 1458 645 1499 res
671 1444 780 1498 sint
802 1442 1112 1513 dispositae,
1139 1440 1325 1496 dicunt
1358 1454 1446 1496 res
1475 1448 1687 1496 nostras
1729 1438 1825 1495 Dei
1873 1451 1994 1494 esse

410 1534 743 1605 providentia
778 1549 1016 1605 curaque
1038 1534 1356 1590 destitutas?
1382 1533 1450 1589 Ut
1478 1533 1626 1589 enim
1668 1533 1714 1588 si
1740 1532 1861 1604 quis
1892 1530 1993 1587 ob-

407 1626 620 1680 scurum
657 1639 724 1681 ac
768 1625 1016 1696 frigidum
1040 1625 1213 1682 solem
1238 1639 1358 1680 esse
1385 1624 1527 1679 dicat
1546 1663 1562 1689 ,
1591 1622 1690 1679 hac
1718 1638 1816 1679 sua
1863 1637 1990 1678 sen-

407 1718 574 1773 tentia
587 1726 841 1773 extrcntae
857 1718 1096 1773 stultitia:
1117 1716 1322 1788 profert
1340 1716 1591 1772 indicium
1610 1733 1625 1770 :
1649 1717 1720 1772 ita
1736 1717 1780 1771 si
1794 1716 1992 1788 quisde

403 1807 502 1863 Dei
523 1807 858 1879 providentia
876 1823 1116 1879 curaque
1138 1806 1381 1875 dubitet,
1408 1806 1578 1862 multo
1609 1807 1776 1878 magis
1808 1822 1991 1864 amen-

406 1900 494 1955 tiae
520 1902 732 1957 crimini
758 1911 842 1957 est
870 1901 1163 1957 obnoxius.

477 1991 699 2047 Scritiei
725 1991 1011 2046 dtrmonnm
1043 1990 1294 2061 exempla.
1323 2021 1392 2031 —
1416 1988 1533 2045 Non
1565 1990 1635 2045 ita
1665 1989 1871 2046 lucidus
1910 1991 1989 2046 sol

395 2095 503 2151 est,
531 2099 593 2140 ac
622 2084 715 2138 Dei
740 2082 1070 2153 providentia
1100 2081 1378 2137 manifesta
1402 2098 1417 2135 :
1440 2088 1616 2137 tamen
1637 2071 1832 2137 audent
1860 2098 1991 2138 non-

403 2178 532 2233 nulli
560 2178 737 2234 dicere
763 2178 1035 2232 dmtttmtes
1060 2192 1147 2233 res
1174 2185 1384 2232 nostras
1405 2177 1720 2249 gubernare.
1744 2176 1880 2244 Quid
1907 2175 1989 2230 fa-

390 2271 572 2325 ciam?
598 2269 888 2340 Beuignutn
925 2268 1206 2323 Dominum
1249 2267 1447 2334 habes;
1469 2267 1667 2323 mavult
1701 2282 1731 2321 a
1771 2275 1825 2322 te
1871 2267 1987 2321 bla-

401 2361 658 2433 ephcm‘iis
680 2360 894 2428 lacessi,
924 2360 1050 2415 dum
1072 2359 1343 2431 ejusmodi
1373 2359 1534 2414 verba
1566 2359 1794 2429 profers,
1825 2375 1984 2429 quatn

394 2453 659 2521 permissa
680 2452 1012 2507 daemonibus
1039 2466 1221 2506 rerum
1244 2461 1459 2505 tuarum
1481 2464 1606 2505 cura
1632 2459 1688 2505 te
1711 2449 1991 2519 expet-ien-

396 2546 472 2597 tia
489 2545 720 2608 docere,
740 2557 846 2612 quo
875 2554 1028 2612 pacto
1055 2543 1324 2596 ammones
1349 2540 1813 2611 gnbcrnenL'l'utn
1841 2542 1985 2595 enim

405 2635 567 2703 probe
595 2634 924 2703 intelliget-es
948 2633 1270 2701 caperientia
1303 2633 1575 2702 magistra,
1607 2642 1802 2702 quanta
1829 2634 1898 2687 sit
1925 2634 1987 2687 il-

401 2725 574 2780 iorttnt
615 2725 902 2796 nequitia:
938 2724 1043 2778 imo
1093 2738 1220 2777 veto
1258 2740 1396 2778 nunc
1412 2724 1577 2777 etiam
1623 2737 1907 2793 pussumus
1936 2723 1985 2778 id

404 2825 654 2885 tanquam
703 2817 892 2886 exiguo
925 2813 1153 2884 quodam
1196 2814 1440 2883 exemplo
1470 2812 1860 2869 demonstrare.
1884 2813 1985 2870 Oo-

394 2919 685 2963 currerunt
735 2907 959 2962 Domino
1012 2906 1224 2976 quidam
1265 2920 1295 2959 a
1334 2905 1579 2960 dannone
1625 2905 1891 2974 correpti,
1916 2922 1983 2961 ex

394 3001 660 3072 sepulcris
708 3001 907 3071 egressi
941 3041 956 3065 ,
1001 3009 1055 3055 et
1100 2998 1354 3069 rogabant
1391 3013 1515 3053 eum
1557 2998 1838 3054 daemones
1865 3040 1879 3065 ,
1930 3008 1986 3053 ut

397 3093 502 3147 sibi
532 3094 858 3163 permitteret
884 3093 935 3147 in
961 3107 1173 3163 gregem
1204 3106 1483 3162 porcorum
1513 3091 1710 3147 intrare
1739 3109 1753 3144 :
1780 3102 1832 3148 et
1863 3107 1988 3162 pcr-

404 3187 567 3251 misit,
597 3194 753 3255 atquc
779 3184 853 3240 illi
887 3183 1162 3249 abeuntes,
1190 3199 1375 3239 omnes
1398 3184 1574 3237 statim
1603 3184 1654 3236 in
1685 3198 1831 3238 mare
1856 3200 1984 3254 pra:-

397 3281 585 3350 eipites
611 3278 1064 3351 cgeruntUlatth.
1083 3278 1136 3333 8.
1158 3277 1248 3331 '28.
1271 3277 1427 3347 sqq).
1449 3277 1519 3331 Ita
1551 3276 1847 3346 gubernant
1869 3276 1980 3331 dte-

394 3386 605 3427 moncs.
649 3371 806 3441 Atqui
848 3370 979 3424 nihil
1010 3369 1111 3423 illis
1149 3378 1265 3423 erat
1301 3367 1378 3422 rei
1413 3383 1535 3422 cunt
1569 3368 1776 3438 porcis;
1809 3377 1981 3422 tecum

398 3472 576 3516 autent
604 3477 817 3531 semper
846 3459 1281 3515 irreconciliabile
1308 3458 1504 3513 bellum
1553 3458 1750 3514 habent
1793 3472 1980 3514 susce-

399 3563 549 3621 ptum
578 3593 591 3615 ,
631 3563 684 3606 ct
714 3566 939 3621 pugnam
980 3550 1293 3604 acerrimam
1313 3589 1329 3615 ,
1359 3559 1415 3604 et
1449 3550 1630 3604 odium
1660 3550 1980 3606 inmortale.

402 3643 552 3708 Quod
577 3642 620 3695 si
652 3642 784 3701 .llos,
813 3641 1124 3710 quibuscum
1155 3640 1280 3693 nihil
1306 3640 1409 3693 tllis
1432 3650 1547 3694 erat
1572 3655 1884 3708 commune,
1917 3655 1983 3695 ne

401 3735 467 3787 ad
498 3734 743 3802 exiguum
775 3731 1029 3799 temporis
1054 3740 1384 3785 momentum
1417 3732 1646 3787 tolerare
1672 3734 1980 3802 potuerint,

403 3828 445 3883 si
481 3830 662 3882 hostes
686 3840 812 3881 sum
839 3836 887 3880 ct
908 3840 937 3878 a
968 3824 1158 3894 quibus
1187 3834 1442 3895 perpetuo
1470 3826 1799 3894 mordentur,
1824 3827 1985 3883 obno-

402 3920 520 3975 xios
559 3920 658 3974 sibi
699 3931 798 3972 nos
828 3915 1142 3981 habuerint,
1174 3916 1300 3986 quid
1342 3931 1446 3970 non
1481 3915 1724 3972 facient?
1752 3932 1858 3988 quo
1882 3932 1983 3972 nos

405 4011 733 4082 irrepat-abdi
763 4007 1100 4065 incommodo
1117 4008 1503 4063 nonal'licient?
1522 4009 1807 4078 Propterea
1834 4024 1983 4064 nant-

402 4121 505 4175 que
537 4107 672 4160 Detts
699 4104 750 4157 itt
766 4118 985 4174 gregem
1016 4116 1296 4172 porcorum
1320 4099 1528 4155 irruere
1557 4100 1677 4155 illos
1704 4101 1981 4171 permisit,

405 4207 461 4250 ut
481 4198 530 4250 itt
561 4198 869 4265 corporibus
899 4195 1121 4249 rationis
1141 4195 1437 4264 expertiuttt
1463 4192 1768 4246 animalium
1790 4233 1804 4257 ,
1837 4193 1982 4263 ipso-

405 4303 520 4341 rum
546 4287 831 4356 nequitiam
856 4287 1049 4343 discas.
1101 4286 1274 4355 Atque
1317 4285 1433 4338 illos
1452 4283 1667 4353 quidem
1697 4284 1882 4337 eadem
1911 4286 1986 4339 fa-

403 4392 584 4434 eturos
611 4376 770 4432 fuisse
808 4374 1169 4439 dmmoniacis,
1206 4390 1324 4445 quze
1353 4375 1548 4443 porcis,
1580 4374 1679 4428 nisi
1710 4375 1839 4429 etin
1870 4375 1980 4446 ipsa

405 4468 607 4524 insania
630 4462 836 4524 iliortttn
858 4508 872 4532 ,
900 4481 1082 4520 curam
1102 4476 1308 4536 gereret
1328 4463 1777 4520 dat-moniacorum
1805 4466 1942 4520 Deus
1966 4505 1983 4531 ,

402 4564 648 4619 omnibus
674 4558 1012 4615 manifestum
1051 4570 1152 4615 est.
1198 4560 1265 4614 Et
1305 4574 1446 4613 nunc
1473 4559 1631 4630 igitur
1652 4599 1670 4625 ,
1700 4560 1744 4614 si
1770 4560 1983 4630 quando

405 4654 599 4709 videris
625 4652 892 4706 hominem
919 4651 1172 4721 agitatum
1219 4664 1247 4702 a
1275 4650 1537 4714 daemone,
1580 4649 1858 4728 Dominum
1885 4650 1983 4705 ad-

401 4760 520 4807 ora,
546 4744 831 4816 nequitiam
871 4741 1174 4797 dmntonum
1202 4741 1367 4805 disce,
1413 4741 1673 4810 siquidem
1702 4752 1986 4814 utrumque

404 4842 457 4893 itt
488 4836 572 4891 his
586 4834 928 4892 daemoitiacis
946 4831 1167 4889 cernere
1191 4834 1336 4897 lieet,
1364 4841 1419 4887 ct
1442 4833 1532 4887 Dei
1556 4832 1932 4903 benignitatem
1963 4872 1979 4899 ,

403 4938 459 4986 et
499 4927 800 4984 daemonum
844 4925 1270 4996 improbitatem:
1300 4940 1363 4980 ac
1415 4925 1720 4979 daemonum
1770 4923 1982 4994 quidem

406 5018 800 5091 improbitatem
824 5057 840 5082 ,
860 5032 981 5071 cum
1009 5016 1225 5071 turbent
1252 5025 1306 5070 et
1332 5015 1600 5084 exagitent
1618 5015 1850 5069 animam
1877 5015 1986 5069 dm-

406 5110 671 5177 moniaci;
706 5109 796 5166 llci
815 5123 948 5165 vero
970 5107 1344 5176 benignitatem
1372 5147 1390 5173 ,
1411 5122 1540 5174 Icum
1573 5107 1640 5160 ita
1671 5121 1870 5160 szevum
1900 5105 1985 5159 in-

407 5207 666 5275 quilinum
688 5214 743 5260 et
765 5202 1034 5259 hominem
1077 5201 1408 5270 praecipitare
1437 5198 1734 5267 cupientem
1764 5197 1990 5251 retineat

341 5281 349 5300 2
407 5310 462 5355 ct
484 5305 734 5355 coerceat
756 5337 770 5361 ,
802 5309 973 5365 neque
993 5293 1135 5346 muni
1163 5307 1254 5346 sua
1275 5297 1541 5361 potestate
1570 5289 1642 5341 ttti
1670 5287 1940 5357 permittat
1967 5325 1983 5351 ,

409 5393 503 5450 sed
532 5399 729 5447 tantam
757 5389 860 5442 vim
891 5387 1027 5440 sinat
1050 5382 1337 5439 ostendere
1357 5422 1371 5448 ,
1403 5388 1541 5434 utet
1582 5378 1851 5433 hominem
1892 5393 1985 5433 ca-

410 5487 598 5556 stiget,
644 5494 698 5539 et
724 5483 934 5538 iliorttm
960 5477 1247 5551 nequitiam
1276 5476 1594 5530 manifestet.
1622 5472 1715 5527 lVis
1740 5471 1898 5527 etiam
1931 5479 1988 5527 et

413 5579 578 5631 altero
608 5590 789 5630 rursus
818 5570 1062 5638 exemplo
1079 5567 1407 5637 conspicere,
1428 5580 1529 5635 qua
1556 5563 1758 5619 ratione
1776 5560 1986 5617 daemon

412 5667 677 5738 gubernet
704 5708 720 5727 .
747 5681 866 5720 cum
904 5679 931 5717 a
966 5663 1072 5716 Deo
1099 5661 1170 5715 illi
1196 5650 1516 5730 permittitur
1543 5699 1557 5726 ,
1584 5663 1642 5712 ut
1672 5663 1985 5728 potestatem

1155 229 1213 285 5.
1250 229 1528 286 JOANNIS
1563 230 2033 289 CHRYSOSTOMI
2075 232 2391 290 ARCHIEP.
2431 233 2962 297 CONSTANTINOP.

3588 230 3696 289 254

2108 355 2261 396 suam
2291 346 2583 400 exerceat?
2626 345 2854 402 Veniant
2883 347 2974 404 tibi
3021 348 3073 403 in
3108 357 3340 406 mentem
3366 360 3615 406 amenta
3641 360 3696 406 et

2103 445 2293 503 greges
2313 432 2434 500 Job,
2460 451 2567 505 quo
2586 445 2741 506 pacto
2779 453 2885 492 uno
2913 440 3168 509 temporis
3194 450 3471 496 momento
3496 451 3699 497 cuncta

2103 528 2469 595 assumpserit,
2501 527 2816 584 miserabilis
2841 529 3128 587 liberorum
3145 533 3260 602 ejus
3290 547 3454 599 mors,
3485 532 3695 588 inﬂicta

2102 616 2314 685 corpori
2344 617 2460 687 ejus
2485 619 2633 688 plaga
2667 637 2680 672 :
2712 629 2767 676 et
2799 620 3168 679 crudelitatem
3199 665 3213 686 ,
3243 624 3693 680 inhumanitatem

2101 717 2165 760 ac
2188 706 2445 762 saevitiam
2473 709 2722 780 ncqttitite
2759 711 3062 767 daemonum
3091 714 3384 783 intuebere,
3408 724 3571 786 atque
3601 715 3694 770 in-

2101 794 2169 849 de
2191 796 2471 854 manifeste
2490 813 2803 870 cognosces,
2829 802 2875 857 si
2894 802 2995 858 hoc
3019 804 3177 859 etiam
3211 806 3520 863 universum
3543 806 3694 861 Dens

2103 885 2311 941 illorum
2339 889 2671 957 permitteret
2690 893 2955 962 potestati,
2983 892 3235 958 futurum,
3258 904 3316 950 ttt
3329 905 3522 952 cuncta
3551 911 3688 951 con-

2102 975 2385 1033 funderent
2403 987 2460 1035 ct
2482 980 2778 1049 turbarent,
2802 992 2858 1038 et
2878 983 2948 1038 ita
2976 999 3075 1039 nos
3102 993 3389 1042 trtetarent
3418 1027 3434 1052 ,
3470 995 3530 1043 ut
3552 1003 3688 1058 por—

2098 1081 2193 1122 cos
2214 1078 2271 1124 et
2292 1079 2530 1125 armenta
2549 1070 2637 1128 illa
2661 1112 2678 1139 ,
2705 1072 2784 1128 sic
2808 1082 2866 1127 ut
2894 1088 2963 1129 ne
2980 1074 3168 1145 exiguo
3183 1076 3398 1146 quidem
3425 1078 3689 1149 temporis

2099 1167 2372 1214 ntomento
2397 1159 2555 1218 saluti
2581 1171 2778 1219 nostra:
2807 1173 3025 1233 possent
3048 1180 3289 1235 parcere.
3324 1166 3380 1222 Si
3406 1167 3690 1226 dzeamnea

2096 1248 2486 1320 gubernarent,
2526 1252 2694 1309 nihilo
2726 1256 2932 1311 meliori
2970 1270 3209 1313 essemus
3248 1260 3300 1313 in
3338 1268 3480 1314 statu
3514 1275 3688 1332 quam

2096 1342 2441 1401 daemoniaci:
2492 1347 2600 1404 imo
2645 1363 2775 1404 vero
2809 1349 3061 1406 deteriori
3102 1351 3154 1407 in
3193 1361 3335 1408 statu
3375 1369 3535 1425 quam
3577 1354 3683 1411 illi.

2097 1434 2282 1506 Neque
2336 1438 2481 1494 enim
2519 1439 2637 1495 illos
2682 1440 2736 1495 in
2792 1441 3098 1498 universum
3152 1443 3361 1499 illorum
3406 1444 3683 1516 tyrannidi

2094 1530 2344 1600 exposuit
2370 1530 2542 1598 Deus;
2565 1531 2758 1604 alioqui
2786 1535 2953 1590 multo
2991 1536 3111 1592 istis
3148 1538 3388 1607 graviora
3416 1540 3556 1610 passi
3579 1554 3684 1597 es—

2095 1631 2236 1687 sent,
2265 1636 2424 1694 quam
2467 1640 2608 1680 nunc
2647 1628 2936 1696 patiuntur.
2988 1627 3104 1699 Ego
3131 1644 3262 1685 vero
3300 1631 3489 1687 lubens
3515 1647 3583 1688 ex
3609 1632 3685 1690 iis

2093 1713 2184 1782 qui
2223 1714 2324 1770 ista
2351 1713 2538 1771 dicunt
2583 1718 2884 1775 se'scitarer
2915 1761 2933 1787 ,
2963 1736 3125 1792 quam
3168 1721 3381 1778 tandem
3420 1724 3473 1779 in
3511 1724 3685 1782 rebus

2094 1806 2449 1876 prmsentibtts
2497 1809 2860 1866 confusionem
2897 1823 3122 1870 cernant
3157 1855 3173 1881 ,
3223 1824 3284 1870 ut
3340 1817 3681 1886 negotiorum

2094 1905 2397 1954 nostrorum
2439 1899 2674 1970 regimen
2716 1915 2877 1959 omne
2912 1903 3249 1961 daemonibus
3284 1907 3556 1963 tribuant?
3604 1910 3684 1963 At

2093 1990 2237 2043 enim
2254 1990 2427 2046 solem
2454 1990 2694 2048 videmus
2719 2007 2816 2062 per
2845 2002 2923 2050 tot
2946 2010 3207 2052 annorum
3239 1998 3501 2053 curricula
3525 1999 3683 2055 ordi-

2094 2093 2218 2140 nate
2243 2087 2479 2155 quotidie
2505 2086 2833 2158 gradientem
2865 2106 2879 2142 :
2905 2091 3105 2145 varium
3139 2092 3376 2148 siderum
3404 2093 3629 2149 chorum
3656 2134 3677 2161 ,

2091 2176 2182 2247 qui
2208 2191 2363 2232 suum
2391 2177 2634 2233 ordinem
2661 2189 2840 2234 servat
2858 2219 2874 2241 ,
2898 2179 3037 2235 quat
3061 2196 3250 2238 cursus
3276 2199 3563 2254 numquam
3592 2186 3680 2240 in-

2093 2274 2360 2337 terruptos
2380 2309 2395 2332 ,
2419 2268 2592 2323 r'octis
2627 2283 2693 2324 ac
2736 2269 2843 2325 diei
2883 2273 3281 2329 successionem
3321 2286 3624 2330 accuratam
3654 2294 3676 2343 ;

2091 2357 2267 2411 omnia
2295 2371 2418 2411 cum
2447 2373 2636 2427 supera
2667 2369 2778 2414 tum
2814 2360 2982 2416 infera
3013 2372 3281 2434 tamquam
3316 2364 3369 2419 in
3406 2369 3679 2424 concinna

2089 2450 2314 2519 quadam
2342 2449 2559 2519 eborea,
2594 2451 2674 2506 vel
2703 2454 2876 2523 potius
2903 2456 3071 2510 multo
3114 2457 3304 2513 melius
3337 2467 3392 2514 et
3429 2462 3677 2517 exactius

2091 2539 2295 2610 singula
2328 2555 2484 2596 suum
2522 2541 2695 2598 locum
2741 2556 2957 2600 servare
2981 2588 2995 2612 ,
3036 2561 3210 2618 neque
3233 2563 3389 2603 suum
3415 2551 3665 2608 ordinem

2092 2631 2411 2703 transgredi,
2437 2634 2721 2705 quemillis
2739 2636 2878 2691 Deus
2904 2637 2974 2692 ab
3000 2638 3151 2693 initio
3181 2641 3523 2711 prmseripsit.

2162 2723 2215 2776 7.
2245 2722 2323 2776 An
2350 2723 2416 2778 sit
2443 2725 2496 2777 in
2522 2725 2667 2779 ribus
2695 2726 2932 2782 humanis
2958 2729 3392 2797 conﬁnia—Sed
3420 2733 3546 2803 quid
3569 2734 3677 2790 ista

2090 2825 2347 2882 prosunt,
2368 2815 2510 2870 dicet
2535 2817 2725 2885 aliquis
2747 2860 2764 2885 ,
2803 2819 2944 2889 quod
2972 2822 3159 2877 emittm
3185 2823 3402 2894 quidem
3432 2835 3487 2881 et
3510 2828 3678 2883 solet

2090 2906 2234 2970 luna,
2257 2917 2312 2963 et
2335 2919 2506 2964 coetus
2527 2919 2793 2966 astrorum
2815 2954 2828 2979 ,
2852 2921 2906 2967 et
2927 2914 3029 2968 alia
3058 2925 3247 2971 cuncta
3273 2918 3496 2972 multum
3523 2920 3676 2975 ordi—

2089 3015 2210 3056 nem
2236 3016 2345 3070 pra:
2377 3016 2438 3058 se
2470 3002 2661 3065 ferant.
2696 3020 2782 3059 res
2807 3014 2985 3061 autem
3013 3019 3208 3062 nnstne
3249 3008 3575 3066 confusionis
3602 3026 3676 3067 ac

2089 3092 2498 3160 perturbationis
2525 3097 2632 3148 sint
2660 3096 2854 3164 plenas?
2869 3095 3031 3167 Cujus
3064 3099 3276 3154 tandem
3310 3099 3667 3166 confusionis,

2089 3183 2158 3236 mi
2192 3181 2352 3238 homo
2368 3223 2383 3248 ,
2415 3192 2507 3238 aut
2529 3185 2987 3255 perturbationis?
3015 3187 3104 3242 Ille
3129 3188 3277 3244 dives
3305 3199 3386 3244 est
3405 3231 3421 3257 ,
3449 3191 3622 3262 inquit
3647 3234 3670 3258 ,

2087 3282 2142 3328 et
2167 3273 2271 3327 vim
2296 3274 2439 3338 facit,
2458 3275 2596 3345 rapit
2621 3285 2677 3330 et
2703 3275 2930 3343 fraudat,
2954 3293 3242 3348 pauperum
3270 3279 3546 3336 facultates
3571 3283 3669 3339 ab-

2086 3366 2248 3420 sumit
2275 3367 2539 3435 quotidie,
2566 3382 2738 3438 neque
2762 3368 3050 3440 quidquam
3078 3371 3151 3424 illi
3180 3372 3303 3427 mali
3325 3373 3547 3439 accidit;
3583 3374 3669 3429 al-

2090 3464 2170 3510 ter
2194 3456 2435 3511 modeste
2462 3457 2608 3525 vivit,
2641 3461 3042 3529 ternperantiatu
3070 3469 3125 3516 et
3144 3461 3401 3531 justitiam
3427 3473 3667 3530 exercet,

2085 3561 2150 3602 ac
2174 3550 2381 3605 caeteris
2404 3550 2556 3605 bonis
2580 3561 2802 3607 ornatus
2826 3560 2925 3615 cst,
2955 3562 3005 3608 ct
3028 3565 3360 3625 paupertate,
3389 3557 3591 3615 morbis
3612 3568 3669 3614 et

2086 3641 2340 3695 extremis
2366 3644 2520 3695 malis
2549 3643 2820 3714 afﬂigitur.
2854 3645 3097 3702 Hmccine
3121 3654 3247 3701 sunt
3272 3662 3431 3716 ergo,
3462 3664 3582 3719 quas
3607 3657 3665 3704 te

2087 3733 2490 3788 scandalizat“?
2562 3734 2687 3789 "me
2751 3745 2914 3800 sunt,
2952 3736 3140 3807 inquit.
3214 3736 3270 3792 Si
3330 3753 3458 3809 ergo
3513 3739 3665 3793 mul-

2089 3833 2171 3878 tos
2203 3825 2384 3891 exiis,
2434 3827 2523 3897 qui
2570 3828 2824 3896 rapiunt,
2877 3828 3036 3900 afﬂigi
3083 3830 3263 3885 videas
3294 3871 3310 3895 ,
3356 3840 3413 3886 et
3453 3831 3615 3887 exiis
3643 3874 3661 3897 ,

2087 3917 2176 3984 qui
2247 3918 2440 3973 virtute
2495 3920 2698 3987 praxlili
2749 3919 2969 3986 vivunt,
3015 3921 3444 3985 nonnullos,vel
3499 3923 3665 3978 etiam

2088 4009 2399 4064 innumeros
2427 4010 2576 4064 bonis
2602 4011 2903 4076 abundare,
2928 4026 3026 4066 cur
3051 4026 3154 4066 non
3183 4014 3502 4067 sententiam
3529 4012 3669 4070 banc

2087 4097 2328 4169 deponis,
2365 4115 2535 4171 neque
2566 4101 2847 4156 Dominum
2875 4102 3100 4158 laudas?
3128 4103 3261 4171 Quia
3287 4103 3535 4159 nimirum
3566 4105 3670 4161 hoc

2089 4192 2260 4262 ipsum
2287 4203 2367 4248 est
2389 4233 2404 4258 ,
2428 4193 2567 4264 quod
2600 4210 2683 4250 me
2710 4194 2936 4264 amplius
2961 4195 3305 4250 scandalizat.
3337 4196 3445 4252 Cur
3472 4197 3616 4252 enim
3647 4237 3664 4260 ,

2087 4292 2207 4339 eum
2238 4284 2345 4339 duo
2369 4287 2474 4341 sint
2515 4286 2761 4355 improbi,
2789 4302 2925 4341 unus
2951 4287 3169 4355 punitur
3186 4327 3202 4352 ,
3231 4296 3285 4342 et
3312 4288 3450 4343 alter
3471 4289 3670 4342 evitato

2087 4377 2350 4450 supplicio
2369 4376 2615 4443 (lirCCdii,
2644 4385 2698 4433 et
2728 4392 2849 4433 cum
2877 4376 2982 4432 duo
3006 4377 3113 4432 sint
3138 4377 3262 4432 honi
3284 4419 3300 4446 ,
3332 4394 3470 4432 unus
3498 4377 3672 4433 bono-

2089 4473 2233 4526 ribus
2260 4469 2577 4530 cumulatur.
2606 4468 2741 4523 alter
2764 4468 3029 4523 continuis
3055 4469 3224 4537 panis
3245 4468 3530 4539 affligitur?
3560 4469 3672 4525 liae

2092 4561 2263 4632 ipsum
2290 4560 2448 4615 etiam
2478 4558 2821 4630 providentia:
2843 4558 3037 4612 divinae
3073 4573 3215 4629 opus
3232 4567 3313 4613 est
3353 4544 3669 4613 inanimum.

2092 4653 2144 4707 Si
2167 4652 2308 4707 enim
2337 4651 2607 4720 improbos
2630 4663 2819 4704 omnes
2846 4649 2930 4704 hic
2945 4650 3174 4721 puniret,
3206 4659 3261 4705 et
3278 4664 3465 4704 omnes
3498 4648 3673 4705 bonos

2091 4743 2382 4797 honoribus
2427 4742 2512 4796 hic
2550 4742 2787 4796 afﬁceret
2819 4782 2835 4808 ,
2876 4741 3507 4812 supervacaneusjudicii
3553 4741 3675 4797 dics

2090 4846 2255 4892 esset.
2286 4835 2490 4889 Rursus
2506 4835 2550 4888 si
2573 4833 2774 4888 nullum
2799 4833 3098 4902 improbum
3123 4832 3351 4901 puniret,
3372 4847 3473 4888 nec
3502 4832 3674 4891 nilum

2097 4928 2291 4982 bonum
2331 4928 2532 4980 honore
2569 4923 2809 4980 afﬁceret
2840 4965 2855 4988 ,
2891 4933 2947 4979 et
2988 4925 3133 4994 pravi
3161 4923 3369 4993 pejores
3395 4922 3586 4979 tierent
3610 4938 3678 4978 ac

2094 5022 2387 5079 deteriores
2415 5061 2430 5088 ,
2460 5030 2517 5075 ut
2540 5021 2627 5091 qui
2671 5020 2840 5074 multo
2871 5019 2978 5074 sint
3016 5018 3198 5089 probis
3232 5017 3679 5088 negligentiores:

2093 5125 2148 5171 et
2172 5114 2259 5184 qui
2290 5113 2659 5183 blasphemare
2684 5111 2899 5175 vellent,
2934 5111 3098 5166 Deum
3133 5110 3299 5180 magis
3319 5118 3676 5174 accusarent,

2095 5206 2359 5276 planeque
2381 5219 2464 5259 res
2488 5213 2696 5258 nostras
2721 5209 2975 5272 negarent
3002 5201 3094 5257 Dei
3123 5200 3451 5271 providentia
3478 5200 3676 5271 guber-

2097 5295 2232 5350 nari.
2256 5294 2386 5349 Nam
2427 5293 2471 5348 si
2516 5308 2657 5348 nunc
2694 5292 2852 5348 etiam
2890 5307 3011 5347 cum
3053 5291 3276 5361 improbi
3316 5291 3555 5346 nonnulli
3578 5306 3677 5361 pu-

2093 5390 2334 5456 niuntur,
2362 5397 2419 5444 et
2449 5389 2776 5442 honorantur
2815 5386 2937 5440 boni
2955 5427 2970 5452 ,
2998 5400 3151 5456 atque
3172 5385 3356 5440 dicunt
3374 5398 3465 5440 res
3482 5383 3678 5439 buma-

2096 5495 2194 5535 nas
2241 5479 2332 5534 Dei
2377 5478 2707 5548 providentia
2741 5476 2958 5532 minime
2983 5476 3128 5547 regi:
3159 5475 3205 5531 si
3234 5490 3303 5532 ne
3329 5475 3433 5531 hoc
3457 5476 3678 5546 quidem

2099 5570 2250 5625 fieret
2268 5610 2283 5637 ,
2309 5568 2435 5638 quid
2461 5584 2568 5625 non
2591 5568 2828 5623 dicerent
2857 5607 2875 5635 ,
2903 5582 3023 5637 quae
3044 5566 3205 5623 verba
3232 5581 3338 5623 non
3364 5566 3678 5623 eautirent?

2100 5663 2386 5735 Propterea
2411 5660 2667 5734 quosdam
2694 5660 2880 5733 punit,
2906 5657 3162 5731 quosdam
3183 5674 3287 5717 non
3304 5658 3453 5732 punit
3476 5672 3547 5716 ea
3573 5659 3672 5715 ina-
