3896 6230
279 204 400 263 εεσ

283 322 442 391 λόγει
473 319 758 394 μεγίστην,
789 319 991 376 οὑτωσὶ
1013 321 1225 394 λέγων’
1265 325 1322 380 '0
1360 327 1576 394 Κύριος
1629 325 1873 390 ἔδωκεν,

284 413 324 466 ὁ
352 411 569 480 Κύριος
593 410 875 480 ἀει-είλετο
895 428 911 441 ⁸
940 412 1034 481 εἴη
1068 412 1135 467 τὸ
1163 411 1354 485 ὄνομα
1382 411 1604 484 Κυρίου
1627 412 1877 484 εὐλογη-

278 493 478 568 μένον
496 501 584 565 εις
616 497 759 565 τοὺς
783 496 1022 566 αἰῶνας.
1053 501 1118 554 ΕΞ
1151 498 1208 555 δὲ
1235 496 1371 574 ὑπὲρ
1405 495 1730 573 ἀμφοτέρων
1752 498 1880 554 τού-

286 606 402 641 των
433 587 775 658 εὐχαριστεῖν
816 583 899 641 δεῖ
937 587 1032 642 καὶ
1065 588 1188 642 καθ’
1219 587 1399 655 ἐαυτδ,
1431 588 1527 643 καὶ
1558 585 1659 660 τῆς
1681 586 1881 650 δόσεως

287 677 324 747 ὴ
360 675 652 747 ἀφαίρεσις
683 676 784 728 οὐκ
827 673 1046 730 ἔλαττον
1175 673 1588 748 χρησιμωτέρα,
1619 673 1779 729 ποίαν
1816 673 1883 729 ἂν

293 763 450 835 σχοίη
461 781 559 834 μεν
591 761 943 835 συγγνώμην,
968 758 1091 816 είπέ
1120 779 1230 834 μοι,
1254 756 1345 815 τόν
1363 757 1538 826 οὕτως
1562 759 1768 834 ἥμερον
1787 759 1884 814 κα)⁸

291 851 679 923 φιλάνθρωπον
708 851 802 905 καί⁵
833 849 1128 923 κηδεμόνα,
1159 851 1254 906 καὶ
1267 847 1466 914 παντὸς
1491 849 1676 923 ἰατροῦ
1704 844 1882 920 σοφῶ-

290 954 476 1010 τερον,
506 939 602 993 καὶ
626 938 830 1002 παντὸς
855 937 1064 1009 πατρὸς
1086 936 1589 1012 φιλοστοργότερον,
1628 939 1724 991 καὶ
1747 954 1884 990 παν-

292 1027 391 1092 τὸς
424 1026 678 1082 δικαστοῦ
706 1027 1062 1099 δικαιότερον,
1093 1027 1190 1082 καὶ
1218 1026 1468 1098 γεωργοῦ
1516 1023 1719 1089 παντὸς
1770 1025 1888 1078 ἐπιο

299 1109 624 1183 μελέστερον
662 1110 762 1174 τὰς
797 1109 1076 1183 ἡμετέρας
1109 1110 1489 1182 θεραπεύοντα
1545 1109 1723 1181 ψυχὰς
1771 1111 1886 1174 τοῖς

295 1199 561 1262 ἐναντίοις
603 1199 982 1270 ἀμειϐόμενοι,
1007 1197 1112 1254 καὶι
1145 1198 1206 1252 δν
1238 1199 1564 1272 προσκυνεῖν
1589 1199 1728 1263 δέον,
1751 1199 1888 1253 ἀπο·-

295 1286 722 1353 δυσπετοῦντεςς
749 1283 898 1358 ’Ᾱρα
934 1285 1130 1356 γένοιτ’
1159 1285 1226 1341 ἀν
1281 1304 1333 1341 τι
1387 1285 1758 1358 μανικώτερον
1791 1286 1888 1340 καὶ

296 1374 760 1446 ἀναισθητότερον
794 1373 904 1428 τῶν
955 1375 1014 1428 ἐν
1069 1371 1297 1446 εὐταξίᾳ
1340 1372 1576 1445 τοσαύτῃ
1621 1371 1888 1441 λεγόντων

295 1461 721 1533 ἀποστερεῖσθαι
755 1463 856 1534 τῆς
885 1461 980 1516 τοῦ
1009 1461 1146 1516 Θεοῦ
1168 1461 1428 1533 προνοίας
1459 1463 1641 1532 ἡμᾶςς
1677 1462 1890 1532 ’Ὠσπερ

297 1551 414 1623 γάρ
462 1553 516 1605 εί
561 1567 646 1615 τις
675 1549 1003 1622 φιλονεικοίη
1054 1549 1148 1612 τὸν
1180 1550 1333 1622 ἦλιον
1359 1545 1503 1604 εἶναι
1535 1547 1767 1621 ζοφερὸν
1794 1550 1891 1604 καὶ

297 1634 531 1706 ψυχρὸν,
565 1635 803 1707 ἐσχάτης
836 1630 1270 1706 παραφροσύνης
1309 1633 1535 1705 ἐκφέρει
1575 1633 1776 1702 δεῖγμα
1819 1635 1888 1703 τῇ

297 1721 474 1794 ψήφῳ
493 1738 507 1752 °
538 1721 711 1788 οὕτως
747 1724 803 1777 εῐ
835 1741 920 1788 τις
966 1721 1300 1792 ἀμφιδάλλοι
1333 1723 1465 1792 περὶ
1505 1721 1603 1792 τῆς
1633 1721 1728 1775 τοῦ
1756 1719 1892 1775 Θεοῦ

301 1809 587 1880 προνοίας,
613 1808 822 1882 -πολλῷ
865 1809 1066 1882 μᾶλλον
1111 1809 1307 1881 μανίας
1358 1808 1702 1881 ἐγκλήμασίν
1743 1809 1894 1863 ἐστιν

297 1897 628 1962 ὑπεύθυνος.

380 1987 494 2058 Οὐχ
516 1985 689 2051 οὕτως
715 1985 864 2058 ἥλιος
887 1986 1074 2056 φανὸς,
1103 1985 1234 2058 ὡςὴ
1262 1984 1358 2040 τοῦ
1384 1983 1521 2040 Θεοῦ
1548 1985 1774 2058 πρόνοια
1800 1999 1898 2039 σαο

304 2074 452 2145 φής·
481 2073 596 2128 ἀλλ’
632 2074 782 2145 ὅμως
823 2073 1065 2144 τολμῶσί
1094 2090 1242 2138 τινες
1278 2072 1481 2142 λέγειν,
1510 2072 1594 2126 ὅτι
1643 2071 1896 2142 δαίμονες

301 2160 381 2216 τὰ
405 2160 526 2216 καθ’
546 2163 695 2233 ἡμᾶς
715 2160 998 2216 διοικοῦσι.
1021 2161 1088 2214 Τί
1127 2160 1284 2216 πάθω
1305 2177 1320 2227 ;
1342 2158 1538 2214 Φιλάνθ
1549 2177 1728 2232 ρωπον
1753 2157 1897 2230 ἔχεις

303 2247 621 2319 Δεσπότην·
661 2249 896 2322 αἱρεῖται
946 2249 1146 2320 μᾶλλον
1192 2244 1631 2319 βλασφημεῖσθαι
1664 2242 1769 2300 ὑπὸ
1801 2242 1896 2300 σοῦ

305 2335 400 2390 διὰ
436 2338 542 2390 τῶν
572 2333 830 2408 ῥημάτων
855 2331 1082 2400 τούτων,
1108 2331 1141 2408 ἢ
1170 2337 1282 2399 τοῖς
1308 2332 1555 2407 δαίμοσιν
1595 2329 1898 2403 ἐπιτρέψας

305 2419 382 2472 τά
413 2419 484 2473 σά
516 2419 698 2473 πεῖσαί
732 2438 790 2472 σε
820 2419 908 2474 διά
936 2420 1045 2474 τῶν
1092 2417 1436 2492 πραγμάτων
1486 2417 1606 2483 πῶς
1647 2416 1899 2488 δαίμονες

304 2502 594 2561 διοικοῦσι.
645 2505 779 2560 Τότε
816 2507 923 2580 γὰρ
967 2504 1034 2562 ἀν
1074 2505 1246 2577 ἔγνως
1294 2503 1476 2570 καλῶς
1527 2504 1628 2576 τὴν
1677 2504 1900 2558 ἐκείνων

308 2593 582 2665 πονηρίαν
621 2593 708 2648 διὰ
737 2597 834 2666 τῆς
883 2595 1079 2667 πείρας
1126 2593 1296 2663 αὐτῆς
1316 2611 1331 2626 ·
1355 2593 1554 2666 μᾶλλον
1583 2593 1640 2647 δέ
1678 2591 1773 2646 καὶ
1802 2590 1901 2645 νῦν

308 2681 539 2736 δυνατὸν
590 2681 717 2753 ύμῖν
768 2683 1141 2754 παραστῆσαι,
1175 2680 1252 2744 ὼς
1277 2683 1335 2734 ἐν
1367 2680 1548 2752 μικρῷ
1575 2698 1680 2734 τινι
1719 2696 1901 2750 παραο

307 2766 588 2840 δείγματιο
647 2769 989 2842 Ἀπήντησαν
1049 2768 1128 2840 τῷ
1195 2767 1416 2840 Χριστῷ
1467 2764 1902 2839 δαιμονιζόμενοι

308 2871 464 2918 τινες
501 2856 563 2908 ἐκ
593 2855 702 2910 τῶν
767 2856 1045 2926 μνημείων
1089 2855 1459 2927 ἐξερχόμενοι,
1517 2856 1613 2910 κα)⁸
1659 2853 1904 2926 παρεκά-

310 2943 443 2996 λουν
487 2943 649 2997 αὐτὸν
700 2943 750 2996 οί
805 2943 1056 3014 δαίμονες
1109 2943 1401 3016 ἐπιτρέψαι
1463 2945 1646 3007 αὐτοῖς
1691 2944 1771 3007 είς
1803 2941 1904 3010 τὴν

309 3025 518 3096 ἀγέλην
551 3026 660 3080 τῶν
712 3025 911 3097 χοίρων
964 3027 1224 3080 εἰσελθεῖν
1247 3041 1262 3056 ⁸
1309 3027 1406 3081 καὶ
1453 3025 1748 3098 ἐπέτρεψε,
1812 3024 1906 3078 καὶ

308 3110 562 3181 ἀπῆλθον
608 3111 704 3164 καὶ
753 3111 1198 3182 κατεκρήμνισαν
1239 3110 1438 3174 αὐτοὺς
1489 3109 1691 3184 εὐθέως
1733 3108 1907 3162 ἀπαν-

311 3213 450 3261 τας·
504 3197 648 3252 οὖτω
703 3197 959 3268 δαίμονες
1008 3196 1291 3252 διοικοῦσι.
1343 3195 1538 3250 Καίτοι
1597 3195 1735 3266 πρὸς
1779 3195 1906 3257 τοὺς

312 3281 536 3354 χοίρους
558 3281 734 3345 οὐδεὶς
753 3277 823 3353 ἦν
846 3282 1033 3345 αὐτοῖς
1065 3281 1223 3350 λόγος
1242 3321 1259 3347 ,
1292 3279 1427 3352 πρὸς
1458 3281 1514 3333 δὲ
1551 3279 1612 3332 σέ
1634 3280 1724 3332 ἀεὶ
1752 3275 1905 3350 [256]

314 3368 556 3440 πόλεμος
589 3369 851 3433 ἄσπονδος
910 3368 1004 3421 καὶ
1059 3367 1373 3439 ἀκήρυκτός
1432 3366 1548 3419 ἐστι
1616 3366 1782 3437 μάχη.
1815 3363 1910 3419 καὶ

314 3455 493 3528 ἔχθρα
523 3456 810 3519 ἀθάνατος.
860 3456 921 3509 Εἰ
961 3455 1018 3508 δέ
1051 3454 1296 3518 ἐκείνων,
1344 3453 1482 3524 πρὸς
1529 3453 1624 3516 οὒς
1656 3452 1808 3506 οὐδὲν
1839 3447 1909 3524 ἦν

317 3546 507 3608 αὐτοῖς
529 3544 731 3607 κοινὸν,
765 3543 887 3596 οὐδὲ
917 3540 1120 3613 μικρὰν
1149 3540 1346 3611 καιροῦ
1375 3539 1547 3612 ῥοπὴν
1567 3539 1907 3610 ἀνασχέσθαι

318 3627 649 3697 ὕπέμειναν·
678 3628 726 3679 εἰ
759 3627 887 3689 τοὺς
941 3625 1235 3696 πολεμίους
1281 3625 1466 3688 αὐτοῖς
1510 3623 1605 3677 καὶ
1644 3623 1909 3694 διηνεκῶς

319 3715 522 3778 αὐτοὺς
549 3715 845 3778 δάκνοντας
865 3713 1214 3786 ὑποχειρίους
1237 3711 1428 3767 ἐλαὸον
1457 3712 1622 3784 ἡμᾶς.
1643 3712 1696 3764 τί
1721 3712 1818 3764 ούκ
1841 3711 1908 3765 ἀν

321 3801 650 3875 εἰργάσαντο
676 3818 690 3864 ;
725 3800 779 3854 τί
812 3802 870 3855 δέ
895 3797 997 3856 οὒκ
1030 3801 1095 3856 ἂν
1120 3800 1227 3854 τῶν
1265 3800 1583 3872 ἀνηκέστων
1609 3798 1867 3870 διέθηκαν
1891 3817 1906 3861 ;

321 3885 425 3939 Διά
450 3885 556 3956 γὰρ
585 3884 741 3938 τοῦτο
770 3885 864 3938 καὶ
891 3883 918 3937 6
937 3884 1070 3947 Θεὸς
1094 3885 1307 3955 ἀφῆκεν
1331 3883 1528 3946 αὐτοὺς
1554 3883 1817 3954 ἐμπεσεῖν
1841 3883 1907 3952 τῇ

321 3973 434 4028 τῶν
464 3973 662 4046 χοίρων
691 3973 895 4044 ἀγέλη,
931 3970 998 4023 ἶν’
1025 3976 1083 4028 ἐν
1130 3973 1244 4039 τοῖς
1280 3974 1391 4028 τῶν
1436 3973 1647 4042 ἀλόγων
1696 3971 1911 4041 σώμασι

328 4061 510 4133 μάθῃς
539 4061 718 4115 αὐτῶν
757 4061 852 4114 καὶ
879 4061 978 4133 τὴν
1007 4061 1294 4133 πονηρίαν.
1320 4060 1431 4114 Καὶ
1453 4061 1535 4113 ὅτι
1565 4061 1692 4124 τοὺς
1719 4059 1910 4130 δαιμοο

327 4148 649 4220 νιζομένους
683 4149 926 4212 ἐκείνους
954 4149 1130 4202 ταῦτα
1163 4148 1228 4201 ἀν
1280 4147 1566 4217 ἐποίησαν,
1600 4146 1636 4201 ἀ
1670 4146 1913 4211 καὶτοὺς

329 4237 570 4307 χοίρους,
590 4237 639 4288 εί
673 4235 746 4307 μὴ
771 4237 868 4289 καὶ⁵
888 4237 945 4288 ἐν
975 4235 1110 4306 αὐτῇ
1131 4237 1196 4306 τῇ
1225 4235 1393 4306 μανίᾳ
1417 4234 1616 4304 πολλῆς
1637 4233 1914 4306 ἀπήλαυον

325 4321 382 4372 οἱ
411 4314 773 4382 δαιμονῶντες
799 4320 898 4387 τῆς
930 4318 1024 4370 τοῦ
1054 4317 1188 4370 Θεοῦ
1215 4317 1498 4388 προνοίας,
1525 4318 1684 4388 δῆλον
1717 4318 1910 4372 ἅπασι.

327 4407 445 4462 Καὶ
465 4405 557 4459 νῦν
582 4403 697 4472 οῦν,
717 4407 846 4459 ὅταν
881 4405 992 4478 ίδῃς
1018 4405 1307 4477 ἄνθρωπον
1327 4405 1432 4458 ὑπὸ
1454 4405 1711 4476 δαίμονος
1733 4405 1915 4459 κινούι-

335 4510 519 4564 μενον,
548 4492 924 4564 προσκύνησον
956 4493 1046 4546 τὸν
1073 4492 1374 4563 Δεσπότην,
1412 4491 1548 4563 μάθε
1580 4492 1690 4546 τῶν
1724 4493 1914 4563 δαιμό-

331 4601 444 4636 νων
473 4583 568 4653 τὴν
590 4583 870 4656 πονηρίαν·
895 4583 1183 4653 ἀμφότερα
1209 4581 1319 4653 γὰρ
1341 4581 1488 4634 ἐστιν
1522 4582 1649 4634 ἰδεῖν
1680 4582 1775 4635 ἐπὶ
1802 4581 1916 4634 τῶν

332 4670 716 4740 δαιμονῶντων
738 4671 964 4736 τούτων,
982 4671 1077 4724 καὶ
1094 4670 1195 4740 τὴν
1213 4670 1309 4722 τοῦ
1325 4669 1458 4723 Θεοῦ
1485 4668 1677 4738 φιλανθ
1687 4669 1914 4741 ρωπίαν,

331 4761 433 4814 καὶ
459 4758 558 4830 τὴν
587 4759 694 4812 τῶν
720 4759 989 4829 δαιμόνων
1014 4757 1234 4812 κακίαν·
1255 4756 1352 4829 τὴν
1387 4758 1484 4827 μέν
1511 4757 1624 4811 τῶν
1647 4757 1918 4827 δαιμόνων

329 4845 556 4911 κακίαν,
579 4849 706 4901 ὃταν
730 4848 1043 4920 ταράττωσι
1076 4847 1171 4902 καὶ
1199 4846 1470 4918 θορυϐῶσι
1493 4847 1592 4919 τὴν
1615 4846 1794 4918 ψυχὴν
1821 4845 1916 4899 τοῦ

332 4938 764 5009 παραπαίοντοςο
804 4937 902 5008 τὴν
931 4937 988 4989 δέ
1019 4937 1112 4990 τοῦ
1145 4935 1280 4990 Θεοῦ
1327 4936 1758 5008 φιλανθρωπίαν,
1791 4937 1919 4989 ὅταν

332 5025 512 5090 οὕτως
540 5027 729 5098 ἄγριον
751 5026 1002 5096 δαίμονα,
1033 5023 1241 5078 ἐνοικον
1266 5023 1395 5078 ὄντα
1423 5025 1516 5078 καὶ
1547 5024 1920 5096 ἐπιθυμοῦντα

334 5113 780 5184 κατακρημνίσαι
811 5113 900 5167 τὸν
925 5113 1233 5183 ἄνθρωπον,
1253 5112 1460 5183 κατέχῃ
1492 5112 1586 5165 καὶ
1609 5111 1815 5185 κωλύῃ.
1845 5113 1920 5184 μὴ

339 5202 647 5273 συγχωρῶν
681 5204 761 5266 είς
800 5204 946 5258 ἅπαν
988 5205 1052 5274 τῇ
1091 5202 1270 5272 οἰκείᾳ
1314 5201 1619 5273 χρήσασθαι
1655 5202 1918 5272 δυνάμει,

335 5291 480 5346 ἀλλά
497 5289 749 5345 τοσοῦτον
775 5293 1086 5363 ἐπιτρέπων
1112 5290 1448 5354 ἐνδείξασθαι
1477 5290 1574 5362 τὴν
1605 5293 1779 5361 ἰσχὺν,
1801 5292 1924 5346 ὅσον

339 5382 436 5438 καὶ
455 5381 549 5435 τὸν
573 5381 859 5453 ἄνθρωπον
877 5381 1233 5454 σωφρονίσαι,
1255 5379 1350 5434 καὶ
1365 5381 1463 5451 τὴν
1481 5379 1688 5433 οἰκείαν
1712 5381 1922 5452 ἐκφανῆ

345 5469 569 5541 ποιῆσαι
610 5469 893 5542 πονηρίαν.
945 5468 1130 5522 Βούλει
1169 5468 1263 5522 καὶ
1300 5467 1384 5537 ἐφ’
1417 5467 1606 5539 ἐτέρου
1668 5468 1926 5538 παραδεί-

343 5573 554 5627 γματος
589 5557 750 5610 πάλιν
783 5558 911 5610 ἰδεῖν
948 5557 1063 5621 πῶς
1088 5557 1279 5610 διοικεῖ
1309 5554 1538 5627 δαίμων,
1573 5555 1701 5609 ὅταν
1735 5556 1762 5608 6
1795 5554 1927 5618 Θεὸς

345 5644 498 5718 αύτῷ
533 5649 802 5720 συγχιι›ρεῖ
831 5650 895 5718 τῇ
943 5647 1118 5716 οἰκείᾳ
1158 5644 1457 5717 κεχρῆσθαι
1499 5644 1758 5718 δυνάμει;
1812 5643 1927 5700 Ἑν-

1081 206 1435 266 ΒᾹΖΜΟΝΕΞ
1470 210 1606 268 NON
1639 209 2067 269 GUBERNARE
2106 209 2430 269 MUNDUM.
2473 209 2707 268 HOMIL.
2749 209 2789 271 Ι.

3453 207 3562 269 954

1985 323 2179 395 νόησον
2210 324 2279 378 τά
2306 324 2578 396 βουκόλια,
2601 324 2672 381 τὰ
2696 325 2928 397 ποίμνια
2945 325 3039 380 τοῦ
3067 326 3210 391 Ἰὼϐ,
3234 326 3353 391 πῶς
3379 327 3439 381 ἐν
3467 328 3568 398 μιᾷ

1984 411 2178 483 καιροῦ
2215 414 2354 486 ῥοπῇ
2405 412 2586 469 πάντα
2620 414 3009 481 κατανάλωσε,
3041 415 3134 468 τὸν
3178 413 3411 470 ἐλεεινὸν
3458 413 3567 468 τῶν

1987 499 2194 553 παίδων
2221 499 2390 555 αὑτοῦ
2421 500 2676 567 θάνατον,
2705 503 2804 575 τὴν
2833 503 2974 558 κατά
2998 502 3092 558 τοῦ
3125 502 3378 573 σώματος
3399 502 3568 557 αὐτοῦ

1987 587 2205 660 πληγὴν
2243 589 2575 661 ἐνεχθεῖσανο
2613 593 2709 644 καὶ
2732 591 2858 663 ὄψει
2889 592 2952 646 τὸ
2979 591 3130 663 ὠμὸν
3157 590 3252 645 καὶ
3276 590 3570 668 ἀπάνθρωτ

1988 692 2091 730 πον
2123 675 2219 730 καὶ
2239 677 2459 744 ἀφειδὲς
2480 678 2584 748 τῆς
2614 677 2722 732 τῶν
2749 679 3017 750 δαιμόνων
3040 679 3326 752 πονηρίας,
3351 677 3445 733 καὶ
3460 677 3569 732 ἀπό

1987 761 2194 818 τούτων
2228 764 2353 836 εῑσῃ
2382 764 2592 833 σαφῶς,
2621 765 2704 819 ὅτι
2737 766 2786 820 εί
2833 767 2929 821 καὶ
2953 767 3073 822 τόδε
3102 767 3164 821 τὸ
3196 769 3304 821 πᾶν
3345 766 3570 836 ἐπέτρε-

1986 849 2087 921 ψεν
2113 850 2296 906 αὐτῶν
2328 853 2397 922 τῇ
2438 852 2661 924 ἐξουσίᾳ
2711 853 2740 905 ό
2785 853 2942 918 Θεὸς,
2997 855 3175 909 πάντα
3215 853 3282 908 ἂν
3313 853 3572 924 συνέχεαν

1989 939 2083 992 καὶ
2113 939 2507 1011 συνετάραξαν,
2541 941 2638 995 καὶ
2668 940 2739 996 τὰ
2761 941 2870 996 τῶν
2906 942 3103 1015 χοίρων
3123 942 3273 1013 ἡμᾶς
3313 941 3572 1004 διέθηκαν

1992 1029 2086 1084 καὶ
2111 1028 2180 1085 τά
2212 1030 2322 1086 τῶν
2353 1031 2648 1102 βουκολίων
2676 1033 2925 1101 ἐκείνων,
2959 1035 3036 1098 ὡς
3060 1035 3178 1088 οὐδὲ
3212 1034 3414 1106 μικρὰν
3451 1051 3547 1088 και

1996 1120 2090 1193 ροῦ
2113 1121 2288 1194 ῥοπὴν
2316 1122 2607 1193 φείσασθαι
2634 1124 2736 1196 τῆς
2755 1124 3033 1197 ἡμετέρας
3064 1123 3130 1178 ἀν
3151 1123 3441 1194 ἠνέσχοντο
3470 1138 3577 1174 σωο-

1992 1213 2210 1285 τηρίας.
2232 1215 2297 1269 Εί
2327 1215 2586 1287 δαίμονες
2609 1215 2861 1288 διῴκουν,
2888 1216 3042 1271 οὐδὲν
3064 1215 3174 1270 τῶν
3194 1212 3576 1286 δαιμονῶντι-ων

1993 1302 2298 1377 ἀνθρώπων
2325 1306 2550 1376 ἄμεινον
2595 1307 2930 1380 διεκείμεθα,
2978 1307 3178 1379 μᾶλλον
3215 1307 3273 1360 δέ
3307 1305 3574 1364 κάκείνων

1993 1398 2212 1468 χείρους
2267 1399 2335 1454 ἂν
2382 1395 2545 1472 ἦμεν.
2589 1399 2728 1454 Οὔτε
2783 1400 2890 1472 γάρ
2945 1400 3187 1462 ἐκείνους
3243 1398 3472 1453 καθόλου
3507 1399 3576 1468 τῇ

1995 1491 2271 1563 τυραννίδι
2293 1493 2402 1546 τῶν
2430 1490 2704 1564 δαιμόνων
2728 1493 2990 1560 ἐξέᾶοκεν
3017 1493 3045 1545 6
3067 1491 3224 1556 Θεὸς,
3244 1491 3366 1544 ἐπεὶ
3398 1487 3580 1560 πολλῷ

1997 1580 2204 1636 τούτων
2241 1580 2599 1654 χαλεπώτερα
2639 1581 2706 1636 ἂν
2756 1582 2994 1650 ἔπαθον,
3039 1577 3114 1636 ὧν
3148 1581 3417 1653 πάσχουσι
3458 1581 3576 1635 νῦν.

2009 1672 2154 1740 Ἐγὼ
2176 1671 2234 1725 δὲ
2261 1672 2484 1726 κάκεῖνο
2509 1673 2576 1727 ἂν
2614 1673 2900 1746 ἐπυθόμην
2928 1673 3038 1727 τῶν
3075 1673 3251 1728 ταῦτα
3275 1673 3543 1746 λεγόντων
3562 1713 3577 1738 ,

1998 1763 2160 1818 ποίαν
2187 1763 2255 1836 δὴ
2273 1763 2500 1831 ἀταξίαν
2525 1765 2583 1819 ἐν
2611 1768 2724 1830 τοῖς
2752 1765 3020 1837 παροῦσιν
3039 1766 3296 1838 ὁρῶντες,
3312 1766 3584 1837 δαιμόνων

2001 1858 2268 1928 διοικήσει
2297 1856 2365 1911 τά
2385 1857 2508 1911 καθ’
2532 1859 2681 1929 ἡμᾶς
2713 1856 3025 1912 ἀνατιθέασι
3056 1858 3267 1926 πάντα;
3289 1858 3484 1912 Καίτοι
3519 1875 3585 1927 γε

1998 1949 2151 2021 ἥλιον
2177 1949 2394 2022 ὁρῶμεν
2417 1950 2510 2004 ἐπὶ
2538 1948 2814 2013 τοσούτοις
2840 1948 3017 2003 ἐτεσιν
3041 1948 3280 2004 εὖτακτα
3306 1948 3429 2004 καθ’
3458 1950 3588 2005 ἐκά-

2001 2059 2134 2115 στην
2171 2041 2459 2114 βαδίζοντα
2497 2042 2594 2117 τὴν
2625 2043 2858 2116 ἡμέραν,
2889 2042 3132 2097 ποικίλον
3163 2043 3408 2115 ἀστέρων
3427 2043 3586 2114 χορὸν

2001 2136 2098 2208 τὴν
2156 2136 2367 2190 οἰκείαν
2414 2133 2782 2207 διατηροῦντα
2839 2135 3031 2200 τάξιν,
3085 2134 3317 2204 σελήνης
3353 2131 3587 2206 δρόμους

2001 2224 2518 2300 ἀπαρεμποδίστους
2536 2239 2586 2291 ι,
2611 2224 2804 2290 νυκτὸς
2821 2225 2916 2279 καὶ
2931 2225 3144 2297 ἡμέρας
3160 2222 3407 2294 διαδοχὴν
3431 2225 3588 2293 ἀκρι-

2003 2315 2096 2388 ϐῆ,
2126 2318 2325 2384 πάντα,
2360 2307 2456 2372 καί.
2485 2317 2553 2372 τά
2574 2317 2686 2372 ἄνω
2712 2315 2807 2370 καὶ
2839 2315 2908 2370 τά
2940 2315 3090 2370 κάτω
3115 2313 3305 2387 ὥσπερ
3331 2315 3390 2368 ἐν
3413 2315 3588 2386 ἁρμό-

2005 2410 2102 2482 νίῳ
2135 2410 2244 2464 τινὶ
2277 2409 2504 2482 χορείᾳ,
2562 2407 2767 2480 μᾶλλον
2817 2406 2874 2462 δὲ
2919 2408 3015 2462 καὶ
3065 2403 3247 2478 πολλῷ
3297 2406 3459 2460 πλέον
3495 2407 3590 2460 καὶ

2004 2503 2424 2574 ἀκριϐέστερον,
2457 2502 2558 2574 τὴν
2584 2501 2793 2556 οἰκείαν
2829 2502 3062 2555 ἕκαστον
3087 2498 3272 2572 χώραν
3298 2499 3593 2570 διαφυλάτ-

2004 2605 2119 2650 τον,
2154 2589 2248 2643 καὶ
2285 2589 2389 2642 οὐκ
2443 2589 2792 2661 ἐξιστάμενον
2837 2590 2935 2660 τῆς
2981 2588 3187 2654 τάξεως
3213 2584 3281 2660 ἧς
3311 2589 3464 2661 παρὰ
3491 2588 3600 2660 τὴν

2005 2681 2179 2752 ἀρχὴν
2203 2681 2345 2736 αύτά
2370 2679 2542 2735 ποιῶν
2569 2679 2756 2747 ἔταξεν
2793 2680 2822 2732 ό
2851 2679 3005 2744 Θεός.

2079 2773 2145 2838 ζ’.
2177 2773 2286 2826 Καὶ
2306 2772 2360 2826 τί
2389 2771 2596 2826 τούτων
2617 2771 2829 2842 ὄφελος,
2857 2771 3042 2842 φησὶν,
3071 2771 3202 2826 ὅταν
3219 2771 3448 2844 οὐρανὸς
3471 2771 3591 2842 μὲν,

2009 2866 2100 2920 καὶ
2127 2866 2300 2938 ἥλιος,
2336 2865 2429 2920 καὶ
2459 2865 2681 2938 σελήνη,
2727 2866 2827 2920 καὶ
2853 2866 3103 2938 ἀστέρων
3147 2865 3342 2937 χορὸς,
3384 2865 3480 2918 καὶ
3525 2868 3596 2921 τὰ

2009 2958 2144 3013 ἀλλα
2179 2957 2332 3030 [257]
2367 2959 2547 3012 πάντα
2581 2958 2786 3030 πολλὴν
2835 2959 2931 3030 ἔχῃ
2983 2959 3083 3030 τὴν
3130 2959 3405 3026 εὐταξίαν,
3441 2959 3511 3012 τὰ
3537 2959 3596 3012 δι

2010 3051 2257 3123 ἡμέτερα
2313 3046 2694 3121 συγχύσεωςῇ
2738 3051 3150 3123 ’πεπληρωμένα
3202 3054 3295 3106 καὶ
3335 3051 3592 3118 ἀταξίαςς

2012 3143 2180 3206 Ποίας
2211 3141 2549 3214 συγχύσεως,
2601 3142 2879 3210 ἄνθρωπε,
2933 3145 3028 3197 καὶ
3067 3143 3326 3210 ἀταξίαςς
3365 3145 3422 3199 Ὀ
3451 3145 3598 3198 δεῖ-ια

2012 3237 2259 3301 πλουτεῖ,
2285 3236 2442 3307 φησὶ,
2466 3235 2561 3289 καὶ
2586 3233 2852 3305 βιάζεται,
2884 3236 3118 3306 ἁρπάζει
3140 3239 3235 3291 καὶ
3262 3239 3597 3302 πλεονεκτεῖ,

2011 3328 2109 3391 τὰς
2139 3325 2253 3380 τῶν
2309 3326 2560 3396 πενήτων
2604 3326 2796 3388 οὐσίας
2859 3326 3152 3379 καταπίνει
3209 3327 3330 3379 καθ’
3361 3326 3600 3394 ἑκάστην

2013 3418 2247 3492 ἡμέραν,
2272 3420 2366 3472 καὶ
2391 3418 2543 3472 ούδέν
2577 3418 2774 3488 πάσχει
2802 3418 2994 3471 δεινόν’
3022 3420 3108 3472 Et:
3121 3436 3209 3492 ρος
3241 3420 3298 3473 ἐν
3329 3419 3601 3491 ἐπιεικείᾳ

2015 3511 2105 3583 ζῇ,
2128 3509 2452 3582 σωφροσύνῃ
2478 3510 2572 3562 καὶ
2590 3509 2913 3582 δικαιοσύνῃ
2943 3509 3036 3562 καὶ
3061 3511 3170 3570 τοῖς
3198 3509 3377 3572 ἄλλοις
3398 3509 3602 3563 ἅπασιν

2015 3602 2244 3672 ἀγαθοῖς
2278 3601 2718 3672 κεκοσμημένος,
2738 3601 2832 3654 καὶ
2861 3601 3024 3673 πενίᾳ
3055 3599 3149 3654 καὶ
3179 3601 3354 3664 νόσοις
3379 3601 3605 3663 καὶτοῖς

2019 3697 2273 3767 ἐσχάτοις
2302 3693 2597 3760 κολάζεται
2626 3694 2840 3759 δεινοῖς.
2871 3693 3038 3747 Ταῦτ’
3067 3688 3160 3747 οὖν
3194 3695 3311 3747 ἐστι
3335 3696 3402 3748 τὰ
3442 3711 3608 3747 σκαν-

2017 3787 2306 3853 δαλίζοντά
2337 3803 2425 3853 σε;
2460 3783 2645 3839 Ταῦτα
2665 3827 2678 3849 ,
2709 3787 2893 3856 φησίν.
2943 3785 3070 3840 Ἰέῖἀν
3106 3782 3197 3839 οὖν
3231 3786 3347 3857 ἴδῃς
3376 3787 3468 3839 καὶ
3496 3785 3607 3838 τῶν

2021 3881 2380 3954 ἁρπαζόντων
2414 3877 2643 3942 πολλοὺς
2675 3879 3088 3952 κολαζομένους,
3105 3880 3198 3932 καὶ
3224 3879 3332 3932 τῶν
3351 3881 3407 3931 ἐν
3437 3881 3604 3952 ἀρετῇ

2020 3973 2241 4040 ζώντων
2277 3970 2472 4034 ἐνίους,
2506 3967 2540 4040 ἢ
2568 3969 2660 4024 καὶ
2697 3967 2926 4042 μυρίους
2950 3968 3320 4032 ἀπολαύοντας
3353 3969 3606 4037 ἀγαθῶν,

2019 4065 2110 4118 διὰ
2151 4064 2204 4117 τί
2239 4062 2314 4135 μὴ
2361 4061 2509 4126 λύεις
2538 4060 2741 4133 ταύτην
2785 4062 2884 4132 τὴν
2935 4062 3140 4132 ψῆφον,
3192 4061 3327 4133 μηδὲ
3369 4061 3608 4134 ἀποδέχῃ

2021 4157 2112 4211 τὸν
2146 4155 2461 4226 Δεσπότην;
2497 4155 2622 4208 ’Ότι
2653 4153 2784 4208 αὐτὸ
2804 4153 2962 4208 τοῦτό
3000 4155 3114 4208 ἐστι
3153 4155 3214 4208 το
3255 4154 3610 4220 οκανδαλίζον

2026 4266 2094 4320 με
2129 4247 2312 4301 πλέον.
2352 4246 2451 4299 Διά
2480 4247 2533 4298 τί
2562 4246 2671 4318 γάρ
2705 4245 2802 4299 δύο
2829 4245 2997 4300 όντων
3023 4245 3129 4299 τῶν
3159 4245 3432 4317 πονηρῶν,
3451 4249 3479 4300 6
3510 4246 3611 4317 μὲν

2025 4343 2337 4409 κολάζεται,
2369 4343 2397 4395 ό
2425 4339 2480 4393 δέ
2515 4338 2798 4409 διαφυγὼν
2837 4338 3162 4410 ἀπέρχεται,
3192 4339 3287 4393 καὶ
3314 4339 3408 4392 δύο
3441 4339 3612 4392 ὄντων

2023 4436 2269 4507 ἀγαθῶν,
2303 4436 2332 4488 ό
2370 4433 2470 4506 μὲν
2501 4434 2749 4503 τιμᾶται,
2774 4434 2801 4484 ὁ
2823 4431 2882 4484 δὲ
2907 4431 3316 4503 τιμωρούμενος
3343 4430 3609 4497 διατελεῖ;

2023 4529 2134 4584 Καὶ
2179 4527 2339 4581 τοῦτο
2384 4523 2517 4579 αὐτὸ
2565 4525 2662 4596 τῆς
2701 4521 2796 4576 τοῦ
2845 4522 2980 4575 Θεοῦ
3038 4523 3295 4593 προνοίας
3354 4521 3612 4592 μέγιστον

2025 4623 2185 4694 ἔργον
2218 4619 2384 4673 ἐστίν.
2405 4619 2468 4671 Εἰ
2493 4616 2602 4689 γὰρ
2625 4616 2834 4680 πάντας
2857 4613 3090 4668 ἐνταῦθα
3123 4612 3345 4677 ἐκόλαζε
3368 4614 3492 4676 τοὺς
3514 4628 3613 4664 που

2025 4714 2258 4786 νηροὺς,
2305 4709 2401 4764 καὶ
2447 4709 2655 4771 πάντας
2687 4706 2921 4760 ἐνταῦθα
2948 4705 3111 4774 ἐτίμα
3165 4704 3294 4767 τοὺς
3347 4701 3611 4772 ἀγαθοὺς,

2027 4805 2256 4878 περιττὴ
2285 4806 2319 4875 ἡ
2357 4803 2454 4874 τῆς
2483 4802 2724 4874 κρίσεως
2759 4795 2831 4871 ἦν
2868 4799 3071 4870 ἡμέρα.
3119 4796 3290 4850 Πάλιν
3321 4798 3370 4849 εἰ
3411 4795 3615 4867 μηδένα

2026 4897 2252 4962 ἐκόλαζε
2279 4896 2541 4967 πονηρὸν,
2580 4892 2716 4964 μηδέ
2747 4890 2911 4962 ἐτίμα
2942 4889 3066 4942 τινὰ
3099 4886 3206 4940 τῶν
3237 4885 3458 4955 ἀγαθῶν
3477 4928 3490 4950 ,
3519 4887 3614 4939 καὶ

2026 4990 2076 5043 οί
2105 4989 2302 5058 φαῦλοι
2336 4985 2658 5057 φαυλότεροι
2693 4983 2788 5037 καὶ
2837 4982 3066 5043 κακίους
3099 4979 3165 5033 ἂν
3209 4978 3484 5048 ἐγένοντο,
3537 4976 3614 5038 ῶς

2029 5079 2209 5150 πολλῷ
2238 5079 2345 5132 τῶν
2387 5076 2642 5150 χρηστῶν
2690 5074 3072 5148 ῥᾳθυμότερον
3116 5074 3210 5126 καὶ
3273 5071 3535 5143 μειζόνως
3562 5070 3611 5121 οἱ

2033 5174 2348 5247 βουλόμενοι
2399 5171 2760 5242 βλασφημεῖν,
2795 5168 3186 5239 κατηγόρησαν
3222 5165 3288 5221 ἂν
3316 5163 3410 5218 τοῦ
3439 5161 3574 5217 Θεοῦ
3593 5203 3610 5226 ,

2031 5267 2126 5320 καὶ
2156 5263 2461 5336 ὁλοσχερῶς
2491 5261 2556 5316 ἂν
2586 5257 2740 5315 εἷπον
2779 5258 3206 5331 ἀποστερεῖσθαι
3258 5256 3515 5326 προνοίας
3543 5256 3612 5310 τὰ

2032 5358 2153 5413 καθ’
2183 5357 2353 5427 ἡμᾶς·
2377 5355 2440 5406 Εἰ
2463 5352 2572 5422 γὰρ
2603 5351 2695 5404 καὶ
2728 5349 2824 5406 νῦν
2857 5347 3236 5418 κολαζομένων
3258 5344 3420 5399 τινῶν
3449 5361 3616 5417 πονη..

2035 5451 2167 5526 ρῶν,
2196 5450 2290 5503 καὶ
2334 5446 2663 5518 τιμωμένων
2707 5443 2963 5514 ἀγαθῶν,
3001 5441 3202 5510 ὁμοίως
3243 5437 3406 5510 φασὶν
3439 5438 3614 5512 ἀπροο

2102 5652 2125 5680 ⁸
2150 5649 2283 5702 Cuib.
2310 5647 2748 5712 ἀπαρεμποείστως.
2781 5645 2910 5695 Edil.
2953 5643 3376 5715 ἀπαραποδίοτους.
