3894 6226
383 247 489 305 955
1078 255 1136 310 S.
1176 250 1460 313 JOANNIS
1494 258 1977 317 CHRYSOSTOMI
2017 260 2342 321 ARCHIEP.
2384 264 2929 324 CONSTANTINOP.
3548 269 3655 325 9.55

376 363 543 434 γόητα
578 360 714 419 εἶναι
748 367 816 422 τά
876 371 982 425 τῶν
1030 372 1335 446 ἀνθρώπων
1376 377 1708 447 πράγματα,
1744 379 1791 431 εί
1825 379 1958 450 μηδέ

375 450 534 507 τοῦτο
555 453 783 524 ἐγίνετο,
808 460 860 512 τί
883 460 984 514 οὐκ
1003 460 1068 514 ἂν
1099 458 1284 528 εἶπον;
1309 467 1434 518 ποῖα
1456 466 1513 519 δέ
1536 466 1638 519 οὐκ
1670 465 1737 520 ἂν
1770 467 1956 534 ἐξέϐα-

376 540 469 595 λον
502 543 753 614 ρήματας
785 546 882 599 Διά
915 548 1074 603 τοῦτο
1093 550 1218 613 τοὺς
1257 551 1356 623 μὲν
1384 552 1626 619 κολάζει,
1654 556 1780 618 τοὺς
1807 555 1864 608 δέ
1895 555 1956 608 οὐ

379 629 594 694 κολάζει
622 632 731 686 τῶν
756 636 1027 707 πονηρῶν,
1054 637 1147 690 καί
1180 638 1306 703 τοὺς
1337 641 1436 711 μὲν
1462 642 1617 714 τιμᾷ,
1655 642 1781 706 τοὺς
1808 642 1864 696 δὲ
1894 642 1956 696 ού

374 721 509 791 τιμᾷ
556 720 667 775 τῶν
697 723 935 791 ἀγαθῶν.
968 724 1045 780 Ού
1081 726 1298 792 κολάζει
1352 730 1450 800 μὲν
1478 731 1744 795 ἃπαντας,
1776 731 1864 784 ἵνα
1896 748 1956 785 σε

377 807 562 878 πείσῃ,
582 809 663 891 ξιτι
686 809 833 864 ἔστιν
852 812 1171 879 ἀνάστασις⁸
1197 816 1417 883 κολάζει
1437 818 1495 872 δέ
1518 836 1692 885 τινας,
1713 819 1803 875 ἵνα
1828 821 1956 885 τοὺς

377 892 779 967 ῥᾳθυμοτέρως
799 897 878 968 τῷ
906 900 1057 972 φόϐῳ
1081 902 1170 956 διὰ
1196 906 1296 976 τῆς
1321 905 1431 957 τῶν
1454 905 1656 978 ἐτέρων
1685 908 1956 980 τιμωρίας

375 981 578 1055 ποιήσῃ
615 984 1090 1059 σπουδαιοτέρους.
1148 990 1320 1045 Πάλιν
1356 994 1492 1064 τιμᾷ
1529 993 1629 1064 μέν
1667 1011 1822 1057 τινας
1847 993 1955 1047 τῶν

373 1065 617 1132 ἀγαθῶν,
655 1067 743 1122 ἵνα
774 1072 996 1140 ἐτέρους
1029 1075 1406 1149 ἐπισπάσηται
1446 1083 1566 1144 ταῖς
1593 1083 1784 1152 τιμαῖς
1816 1081 1954 1152 πρὸς

372 1152 463 1241 τὸν
481 1154 584 1241 τῆς
606 1157 810 1230 ἀρετῆς
835 1160 1017 1233 ζῆλονι
1043 1164 1105 1217 ού
1135 1169 1271 1238 τιμᾷ
1291 1167 1347 1222 δὲ
1382 1167 1610 1234 πάντας,
1632 1170 1718 1223 ἴνα
1751 1169 1950 1241 μάθῃς,
1985 1198 1997 1205 ⁵

372 1236 452 1324 δτι
477 1236 824 1324 ἐστινέτερος
843 1247 1040 1316 καιρὸς
1066 1236 1347 1309 ἀποδιδοὺς
1376 1252 1544 1305 ἅπασι
1571 1251 1668 1316 τὰς
1699 1236 1949 1324 ἀμοιϐάς.

373 1321 435 1374 ΕΞ
470 1322 570 1391 μὲν
599 1324 707 1395 γάρ
754 1327 995 1395 ἅπαντες
1031 1333 1266 1387 ἐνταῦθα
1305 1336 1698 1406 ἀπελάμϐανον
1731 1321 1798 1390 τὰ
1832 1340 1954 1392 κατ’

371 1407 549 1475 ἀξίαν,
574 1412 885 1485 ἠπίστησαν
913 1417 979 1472 ἂν
1009 1423 1085 1490 τῷ
1116 1421 1215 1492 τῆς
1238 1423 1588 1487 ἀναστάσεως
1611 1423 1776 1495 λόγῳ·
1810 1425 1857 1478 εί
1895 1425 1953 1478 δὲ

374 1497 563 1567 μηδεὶς
590 1501 946 1574 ἀπελάμϐανε
973 1506 1042 1560 τά
1074 1509 1193 1562 κατ’
1216 1509 1389 1575 ἀξίαν,
1424 1512 1473 1565 οί
1499 1512 1715 1576 πλείους
1740 1511 1805 1567 ἂν
1828 1513 1949 1581 ἐγέ-

370 1601 520 1640 νοντο
547 1589 931 1664 ρᾳθυμότεροι.
958 1594 1060 1649 Διά
1092 1598 1248 1652 τοῦτο
1277 1600 1403 1664 τοὺς
1440 1599 1540 1672 μὲν
1568 1599 1808 1666 κολάζει,
1827 1602 1953 1664 τοὺς

371 1674 426 1726 δέ
451 1676 510 1728 οὐ
553 1679 793 1746 κολάζει,
847 1686 1097 1751 καὶτοὺς
1142 1688 1540 1760 κολαζομένους
1587 1691 1681 1744 καὶ
1713 1693 1840 1755 τοὺς
1876 1689 1952 1762 μὴ

372 1762 763 1838 κολαζομένους
785 1770 1028 1841 ὠφελῶνι
1065 1776 1288 1829 ἐκείνων
1317 1777 1415 1847 μὲν
1444 1777 1551 1850 γὰρ
1573 1779 1831 1832 ἐκκόπτει
1853 1778 1951 1849 τὴν

371 1850 591 1918 κακίαν,
630 1855 758 1919 τοὺς
784 1857 839 1910 δέ
864 1860 1086 1930 ἐτέρους
1118 1865 1185 1933 τῇ
1227 1863 1430 1917 τούτων
1464 1866 1707 1938 τιμωρίᾳ
1734 1883 1950 1936 σωφρο-

369 1939 656 2011 νεστέρους
701 1947 865 1999 ποιεῖ.
917 1948 1027 2001 Καὶ
1080 1949 1240 2004 τοῦτο
1288 1951 1348 2016 ἐξ
1394 1945 1467 2006 ὧν
1512 1953 1679 2016 αὐτὸς
1731 1950 1885 2008 εἶπεν
1922 1956 1951 2008 6

369 2024 605 2094 Χριστὸς
634 2029 812 2101 δῆλον.
866 2036 1085 2108 Ἐπειδὴ
1132 2038 1238 2111 γὰρ
1272 2040 1612 2111 ἀπήγγειλαν
1666 2040 1836 2113 αὐτῷ,
1867 2043 1950 2096 ὅτι

370 2112 579 2205 πύργος
606 2124 951 2195 κατενεχθεὶς
979 2128 1298 2200 ἀνθρώπους
1321 2132 1473 2195 τινὰῖ
1496 2133 1792 2205 κατέχωσε·
1815 2133 1951 2203 φησι

367 2203 505 2290 ιπρὸς
537 2208 756 2275 αὐτούς’
800 2214 861 2267 Τί
897 2215 1179 2284 νομίζετε,
1234 2218 1321 2271 ὅτι
1347 2219 1566 2274 ἐκεῖνοι
1611 2203 1948 2290 ἁμαρτωλοί

366 2286 531 2361 ἦσαν
551 2297 782 2365 μόνον;
817 2299 919 2363 Οὓ,
943 2303 1099 2374 λέγω
1120 2305 1283 2372 ὑμῖν
1318 2307 1457 2361 ἀλλ’
1491 2306 1601 2360 ἐὰν
1638 2286 1739 2377 μή
1771 2325 1952 2378 μετα-

363 2383 651 2456 νοιξσητε,
677 2390 777 2444 καί
809 2392 977 2462 ὑμεῖς
1005 2394 1078 2450 τὰ
1109 2395 1262 2450 αὐτὰ
1288 2397 1594 2453 πείσεσθε.

437 2534 593 2604 Εἶδες
622 2540 741 2605 πῶς
764 2543 1004 2599 κάκεῖνοι
1025 2543 1091 2599 δι’
1131 2547 1406 2619 ἁμαρτίας
1433 2548 1713 2604 ἀπώλοντο
1732 2592 1746 2614 ,
1775 2551 1868 2605 καὶ
1899 2552 1948 2606 οἱ

362 2625 547 2680 ’λοιποὶ
572 2628 632 2681 οὐ
667 2629 756 2683 διὰ
800 2631 1151 2704 δικαιοσύνην
1197 2635 1491 2706 διέφυγον,
1546 2638 1663 2691 ἀλλ’
1696 2639 1783 2692 ἵνα
1829 2642 1945 2705 ταῖς

369 2714 596 2769 ἐκείνων
616 2719 912 2788 τιμωρίαις
931 2720 1176 2791 βελτίους
1191 2723 1485 2792 γένωνταις
1504 2726 1716 2782 Οὐκοῦν
1738 2728 1952 2798 ἠδίκην-

367 2817 482 2867 ται,
520 2805 706 2874 φησὶν,
734 2807 785 2859 οί
829 2806 1221 2881 κολαζόμενον
1263 2811 1517 2867 ἐδύναντο
1542 2814 1653 2884 γὰρ
1691 2814 1766 2886 μὴ
1790 2815 1950 2868 κολα-

368 2888 592 2955 σθέντες
614 2896 736 2957 ταῖς
773 2895 977 2967 ἐτέρων
1012 2897 1305 2969 τιμωρίαις
1347 2897 1501 2954 αὐτοὶ
1545 2901 1800 2971 γενέσθαι
1830 2901 1951 2969 βελ-

364 2977 536 3043 τίους.
598 2982 737 3037 Ἀλλ’
790 2985 840 3038 εί
893 2985 1011 3057 ⁴ᾔδει
1061 2985 1302 3057 βελτίους
1343 2987 1497 3064 [258]
1542 2990 1835 3061 ἐσομένους
1885 2992 1953 3045 ἐκ

365 3068 681 3136 μετανοίας,
712 3073 813 3126 οὐκ
853 3072 920 3127 ἀν
946 3073 1202 3129 ἐκόλασεν
1232 3077 1260 3129 6
1288 3076 1440 3140 Θεός.
1474 3075 1533 3131 Η
1568 3072 1679 3146 γὰρ
1722 3078 1951 3143 πολλοὺς

370 3156 636 3226 προειδὼς
664 3159 821 3213 οῦδὲν
851 3161 960 3216 ἀπὸ
1002 3163 1104 3232 τῆς
1135 3163 1520 3236 μακροθυμίας
1559 3164 1723 3219 αὐτοῦ
1751 3168 1951 3237 κερδα-

367 3242 619 3309 νοῦντας,
647 3246 798 3316 ὅμως
820 3247 975 3319 φέρει
1007 3249 1145 3320 μετά
1196 3251 1401 3323 πολλῆς
1426 3252 1531 3322 τῆς
1565 3251 1949 3318 ἀνεξικακίας,

360 3329 431 3384 τὸ
462 3332 626 3386 αὑτοῦ
662 3333 886 3405 πληρῶν
920 3336 1015 3389 καὶ
1037 3337 1290 3409 παρέχων
1317 3338 1500 3403 αὐτοῖς
1529 3340 1800 3410 ἀνανῆψαί
1822 3359 1950 3396 ποτε

369 3422 435 3474 ἐκ
463 3423 561 3494 τῆς
589 3424 796 3486 οἰκείας
833 3426 1039 3491 ἀνοίας·
1071 3429 1190 3492 πῶς
1232 3429 1299 3483 ἂν
1327 3431 1455 3494 τοὺς
1504 3430 1798 3500 μέλλοντας
1828 3430 1951 3501 βελ-

368 3509 520 3573 τίους
551 3510 661 3566 ἀπὸ
701 3512 802 3583 τῆς
827 3513 1030 3584 ἐτέρων
1073 3514 1327 3584 γενέσθαι
1377 3517 1673 3589 τιμωρίας,
1719 3517 1954 3571 ἀπεστέ-

375 3617 540 3669 ρησεν
576 3600 640 3654 ἂν
689 3600 783 3654 τοῦ
818 3603 917 3671 τῆς
972 3604 1264 3673 μετανοίας
1304 3605 1568 3677 κέρδους;
1607 3607 1769 3660 Ὥστε
1800 3607 1955 3661 οὐδὲν

368 3685 517 3742 οῦτοι
538 3689 841 3760 ἠδίκηνται.
867 3694 959 3746 καὶ
983 3694 1081 3762 τῆς
1100 3694 1299 3758 κακίας
1324 3695 1508 3759 αὐτοῖς
1535 3697 1864 3767 ἐκκοπείσης
1886 3700 1950 3770 τῇ

371 3777 632 3848 τιμωρίᾳ,
653 3779 748 3832 καὶ
768 3781 866 3851 τῆς
889 3779 1006 3832 ἐκεῖ
1020 3779 1293 3844 κολάσεως
1315 3782 1648 3853 κουφοτέρας
1664 3783 1949 3854 ἐσομένης.

370 3862 459 3917 διὰ
479 3864 540 3916 τὸ
568 3864 941 3936 προλαϐόντας
976 3866 1212 3922 ἐνταῦθα
1246 3869 1440 3923 παθεῖν
1473 3870 1677 3934 κακῶς.
1712 3870 1881 3925 Πάλιν
1903 3873 1952 3926 οἱ

374 3951 451 4023 μὴ
480 3950 836 4018 κολασθέντες
861 3953 1013 4007 οὐδὲν
1056 3955 1363 4026 ἠδίκηνται.
1407 3956 1567 4026 Ἐξῆν
1602 3958 1711 4030 γὰρ
1737 3959 1950 4022 αὐτοῖς.

371 4040 530 4111 εἴπερ
559 4039 864 4106 ἐϐούλοντο,
905 4043 971 4114 τῇ
1005 4043 1361 4116 μακροθυμίᾳ
1385 4043 1479 4097 τοῦ
1515 4044 1650 4098 Θεοῦ
1684 4044 1820 4118 πρὸς
1858 4063 1954 4116 με-

370 4126 608 4195 ταϐολὴν
653 4128 884 4200 ἀρίστην
919 4130 1257 4201 χρήσασθαι,
1318 4132 1414 4185 καὶ
1464 4131 1850 4204 θαυμάσαντας
1891 4132 1954 4187 τὸ

373 4215 697 4280 ἀνεξίκακον
731 4217 1045 4290 αἰδεσθῆναι
1092 4221 1192 4292 τῆς
1233 4221 1431 4293 ἀνοχῆς
1465 4221 1564 4292 τὴν
1609 4222 1948 4293 ὑπερϐολὴν,

373 4303 469 4355 καὶ
494 4302 830 4373 μεταστῆναί
861 4322 991 4359 ποτε
1027 4307 1164 4378 πρὸς
1193 4307 1415 4379 ἀρετὴν,
1450 4309 1544 4362 καὶ
1581 4311 1702 4371 ταῖς
1749 4309 1954 4381 ἐτέρων

372 4389 664 4462 τιμωρίαις
695 4391 795 4462 τὴν
820 4392 1027 4448 οἰκείαν
1059 4396 1318 4467 κερδᾶναι
1348 4395 1642 4468 σωτηρίαν.
1662 4397 1727 4450 Et
1753 4396 1811 4450 δέ
1834 4398 1954 4450 ἐπι-

375 4477 600 4546 μένουσι
634 4480 698 4549 τῇ
732 4479 990 4555 πονηρίᾳ,
1013 4482 1111 4552 οὐχ
1142 4485 1170 4536 6
1212 4482 1348 4547 Θεὸς
1374 4482 1565 4549 αἴτιος,
1600 4484 1629 4536 ὁ
1657 4482 1744 4537 διὰ
1795 4483 1953 4538 τοῦτο

377 4564 766 4636 μακροθυμῶν,
803 4566 890 4620 ἴνα
922 4570 1118 4632 αὐτοὺς
1172 4570 1568 4644 ἀνακτήσηται,
1612 4572 1725 4626 ἀλλ’
1755 4573 1952 4626 ἐκείνοι

376 4653 707 4725 συγγνώμης
732 4655 964 4721 ἀνάξιοι,
984 4657 1034 4709 οἱ
1061 4657 1135 4728 μὴ
1157 4659 1496 4731 χρησάμενοι
1524 4662 1604 4725 είς
1623 4660 1743 4715 δέον
1765 4663 1828 4732 τῇ
1857 4660 1951 4714 τοῦ

371 4737 511 4792 Θεοῦ
566 4741 940 4814 μακροθυμία.
1002 4745 1076 4796 υύ
1124 4745 1312 4799 τοῦτον
1363 4745 1420 4800 δέ
1461 4747 1554 4800 τὸν
1602 4747 1759 4817 λόγον
1793 4748 1954 4819 μόνον

373 4826 521 4880 ἔστιν
554 4828 747 4890 εἰπεῖν,
776 4828 844 4882 δι’
869 4829 928 4884 ὅν
957 4829 1020 4883 ού
1055 4831 1376 4898 κολάζονται
1408 4835 1608 4900 πάντες
1644 4835 1879 4890 ἐνταῦθα
1902 4837 1950 4890 οί

374 4914 622 4985 πονηροὶ,
649 4914 785 4968 ἁ).λὰ
810 4918 903 4970 καὶ
922 4917 1008 4971 Et:
1018 4936 1106 4989 ρον
1136 4921 1236 4974 οὐκ
1268 4921 1530 4977 ἐλάττονα
1558 4924 1768 4978 τούτου.
1793 4927 1953 4979 Ποῖον

370 5001 437 5067 δὴ
469 5002 690 5067 τοῦτον;
718 5004 839 5058 Ὅτι
864 5007 912 5058 εί
944 5007 1079 5060 πᾶσι
1119 5008 1250 5079 παρ’
1288 5010 1428 5065 αὐτά
1458 5010 1528 5064 τὰ
1573 5012 1954 5083 ἁμαρτήματα

370 5092 475 5154 τὰς
508 5088 757 5156 κολάσεις
788 5093 1070 5165 ἐπήγαγεν
1089 5096 1118 5148 6
1142 5094 1295 5160 Θεὸς,
1332 5099 1767 5171 προανηρπάσθη
1797 5099 1862 5153 ἂν
1889 5100 1954 5154 τὸ

372 5177 529 5243 γένος
556 5178 735 5250 ήμῶν,
774 5182 870 5235 καὶ
889 5182 989 5236 οὐκ
1018 5182 1084 5237 ἂν
1104 5183 1339 5254 ἔφθασεν
1365 5188 1444 5250 είς
1465 5186 1721 5259 διαδοχὴν
1754 5187 1948 5242 ἐλθεῖν.

374 5265 486 5318 Καὶ
522 5267 607 5321 ἵνα
642 5266 821 5340 μάθῃς
854 5270 936 5324 ὅτι
963 5270 1122 5325 τοῦτό
1164 5274 1313 5327 ἐστιν
1339 5273 1560 5345 ἀληθὲς,
1590 5274 1821 5329 ἄκουσον
1853 5274 1949 5329 τοῦ

372 5352 657 5424 προφήτου
702 5354 973 5424 λέγοντος·
1025 5359 1161 5413 Ἐὰν
1207 5360 1460 5431 ἀνομίας
1508 5360 1904 5431 παρατηρήσῃ
1932 5403 1947 5426 ,

371 5441 571 5507 Κύριε,
591 5443 683 5510 τίς
701 5444 1145 5512 ὑποστήσεται;
1169 5449 1233 5502 Εἰ
1260 5449 1318 5503 δέ
1346 5448 1495 5502 δοκεῖ
1533 5449 1628 5503 καὶ
1661 5448 1948 5518 βασανίσαι

368 5526 471 5598 τὴν
492 5528 673 5598 ρῆσιν,
709 5531 799 5584 τὸν
836 5534 1067 5589 ἑκάστου
1094 5536 1207 5606 βίον
1233 5536 1463 5605 ἀφέντες
1501 5537 1638 5606 μετά
1661 5537 1949 5607 ἀκριϐείας

371 5613 647 5680 ἐξετάζειν
668 5619 812 5687 (ούδέ
844 5622 954 5692 γάρ
984 5622 1208 5678 δυνατὸν
1250 5626 1383 5695 ἡμῖν
1412 5624 1611 5678 εἰδέναι
1639 5622 1706 5678 τὰ
1736 5625 1949 5697 ἑκάστῳ

376 5704 701 5776 βεὸιωμένα)
724 5749 737 5772 ,
766 5706 909 5794 ειπερ
939 5712 1347 5784 ἀναντιῤῥήτως
1372 5713 1607 5778 ἃπαντες
1642 5712 1948 5784 ἁμαρτάνο-

2072 400 2196 454 μεν,
2220 385 2396 441 ταῦτα
2418 388 2497 450 είς
2528 387 2691 459 μέσον
2717 386 3035 458 ἀγάγωμεν,
3059 388 3152 441 καί
3185 387 3249 439 ἐκ
3273 384 3465 441 τούτου
3490 385 3659 455 δῆλον

2073 474 2206 546 ήμίν
2239 472 2392 528 ἔσται
2420 476 2515 529 καὶ
2545 476 2799 548 φανερὸν,
2818 477 2902 530 ὃτι
2928 477 2977 530 εί
3008 475 3130 529 καθ’
3145 475 3375 530 ἕκαστον
3404 475 3657 539 ἐκολαζᾶ

2074 566 2213 637 μεθα
2240 565 2351 620 τῶν
2376 566 2811 640 ἁμαρτημάτων,
2849 566 3015 622 πάλαι
3048 565 3115 620 ἂν
3148 564 3561 636 ἀπωλώλειμεν.
3588 564 3656 620 '0

2069 657 2306 723 καλέσας
2329 658 2421 712 τὸν
2438 658 2664 729 ἀδελφὸν
2684 655 3081 730 μωρὸν,ἐνοχός
3096 657 3244 710 ἐστιν
3266 656 3347 720 είς
3373 656 3473 727 τὴν
3498 652 3655 723 γέεν-

2069 767 2169 804 ναν
2202 749 2297 803 τοῦ
2333 749 2522 822 πυρὸς,
2559 750 2742 822 φησίν.
2784 751 2970 803 Ἔστιν
3004 742 3098 802 οῦν
3142 764 3228 812 τις
3274 746 3433 818 ἡμῶν
3460 744 3520 810 ὃς
3546 744 3653 817 οὐχ

2066 844 2281 915 ἥμαρτε
2317 842 2418 914 τὴν
2454 841 2725 914 ἁμαρτίαν
2756 841 2993 913 ταύτην;
3027 839 3080 894 τί
3106 834 3220 907 οῦν,
3243 837 3446 901 εὐθέως
3474 837 3649 906 ἀναρ-

2067 934 2350 1005 πασθῆναι
2383 933 2738 999 ἔδειςοὺκοῦν
2768 934 2974 998 πάντες
3005 929 3436 1004 ἀνηρπάσθημέν
3460 946 3521 983 τε
3551 927 3650 983 καὶ

2066 1025 2447 1098 ήφανίσθημεν
2464 1026 2533 1080 ἂν
2552 1025 2721 1080 πάλαι
2744 1025 2838 1079 καὶ
2854 1023 3149 1093 πρόπαλαι.
3168 1021 3337 1076 Πάλιν
3351 1024 3379 1074 6
3403 1018 3649 1092 ὀμνύων,

2064 1117 2219 1187 φησὶ,
2246 1117 2349 1172 κᾶν
2368 1118 2461 1171 εὐο
2469 1118 2595 1189 ρκῇ,
2610 1118 2684 1170 τὰ
2698 1119 2767 1170 ἐκ
2786 1115 2881 1170 τοῦ
2896 1112 3142 1187 Πονηροῦ
3159 1114 3308 1169 ποιεί
3319 1112 3641 1184 πράγματα.

2065 1209 2161 1273 Τίς
2190 1205 2284 1263 οὖν
2323 1211 2495 1273 ἐστιν,
2526 1209 2585 1273 ὃς
2625 1209 2729 1263 οὐκ
2762 1206 2979 1280 ὥμοσε;
3017 1206 3221 1278 μᾶλλον
3261 1204 3321 1260 δέ
3357 1204 3442 1268 τίς
3468 1207 3649 1271 ἐστιν,

2063 1300 2124 1364 ὃς
2161 1301 2262 1356 οὐκ
2290 1300 2604 1372 ἐπιώρκησε
2644 1300 2897 1367 πώποτες
2957 1301 3016 1355 '0
3046 1296 3186 1371 πρὸς
3208 1299 3444 1368 γυναῖκα
3485 1296 3641 1364 ίὸὼν,

2062 1394 2260 1465 φησὶν,
2313 1394 2635 1458 ἀκολάστοις
2688 1392 3025 1465 ὀφθαλμοῖς,
3082 1390 3489 1463 ἀπηρτισμένος
3523 1390 3645 1445 ἐστὶ

2064 1487 2275 1558 μοιχός.
2310 1487 2421 1543 Καὶ
2444 1487 2652 1558 ταύτης
2689 1486 2747 1540 δὲ
2774 1486 2878 1556 τῆς
2927 1484 3201 1556 ἁμαρτίας
3230 1483 3457 1547 πολλοὺς
3487 1481 3644 1554 εὖροι

2058 1597 2143 1644 τις
2160 1579 2231 1634 ἂν
2248 1578 2607 1643 ὑπευθύνους.
2624 1579 2794 1633 Ὅταν
2803 1572 2897 1631 οὖν
2911 1577 2980 1631 τὰ
3003 1573 3643 1647 ὠμολογημένατοιαῦτα

2058 1667 2116 1746 ᾖ,
2148 1670 2324 1736 οὕτως
2360 1671 2615 1745 ἀφόρητα
2634 1710 2649 1734 ,
2688 1672 2785 1724 καὶ
2811 1668 3022 1723 τούτων
3050 1669 3283 1723 ἕκαστον
3315 1666 3437 1721 καθ’
3479 1665 3647 1720 ἐαυτδ

2060 1764 2282 1818 κόλασιν
2304 1763 2683 1836 ἀπαραίτητον
2724 1764 2857 1835 ἡμῖν
2894 1762 3077 1833 ἐπάγῃ
3098 1801 3112 1825 ,
3161 1761 3211 1814 εί
3238 1759 3336 1814 καὶ
3364 1758 3433 1813 τὰ
3462 1757 3646 1830 λάθρα

2059 1858 2192 1928 ἡμίν
2218 1856 2584 1930 ἡμαρτημένα
2604 1853 3091 1926 ἀναλογισαίμεθα,
3117 1853 3238 1907 τότε
3267 1852 3511 1925 ὀψόμεθα
3540 1853 3646 1923 μάν

2058 1950 2214 2002 λιστα
2241 1948 2342 2020 τὴν
2371 1947 2466 2002 τοῦ
2512 1946 2648 2001 Θεοῦ
2691 1947 2946 2019 πρόνοιαν
2992 1949 3093 2000 οὐκ
3143 1945 3459 2014 ἐπάγουσαν
3512 1941 3641 1998 καθ’

2058 2041 2284 2094 ἕκαστον
2316 2038 2622 2111 ἁμάρτημα
2661 2037 2763 2110 τήν
2805 2037 3081 2109 τιμωρίαν
3120 2038 3272 2108 ήμῖν.
3306 2036 3469 2089 Ὥστε
3508 2035 3646 2090 ὅταν

2061 2131 2177 2203 ἴδῃς
2209 2130 2332 2187 τινά
2360 2131 2712 2203 ἁρπάζοντα,
2756 2129 3205 2193 πλεονεκτοῦντα,
3240 2127 3336 2181 καὶ
3368 2129 3441 2197 μὴ
3478 2125 3646 2179 κολα-

2058 2223 2309 2294 ζόμενον,
2342 2219 2646 2286 ἀνάπτυξον
2667 2218 2761 2273 καί
2789 2218 2855 2272 σὺ
2892 2217 2953 2271 τὸ
2992 2214 3187 2271 σαυτοῦ
3218 2214 3475 2278 συνειδὸς,
3502 2214 3642 2268 ἀνα-

2056 2312 2271 2382 λόγισαί
2296 2330 2390 2366 σου
2418 2312 2516 2383 τὴν
2550 2308 2703 2383 [259]
2734 2306 3113 2379 ζωὴν,ἐπελθε
3142 2304 3210 2360 τά
3243 2302 3641 2377 ἡμαρτημένα,

2057 2405 2154 2458 καὶ
2183 2403 2403 2475 μαθήσῃ
2436 2400 2619 2464 καλῶς
2645 2400 2727 2452 ὅτι
2769 2400 2852 2452 σοὶ
2893 2394 3093 2469 πρώτῳ
3126 2396 3187 2449 οὐ
3214 2393 3483 2466 συμφέρει
3514 2392 3644 2446 καθ’

2056 2499 2289 2553 ἕκαστον
2309 2496 2418 2549 τῶν
2442 2493 2854 2566 ἁμαρτημάτων
2882 2488 3222 2553 κολάζεσθαι.
3238 2487 3337 2541 Διὰ
3351 2486 3460 2558 γάρ
3480 2485 3647 2540 τοῦτο

2059 2589 2293 2661 ἀφειδῶς
2323 2590 2375 2644 οἱ
2403 2588 2588 2642 πολλοὶ
2611 2587 2963 2656 φθέγγονται,
2992 2583 3181 2655 ἐπειδὴ
3212 2582 3273 2634 ού
3293 2580 3362 2635 τά
3394 2579 3504 2634 ίδια
3530 2579 3645 2652 πρὸ

2055 2683 2165 2739 τῶν
2194 2681 2490 2753 ἀλλοτρίων
2518 2677 2835 2744 σκοποῦσιν,
2863 2676 2999 2732 ἀλλά
3023 2675 3090 2730 τά
3116 2673 3362 2747 ἡμέτερα
3384 2671 3646 2742 ἀφέντες,

2056 2775 2126 2830 τὰ
2168 2773 2277 2829 τῶν
2318 2772 2493 2827 ἄλλων
2549 2770 2875 2843 ἐξετάζομεν
2915 2769 3175 2830 ἆπαντες.
3223 2765 3383 2819 Ἀλλά
3440 2762 3648 2835 μηκέτι

2055 2866 2215 2920 τοῦτο
2255 2864 2519 2934 ποιῶμεν,
2574 2862 2713 2918 ἀλλὰ
2763 2859 3105 2915 τούναντίον
3144 2856 3247 2913 κᾶν
3301 2855 3399 2929 μὲν
3430 2855 3647 2908 δίκαιον

2055 2972 2179 3010 τινα
2208 2954 2571 3026 κολαζόμενον
2598 2953 2737 3027 ἴδῃς,
2771 2950 3151 3023 ἀναμνήσθητι
3177 2948 3275 3002 τοῦ
3304 2945 3448 3001 Ἰὼϐ·
3485 2946 3553 3001 ἄν
3575 2962 3647 2999 τε

2057 3047 2169 3118 γὰρ
2189 3046 2402 3110 δίκαιος
2509 3061 2615 3110 τις,
2647 3044 2773 3099 οὔτε
2804 3042 3144 3115 δικαιότερος
3184 3039 3338 3094 ἐσται
3390 3036 3649 3105 ἐκείνου,

2057 3138 2183 3192 οὔτε
2210 3137 2352 3192 κατά
2374 3137 2571 3209 μικρὸν
2609 3135 2799 3205 ἐγγύς
2832 3136 2897 3191 ἀν
2927 3152 2988 3188 τε
3040 3132 3213 3205 μυρία
3240 3132 3426 3203 πάσχῃ
3453 3129 3603 3185 κακὰ
3620 3169 3645 3198 ,

2057 3232 2211 3286 οὐδὲν
2238 3231 2448 3285 οὐδέπω
2469 3229 2723 3283 τοσοῦτον
2751 3227 2973 3293 ἔπαθεν,
3007 3227 3131 3280 ὅσον
3158 3226 3384 3287 ἐκείνος.

2129 3322 2200 3397 η’.
2236 3323 2407 3378 Τοῦτο
2428 3322 2607 3377 τοίνυν
2624 3325 2706 3387 είς
2723 3321 2848 3375 νοῦν
2862 3320 3063 3382 λαϐων,
3084 3317 3292 3373 παῦσαι
3313 3312 3649 3387 κατηγορῶν

2058 3417 2152 3470 τοῦ
2180 3415 2450 3469 Δεσπότου
2473 3455 2488 3480 ,
2535 3412 2727 3486 μαθὼν
2769 3412 2850 3468 ὅτι
2878 3413 2978 3466 οὐκ
3016 3409 3519 3480 ἐγκαταλιμπάνων
3546 3407 3646 3460 τὸν

2059 3506 2300 3561 τοιοῦτον
2331 3508 2360 3559 6
2391 3506 2526 3570 Θεὸς
2549 3505 2745 3576 ἀφίησι
2778 3503 3006 3574 πάσχειν
3039 3501 3246 3564 κακῶς,
3282 3499 3416 3555 ἀλλά
3442 3515 3650 3568 στεφαο

2059 3598 2230 3652 νῶσαι
2257 3599 2350 3652 καὶ
2375 3597 2760 3670 λαμπρότερον
2803 3596 3030 3667 ποιῆσαι
3071 3593 3413 3665 βουλόμενος.
3457 3592 3556 3645 “Av
3580 3589 3644 3643 δὲ

2060 3689 2385 3763 ἁμαρτωλὸν
2414 3690 2530 3763 ίδῃς
2557 3685 2988 3759 τιμωρούμενον.
3009 3682 3390 3754 ἀναμνήσθητι
3416 3680 3509 3734 τοῦ
3534 3698 3643 3733 πα-

2063 3781 2355 3855 ραλυτικοῦ
2388 3780 2483 3834 τοῦ
2529 3778 2822 3852 τριάκοντα
2853 3775 2996 3831 ὀκτὼ
3031 3776 3125 3847 ἔτη
3163 3774 3377 3846 ἔχοντος
3411 3773 3503 3826 ἐπὶ
3540 3771 3645 3843 τῆς

2060 3874 2268 3946 κλίνης.
2298 3873 2421 3927 ’Ότι
2445 3871 2553 3945 γὰρ
2569 3873 2821 3935 κάκεῖνος
2840 3869 2906 3924 δι’
2931 3868 3206 3941 ἁμαρτίας
3226 3868 3292 3938 τῇ
3322 3865 3463 3936 νόσῳ
3493 3881 3645 3935 παρ-

2060 3967 2217 4038 εδόθη
2260 3966 2384 4019 τότε
2428 3964 2634 4035 ἐκείνῃ,
2679 3962 2912 4017 ἄκουσον
2944 3961 3039 4014 τοῦ
3078 3957 3318 4030 Χριστοῦ
3349 3956 3639 4025 λέγοντος·

2062 4058 2177 4114 Ἴδε
2220 4056 2398 4127 ὑγιὴς
2452 4055 2735 4127 γέγονας,
2786 4052 2999 4124 μηκέτι
3047 4049 3381 4122 ἁμάρτανε,
3421 4048 3521 4102 ἵνα
3550 4044 3642 4117 μὴ

2059 4149 2265 4220 χεῖρόν
2290 4151 2347 4203 τί
2368 4164 2468 4204 σοι
2489 4148 2752 4219 γένηται.
2772 4147 2841 4200 Ἦ
2858 4145 2970 4217 γὰρ
2992 4142 3402 4215 ἁμαρτημάτων
3421 4141 3644 4211 τίνομεν

2057 4242 2214 4305 δίκας
2239 4240 2612 4312 κολαζόμενοι,
2633 4240 2666 4311 ἢ
2694 4236 2973 4307 στεφάνων
2990 4235 3339 4306 λαμϐάνομεν
3357 4231 3641 4296 ὑπόθεσιν,

2060 4334 2128 4390 ἂν
2154 4336 2213 4388 ἐν
2240 4332 2634 4405 κατορθώμασι
2671 4331 2871 4396 ζῶντες
2901 4328 3200 4400 πάσχωμεν
3237 4325 3447 4389 κακῶς.
3474 4325 3642 4378 ’Ὥστε

2060 4426 2169 4481 κᾶν
2196 4428 2254 4479 ἐν
2282 4424 2618 4497 δικαιοσύνῃ,
2653 4422 2757 4478 κᾶν
2792 4424 2850 4476 ἐν
2892 4420 3189 4494 ἁμαρτίαις
3219 4418 3422 4490 ζῶμεν,
3446 4417 3643 4489 χρήσι-

2063 4537 2163 4590 μον
2203 4521 2333 4591 ήμῖν
2359 4520 2394 4590 ή
2427 4517 2668 4583 κόλασις,
2699 4516 2791 4570 ότέ
2821 4515 2922 4586 μὲν
2949 4511 3364 4585 λαμπροτέρους
3388 4507 3640 4573 ποιοῦσα,

2059 4612 2148 4666 ὁτὲ
2176 4612 2232 4665 δὲ
2267 4608 2739 4683 σωφρονεστέρους
2767 4605 3129 4678 ἐργαζομένη,
3165 4603 3258 4657 καὶ
3282 4601 3382 4673 τὴν
3417 4600 3645 4671 μέλλου-

2062 4718 2161 4754 σαν
2214 4702 2348 4771 ήμϊν
2395 4696 2825 4767 ἐπικουφίζουσα
2855 4693 3143 4765 τιμωρίαν.
3198 4690 3465 4760 Ὅτι-γὰρ
3492 4688 3645 4743 ἐστιν

2062 4792 2296 4846 ἐνταῦθα
2353 4790 2689 4845 κολασθέντα
2748 4788 2847 4842 καὶ
2906 4785 3201 4855 ἐνεγκόντα
3260 4782 3643 4855 εὐχαρίστως,

2062 4886 2375 4959 πραοτέρας
2425 4883 2732 4940 ἀπολαῦσαι
2781 4884 2899 4936 ἐκεῖ
2930 4881 3033 4952 τῆς
3077 4877 3374 4950 τιμωρίας,
3407 4875 3645 4930 ἄκουσον

2059 4979 2154 5034 τοῦ
2195 4978 2405 5032 Παύλου
2451 4976 2721 5046 λέγοντος·
2751 4975 2854 5029 Διά
2907 4972 3084 5027 τοῦτο
3137 4971 3207 5024 ἐν
3250 4968 3394 5038 ὑμῖν
3420 4966 3642 5022 πολλοὶ

2059 5073 2340 5138 ἀσθενεῖς
2371 5070 2474 5125 καὶ
2500 5069 2814 5139 ἄρῤωστοι,
2841 5067 2941 5121 καί
2971 5064 3289 5137 κοιμῶνται
3327 5060 3540 5117 ἱκανοί.
3571 5061 3647 5115 ΕΙ

2058 5167 2169 5238 γὰρ
2198 5163 2454 5230 ἑαυτοὺς
2481 5163 2817 5232 ἐκρινομεν,
2856 5162 2967 5215 οὐκ
2999 5158 3074 5214 ἂν
3103 5157 3471 5226 ἐκρινόμεθα·
3517 5169 3643 5220 κρι-

2058 5258 2297 5327 νόμενοι
2327 5254 2395 5309 δὲ
2421 5255 2541 5309 ὑπὸ
2575 5254 2797 5322 Κυρίου
2824 5250 3243 5321 παιδευόμεθα,
3275 5247 3377 5301 ἵνα
3396 5244 3483 5316 μὴ
3518 5244 3644 5298 σὺν

2058 5347 2139 5413 τῷ
2168 5348 2373 5416 κόσμῳ
2396 5342 2856 5413 κατακριθῶμεν.

2132 5436 2321 5492 Ταῦτα
2342 5432 2436 5490 οὖν
2469 5435 2682 5490 ἅπαντα
2708 5434 2927 5499 εἰδότες,
2952 5435 3047 5491 καὶ
3082 5435 3151 5490 τά
3177 5433 3401 5488 τοιαῦτα
3427 5431 3644 5502 φιλοστο-

2059 5532 2249 5604 φῶμεν
2286 5547 2352 5584 πε
2363 5529 2415 5601 ρὶ
2443 5533 2543 5601 τῆς
2574 5527 2668 5582 τοῦ
2696 5527 2830 5581 Θεοῦ
2857 5528 3130 5599 προνοίας,
3159 5528 3255 5582 καὶ
3280 5527 3403 5589 τοὺς
3428 5520 3642 5577 ἀντιλέ-

2058 5639 2256 5692 γοντας
2281 5617 2743 5690 ἐπιστομίζωμεν.
2772 5618 2892 5673 Κᾶν
2973 5637 3025 5672 τι
3055 5618 3162 5673 τῶν
3190 5617 3523 5687 γιγνομὲνων
3540 5622 3641 5681 τήν

2061 5713 2300 5769 διάνοιαν
2328 5711 2653 5783 ὑπερϐαἶνον
2681 5709 2780 5782 τὴν
2809 5711 2973 5783 ήμετέ
2985 5729 3099 5783 ραν,
3129 5710 3203 5782 μὴ
3228 5709 3335 5763 ἀπὸ
3364 5706 3553 5762 τούτου
3571 5704 3644 5759 τὰ
