3894 6226
250 341 354 398 2Ῠῶ

249 453 434 526 probis
461 471 475 508 :
505 461 559 508 et
588 451 844 524 quosdam
873 450 1079 506 honore
1110 445 1271 505 allicit
1298 492 1314 516 ,
1342 450 1597 522 quosdam
1629 449 1833 506 honore

248 563 354 602 non
383 545 544 599 aIIicit
572 560 636 600 ex
679 544 852 600 bonis.
883 543 999 599 Non
1029 545 1177 614 punit
1196 559 1382 599 omnes
1406 585 1420 610 ,
1448 554 1505 598 ut
1534 544 1625 598 tibi
1653 558 1835 598 resur-

249 641 540 694 rectionem
568 652 687 692 esse
729 636 1082 707 persuadeat;
1110 635 1368 707 quosdam
1397 651 1524 692 vero
1554 637 1704 706 punit
1733 677 1750 703 ,
1780 645 1834 691 ut

246 729 660 804 ncgligentiores
702 745 798 800 per
821 729 1045 782 aliorum
1067 727 1381 799 supplicium
1408 728 1597 782 timore
1623 727 1832 798 percul-

244 838 340 878 sos
378 822 741 892 diligentiores
777 820 989 874 ciliciat.
1022 819 1227 874 Rursus
1264 819 1547 873 nonnullos
1577 833 1642 872 ex
1668 819 1826 873 bonis

246 916 449 970 honore
480 913 641 968 afficit
659 954 675 980 ,
727 922 785 967 ut
813 923 1035 968 cancros
1064 912 1130 967 ad
1158 928 1394 967 amorem
1427 913 1637 968 virtutis
1663 913 1833 968 hono-

244 1009 394 1063 ribus
424 1007 527 1062 illis
552 1006 772 1073 alliciat;
796 1021 898 1060 non
917 1019 1103 1060 omnes
1127 1013 1304 1059 autem
1324 1004 1612 1060 honoribus
1640 1004 1827 1072 afﬁcit,

214 1089 302 1155 ἰιι
344 1099 570 1154 alterum
618 1106 826 1166 tempus
878 1111 996 1152 esse
1035 1110 1327 1166 cognoscas
1358 1138 1373 1163 ,
1409 1097 1550 1167 quod
1589 1097 1836 1152 omnibus

213 1170 547 1247 ‘mercedem
579 1191 864 1260 persolvet.
890 1189 948 1244 Si
971 1189 1111 1243 enim
1133 1204 1323 1243 omnes
1353 1189 1404 1242 in
1435 1189 1532 1242 hac
1564 1189 1687 1254 vita,
1715 1205 1834 1258 qute

243 1292 576 1348 meruerunt,
598 1281 919 1351 acciperent,
947 1280 1178 1335 sermoni
1193 1280 1260 1335 de
1278 1281 1664 1336 resurrectione
1678 1281 1833 1335 Iidem

243 1374 444 1430 habere
468 1382 802 1437 recusarent;
827 1373 965 1443 quod
985 1373 1028 1426 si
1059 1387 1215 1426 nemo
1235 1387 1356 1442 qua:
1377 1380 1662 1436 meruerat,
1683 1388 1835 1426 rece-

244 1463 623 1535 pisset,plures
633 1473 780 1519 certe
798 1463 1202 1534 negligentiores
1215 1463 1522 1517 evasissent.
1547 1463 1832 1532 Propterea

239 1556 503 1628 quosdam
539 1555 705 1626 punit,
721 1555 977 1626 quosdam
997 1555 1213 1608 minime
1232 1554 1401 1623 punit,
1421 1560 1614 1608 etcum
1645 1555 1724 1609 eis
1745 1555 1834 1624 qui

244 1650 554 1719 puniuntur,
587 1657 696 1703 tum
728 1649 806 1703 eis
857 1647 944 1718 qui
978 1663 1083 1701 non
1115 1649 1404 1717 puniuntur
1430 1645 1686 1714 prodest;
1712 1662 1833 1700 nam

241 1741 465 1796 istorum
488 1739 699 1810 quidem
725 1739 965 1810 reprimit
1007 1737 1395 1808 improbitatem
1426 1779 1439 1802 ,
1463 1737 1670 1792 illorum
1709 1753 1836 1792 vero

238 1835 500 1906 supplicio
520 1833 871 1888 modestiores
892 1841 1116 1887 caeteros
1134 1831 1323 1886 reddit.
1339 1831 1510 1901 Atque
1541 1832 1644 1886 hoc
1670 1848 1734 1887 ex
1768 1832 1834 1886 il-

241 1928 333 1994 lis,
356 1943 471 1998 qute
496 1927 627 1981 dixit
645 1926 890 1980 Christus
909 1925 1041 1994 ipse,
1063 1923 1400 1978 manifestum
1417 1933 1518 1978 est.
1541 1923 1675 1980 Cum
1693 1925 1834 1980 enim

242 2021 604 2075 renuntiatum
623 2018 695 2073 illi
712 2027 854 2073 esset
880 2018 1166 2088 collapsam
1196 2017 1382 2072 turrim
1404 2017 1648 2074 homines
1674 2033 1836 2088 quos-

242 2112 368 2166 dam
390 2111 650 2177 obruisse,
677 2111 749 2164 ait
776 2109 842 2163 ad
871 2109 1008 2163 illos:
1041 2108 1177 2176 Quid
1213 2109 1505 2164 existimatis
1527 2113 1644 2180 quia
1662 2121 1706 2164 et
1727 2111 1826 2179 ipsi

241 2213 526 2273 peccatores
553 2203 740 2272 fuerint
769 2201 932 2256 solum
951 2201 975 2254 ?
994 2199 1136 2267 Non,
1163 2200 1276 2254 dico
1294 2199 1430 2254 vobis
1461 2217 1480 2254 :
1506 2199 1596 2255 sed
1615 2201 1656 2254 si
1677 2201 1837 2270 parui-

241 2297 452 2350 tentiam
469 2310 568 2348 non
584 2293 800 2364 egeritis,
821 2303 865 2346 et
882 2308 966 2346 vos
991 2292 1166 2346 eadem
1183 2291 1443 2363 patiemini
1467 2290 1617 2362 (Luc.
1640 2292 1726 2345 I5.
1754 2291 1833 2362 4).

317 2383 420 2440 Cur
449 2401 550 2438 non
576 2399 747 2438 omnes
774 2382 854 2435 hic
886 2380 1420 2452 puniantur.—Vides
1450 2391 1505 2435 ut
1527 2381 1600 2436 illi
1618 2395 1832 2451 quoque

242 2484 465 2548 propter
499 2483 713 2546 peccata
736 2473 1025 2545 perierint,
1054 2482 1109 2528 et
1131 2474 1310 2529 cmteri
1335 2480 1551 2542 propter
1574 2466 1832 2542 justitiam

242 2583 352 2624 non
371 2566 671 2631 evaserint,
700 2565 796 2621 sed
823 2573 880 2619 ut
905 2565 1112 2618 illormu
1138 2564 1400 2634 supplicio
1428 2563 1616 2619 tierent
1638 2563 1829 2618 melio-

243 2660 374 2716 res?
401 2657 590 2728 Itaque
620 2656 812 2727 injuria
843 2665 965 2711 sunt
988 2655 1184 2722 affecti,
1214 2655 1416 2726 inquit,
1449 2653 1562 2720 illi,
1594 2656 1682 2725 qui
1715 2671 1832 2725 pa;-

241 2769 344 2810 nas
367 2752 662 2808 dederunt:
693 2760 939 2822 poterant
967 2750 1108 2804 enim
1134 2759 1188 2804 et
1219 2749 1317 2820 ipsi
1346 2764 1452 2803 non
1480 2749 1667 2818 puniti,
1697 2749 1833 2803 alio-

243 2861 364 2899 rum
391 2843 651 2914 supplicio
690 2842 804 2898 fieri
847 2843 1114 2897 meliores.
1147 2841 1306 2911 Atqui
1355 2841 1398 2896 si
1432 2841 1684 2896 meliores
1710 2841 1831 2897 illos

242 2951 342 3007 per
369 2934 733 3005 paenitentiam
755 2948 1010 2988 evasuros
1030 2932 1275 2987 scivissct
1293 2971 1309 2997 ,
1353 2946 1687 3002 nequaquam
1710 2932 1832 2988 illos

241 3028 555 3100 punivissct.
585 3027 639 3083 Si
676 3027 816 3081 enim
845 3040 965 3081 cum
990 3024 1279 3095 praevideat
1302 3025 1483 3079 multis
1520 3039 1673 3080 suam
1711 3025 1831 3081 Ion-

241 3121 610 3195 ganimitatem
633 3119 765 3174 nihil
798 3117 1128 3189 profuturam
1147 3158 1161 3179 ,
1197 3125 1372 3171 tamen
1399 3130 1494 3172 eos
1518 3117 1685 3171 multa
1709 3131 1830 3172 cum

242 3212 718 3285 patientiatolerat,
746 3226 868 3264 suas
909 3218 1087 3280 partes
1119 3223 1299 3279 agens,
1322 3215 1376 3262 et
1393 3208 1497 3262 illis
1510 3207 1829 3276 concedens,

243 3313 304 3360 ut
333 3319 363 3357 a
404 3303 621 3358 stultitia
648 3315 742 3356 sua
770 3299 1085 3370 resipiscam
1129 3316 1142 3352 :
1171 3297 1438 3368 quomodo
1467 3312 1581 3364 eos,
1605 3297 1694 3367 qui
1718 3313 1828 3353 eae-

243 3406 483 3451 terorum
518 3391 778 3462 supplicio
817 3391 1063 3445 meliores
1103 3387 1314 3454 evasuri
1343 3397 1518 3453 erant,
1561 3403 1627 3444 eo
1655 3387 1828 3444 fructu

243 3485 513 3556 privaret,
561 3484 650 3554 qui
681 3498 746 3537 ex
778 3481 1089 3552 poenitentia
1115 3479 1450 3550 percipitur?
1479 3478 1659 3550 Itaque
1681 3479 1829 3536 nulla

241 3576 330 3632 isti
347 3575 458 3630 ltt‘Si
483 3581 608 3629 sunt
630 3572 822 3644 injuria
847 3613 862 3638 ,
894 3570 1034 3643 quod
1061 3581 1116 3626 et
1142 3571 1352 3625 illorum
1378 3571 1579 3625 malitia
1605 3571 1675 3626 sit
1703 3586 1831 3642 sup-

240 3665 402 3739 plicio
426 3679 668 3736 repressa
697 3704 714 3730 ,
768 3672 822 3720 et
864 3662 1001 3733 quod
1042 3661 1269 3718 leviores
1317 3671 1600 3732 propterea
1639 3662 1829 3718 futura:

239 3759 352 3813 sint
372 3771 562 3827 pasam,
581 3769 712 3826 quas
734 3752 790 3809 in
819 3753 988 3809 altero
1019 3753 1218 3809 saaculo
1247 3752 1427 3808 luituri
1448 3761 1590 3820 sunt,
1611 3753 1751 3823 quod
1771 3753 1825 3809 in

240 3849 346 3904 isto
362 3847 492 3902 mala
520 3844 890 3901 sustinuerint.
921 3843 1124 3899 Rursus
1146 3843 1219 3897 illi
1249 3843 1336 3914 qui
1368 3844 1535 3913 puniti
1552 3858 1657 3898 non
1680 3851 1822 3910 sunt,

243 3940 386 3995 nulla
414 3949 538 3994 sunt
587 3937 782 4007 injuria
815 3936 948 3990 Imsi.
977 3935 1148 3990 Licuit
1172 3934 1314 3990 enim
1341 3934 1469 4005 ipsis
1492 3976 1508 4002 ,
1541 3935 1585 3990 si
1611 3934 1826 4004 quidem

239 4029 557 4092 voluissent,
580 4025 980 4096 longanimitate
1003 4026 1095 4080 Dei
1122 4025 1188 4080 ad
1211 4027 1466 4096 Optimam
1481 4027 1555 4080 uti
1576 4029 1826 4082 mutatio-

239 4135 400 4185 nem,
433 4118 740 4189 patientiam
775 4116 890 4186 ejus
932 4115 1196 4171 Iaudando
1237 4130 1500 4171 summam
1546 4117 1661 4188 ejus
1692 4119 1826 4175 tole-

240 4211 466 4266 rantiam
497 4208 830 4272 revereri,et
854 4206 920 4261 ad
948 4206 1198 4261 virtutem
1225 4208 1510 4277 aliquando
1536 4210 1774 4266 converti
1805 4251 1821 4278 ,

238 4315 399 4372 atque
424 4317 486 4356 ex
518 4301 741 4356 aliorum
763 4298 1024 4370 supplicio
1051 4299 1277 4354 salutem
1307 4315 1456 4356 suam
1491 4301 1820 4358 lucrifacere.

238 4391 394 4460 Quod
435 4391 478 4446 si
516 4395 572 4444 in
627 4389 859 4459 nequitia
899 4398 1288 4459 perseverant,
1341 4405 1448 4444 non
1495 4391 1634 4446 Deus
1657 4401 1740 4447 est
1768 4392 1823 4448 in

238 4481 526 4550 causa,qui
548 4490 827 4550 propterea
855 4479 1116 4549 patienter
1142 4477 1264 4545 fert,
1295 4489 1352 4534 ut
1379 4495 1471 4536 eos
1502 4481 1599 4536 sibi
1633 4497 1823 4538 recon-

237 4573 414 4638 ciliet;
443 4587 628 4625 verum
661 4570 736 4624 illi
761 4569 912 4624 venia
937 4577 1062 4623 sunt
1091 4569 1324 4639 indigni,
1355 4570 1445 4640 qui
1472 4571 1562 4626 Dei
1585 4572 1824 4643 longani-

240 4666 444 4730 mitate,
461 4674 516 4719 ut
537 4663 788 4733 oportuit,
813 4677 918 4717 non
944 4662 1052 4716 sint
1093 4661 1194 4717 usi.
1217 4660 1401 4731 Neque
1419 4677 1544 4717 vero
1561 4664 1820 4720 rationem

239 4763 450 4811 tantum
477 4755 631 4808 istam
655 4751 846 4807 afferre
870 4766 1154 4822 possumus
1176 4793 1191 4818 ,
1220 4751 1291 4807 ob
1315 4767 1472 4822 quam
1513 4753 1567 4808 in
1593 4754 1691 4809 hac
1714 4755 1822 4811 vita

237 4846 369 4903 mali
405 4859 592 4900 omnes
631 4844 848 4898 minime
877 4842 1178 4913 plectuntur
1199 4883 1215 4909 ,
1265 4843 1358 4897 sed
1389 4852 1442 4901 et
1475 4842 1632 4899 aliam
1655 4845 1822 4902 nihilo

170 4993 188 5002 ,
235 4939 343 4994 ista
373 4937 653 4990 minorem.
682 4933 848 5001 Quam
872 4932 1119 4988 tandem?
1140 4933 1290 5000 Quod
1319 4934 1590 4999 nimirum,
1619 4935 1665 4990 si
1693 4951 1822 4992 con-

233 5030 420 5086 festim
448 5037 567 5099 post
601 5038 815 5098 peccata
843 5041 1027 5096 ptenas
1058 5034 1292 5081 sumeret
1338 5027 1479 5082 Deus
1507 5069 1520 5091 ,
1551 5029 1818 5085 sublatum

233 5129 388 5178 esset
413 5134 445 5174 e
474 5119 651 5173 medio
676 5132 846 5188 genus
869 5117 1158 5170 humanum
1184 5159 1199 5182 ,
1227 5131 1400 5186 neque
1429 5119 1678 5173 continua
1699 5134 1820 5175 suc-

229 5213 483 5268 cessione
526 5210 592 5266 ad
624 5211 738 5265 haec
766 5217 1005 5279 tempora
1049 5208 1392 5278 pervenisset.
1436 5210 1612 5280 Atque
1637 5220 1694 5265 ut
1719 5211 1821 5267 hoc

228 5318 424 5360 verum
441 5317 562 5358 esse
586 5315 908 5373 cognoscas,
936 5299 1056 5354 audi
1081 5301 1392 5371 prophetam
1414 5301 1680 5356 dicentem
1710 5320 1724 5356 :
1757 5302 1821 5358 Si

230 5398 524 5466 iniquitates
552 5393 886 5449 observaveris
908 5433 922 5459 ,
955 5393 1202 5461 Domine,
1234 5394 1343 5462 quis
1357 5394 1616 5448 sustinebit
1646 5394 1816 5466 (Psal.

235 5488 368 5544 4‘29.
395 5487 492 5558 3)?
516 5485 669 5555 Quod
693 5485 738 5540 si
764 5484 943 5540 lubeat
965 5481 1068 5537 hoc
1087 5483 1283 5537 dictum
1306 5484 1630 5551 examinare,
1653 5484 1818 5540 omis-

228 5600 300 5641 sa
353 5584 405 5639 in
449 5583 776 5654 singulorum
819 5579 981 5633 vitam
1019 5587 1202 5634 exacta
1233 5577 1568 5648 inquisitione
1621 5580 1819 5650 (neque

231 5677 382 5733 enim
412 5673 524 5729 ﬁeri
555 5673 749 5743 potest,
778 5677 836 5726 ιιι
851 5684 970 5741 quae
993 5669 1216 5740 quisque
1231 5669 1454 5740 gesserit
1474 5668 1526 5722 in
1548 5668 1652 5723 vita
1676 5669 1816 5724 scia-

233 5764 403 5837 mus),
433 5779 550 5836 qua:
579 5763 694 5820 sine
721 5758 1140 5817 contradictione
1159 5757 1332 5816 cuncti
1350 5773 1647 5829 peccamus,
1671 5759 1807 5816 eain

1315 328 1399 383 DE
1440 328 1729 385 DI.\BOLO
1766 330 2195 388 TENTATORE.
2230 335 2452 392 IIOMIL.
2485 337 2552 394 ιι.

3430 335 3531 392 256

1940 451 2172 511 medium
2201 452 2557 523 proferamus,
2581 461 2636 508 et
2659 467 2726 508 ex
2745 452 2844 509 hoc
2858 455 3010 512 nobis
3040 456 3280 528 liquebit,
3303 459 3445 530 quod
3488 462 3530 516 si

1942 547 2012 600 ob
2039 544 2244 615 singula
2272 553 2483 614 peccata
2512 544 2838 615 puniremur,
2863 545 2973 616 jam
2999 548 3126 604 olim
3156 551 3433 620 periissem
3448 570 3529 607 us.

1941 638 2039 706 Qui
2063 637 2276 691 fratrem
2305 651 2460 690 suum
2492 635 2691 690 fatuum
2713 636 3010 707 appellarit,
3027 654 3150 694 reus
3169 650 3250 696 est
3269 641 3532 712 gehennze

1941 731 2076 800 ignis
2105 729 2318 801 (Matth.
2351 730 2402 784 5.
2432 729 2547 800 29.),
2588 729 2774 800 inquit.
2801 732 2882 786 An
2912 733 3069 803 igitur
3095 743 3179 788 est
3204 735 3398 804 aliquis
3441 752 3533 789 lm-

1939 831 2132 886 strum,
2159 821 2248 890 qui
2272 820 2373 874 hoc
2398 830 2670 890 peccatum
2694 838 2800 877 non
2827 826 3414 898 commiserit?ergoue
3449 842 3533 882 sn-

1941 911 2051 965 hito
2096 926 2127 965 e
2170 911 2347 966 medio
2386 911 2494 965 tolli
2540 913 2828 982 oportuit?
2875 916 3053 986 Itaque
3096 917 3290 972 sublati
3339 934 3539 975 omnes

1940 1019 2181 1060 essemus
2202 1023 2231 1059 e
2248 1005 2444 1072 mcdio,
2466 1015 2625 1076 atque
2647 1006 2806 1062 deleti
2832 1011 3095 1080 quondam
3116 1020 3170 1067 et
3187 1012 3527 1081 jamdudum.

1940 1095 2146 1151 Rursus
2177 1097 2221 1151 is
2251 1097 2339 1167 qui
2363 1097 2528 1167 jurat,
2558 1099 2745 1169 inquit,
2773 1100 2872 1154 etsi
2892 1110 3036 1155 recte
3059 1101 3222 1171 juret,
3259 1119 3369 1159 rem
3395 1105 3524 1172 agit,

1940 1203 2057 1256 qua:
2101 1203 2132 1242 a
2183 1189 2325 1242 man
2380 1200 2462 1244 est
2506 1187 2627 1262 (Ib.
2678 1206 2723 1245 υ.
2759 1190 2898 1261 57).
2945 1191 3074 1259 Quis
3118 1193 3272 1264 igitur
3309 1205 3392 1250 est
3437 1198 3526 1266 qui

1940 1293 2045 1332 non
2071 1278 2300 1348 jurarit?
2330 1281 2436 1334 imo
2469 1297 2596 1335 vero
2627 1322 2642 1348 ,
2676 1282 2795 1352 quis
2839 1290 2922 1338 est
2968 1284 3055 1352 qui
3099 1300 3204 1338 non
3243 1286 3528 1356 aliquando

1947 1369 2200 1440 pejerarit
2219 1371 2240 1423 ?
2261 1370 2360 1439 Qui
2389 1373 2685 1437 mulierem,
2714 1374 2910 1443 inquit,
2941 1376 3129 1444 aspicit
3159 1377 3370 1432 lascivis
3393 1395 3525 1433 ocu-

1940 1460 2024 1527 lis,
2077 1461 2284 1516 adultcr
2338 1463 2602 1533 perfectus
2640 1473 2724 1519 est
2764 1465 2882 1538 (Ib.
2913 1485 2957 1522 ιε.
3007 1469 3122 1537 28).
3155 1471 3327 1540 Atque
3369 1471 3529 1540 hujus

1940 1563 2068 1604 Sane
2118 1553 2320 1620 peccati
2361 1554 2558 1608 nndtos
2607 1554 2876 1611 offendere
2904 1573 3186 1628 possumus
3227 1577 3369 1617 reos.
3392 1563 3526 1618 Cum

1941 1640 2099 1711 igitur
2127 1641 2240 1696 hare
2265 1659 2382 1714 qua:
2410 1644 2461 1698 in
2488 1645 2736 1701 confesso
2763 1657 2907 1714 sunt,
2941 1649 3061 1704 talia
3093 1659 3306 1722 tamque
3333 1653 3526 1708 intole-

1941 1731 2105 1785 randa
2132 1732 2257 1797 sint,
2282 1743 2337 1788 ct
2365 1733 2554 1788 horum
2583 1737 2789 1806 singula
2817 1739 3042 1793 scorsim
3070 1743 3389 1811 supplicium
3430 1760 3528 1799 no-

1941 1823 2022 1878 bis
2048 1836 2326 1880 accersunt
2355 1826 2663 1883 inevitabile
2682 1871 2696 1895 ,
2729 1830 2773 1884 si
2806 1846 2868 1884 ea
2898 1848 3109 1903 quoque
3137 1834 3409 1889 nobiscum
3439 1852 3527 1892 re—

1940 1925 2187 1986 putemus
2215 1960 2230 1985 ,
2265 1935 2384 1989 qua:
2415 1922 2624 1976 occulte
2665 1924 3000 1991 peccavimus
3031 1965 3047 1993 ,
3082 1935 3192 1981 tum
3234 1930 3528 1997 prmscrtim

1938 2009 2172 2064 divinam
2196 2013 2581 2081 providentiam
2609 2029 2958 2084 agnoscemus
2989 2059 3004 2082 ,
3039 2035 3159 2088 qua:
3197 2035 3301 2075 non
3329 2021 3381 2074 in
3411 2022 3528 2075 sin-

1937 2104 2057 2175 gula
2080 2105 2233 2161 nobis
2259 2117 2471 2174 peccata
2502 2108 2820 2177 supplicium
2849 2109 3060 2165 inferat.
3090 2111 3271 2183 Itaque
3297 2113 3340 2168 si
3368 2130 3527 2183 quem

1937 2195 2136 2250 videris
2165 2197 2457 2266 rapientem
2496 2240 2511 2265 ,
2547 2198 2876 2255 fraudantem
2901 2241 2916 2264 ,
2946 2210 3000 2256 et
3025 2217 3146 2257 eum
3176 2205 3390 2258 minime
3412 2221 3514 2274 pu-

1938 2287 2060 2355 niri,
2092 2297 2282 2344 excute
2304 2297 2357 2344 tu
2379 2305 2590 2360 quoque
2618 2293 2997 2348 conscientiam
3020 2303 3162 2349 tuam
3189 2335 3203 2359 ,
3229 2307 3413 2364 reputa
3439 2306 3522 2352 te-

1937 2393 2057 2432 cum
2086 2379 2246 2434 vitam
2279 2388 2451 2446 tuam,
2479 2391 2534 2435 ct
2565 2391 2651 2435 tua
2668 2382 2859 2437 delicta
2892 2399 3144 2453 percurre
3171 2403 3185 2438 :
3218 2396 3327 2440 tum
3361 2387 3528 2457 probe

1938 2468 2201 2540 intelliges
2229 2469 2320 2524 tibi
2352 2472 2524 2540 primo
2542 2488 2648 2526 non
2678 2473 2964 2541 expedire,
2990 2487 3046 2528 ut
3076 2477 3126 2530 in
3148 2477 3382 2544 peccatis
3409 2479 3523 2532 sin-

1935 2559 2076 2630 gulis
2105 2561 2360 2629 puniaris.
2395 2561 2596 2617 Idcirco
2618 2563 2763 2618 enim
2793 2581 2980 2621 severe
3010 2568 3161 2621 multi
3193 2568 3484 2638 loquuntur
3503 2613 3518 2637 ,

1936 2651 2076 2720 quod
2132 2667 2236 2705 non
2283 2668 2377 2708 sua
2431 2654 2577 2724 prius
2620 2671 2777 2725 quam
2818 2657 2990 2711 aliena
3027 2659 3397 2716 considerent:
3429 2661 3526 2718 sed

1937 2741 2132 2796 nostris
2158 2743 2372 2798 omissis
2393 2759 2580 2800 omnes
2603 2746 2654 2800 in
2681 2762 2770 2802 res
2790 2749 3011 2803 aliorum
3035 2749 3384 2819 inquiramus.
3417 2752 3520 2809 Vc-

1936 2839 2233 2885 rumtamen
2262 2847 2330 2887 ne
2358 2833 2586 2903 amplius
2618 2835 2669 2889 id
2699 2851 2918 2906 agamus
2948 2878 2965 2906 ,
2997 2839 3088 2893 sed
3119 2840 3272 2909 plane
3306 2853 3526 2899 contra:

1936 2921 2096 2975 rium.
2131 2923 2207 2977 Ac
2241 2924 2286 2978 si
2318 2925 2532 2994 quidem
2580 2925 2781 2996 justum
2828 2929 3057 2999 aliquem
3087 2933 3260 3000 puniri
3289 2933 3471 2989 videas
3505 2975 3518 3003 ,

1933 3009 2037 3067 Job
2066 3013 2348 3070 recordare
2374 3032 2387 3069 :
2422 3016 2521 3070 etsi
2551 3017 2695 3072 enim
2716 3018 2892 3088 justus
2931 3021 3001 3074 sit
3038 3023 3229 3093 aliquis
3251 3065 3266 3089 ,
3306 3040 3404 3080 nec
3435 3035 3522 3081 ta-

1935 3117 2057 3158 men
2073 3102 2268 3173 jnstior
2297 3104 2387 3159 illo
2407 3106 2529 3173 erit,
2549 3123 2721 3176 neque
2746 3109 2829 3163 vel
2853 3111 3115 3167 modicum
3139 3115 3212 3170 illi
3243 3117 3518 3185 proximus

1932 3193 2066 3248 erit:
2092 3208 2154 3247 ac
2183 3193 2308 3249 licet
2333 3195 2608 3252 innumera
2625 3198 2696 3252 sit
2719 3201 2854 3254 mala
2879 3204 3321 3270 passus,necdum
3345 3217 3521 3264 tamen

1933 3283 2222 3355 quidquam
2254 3285 2356 3340 tale
2387 3301 2575 3356 passus
2601 3298 2702 3357 est,
2733 3291 2890 3360 quale
2915 3292 2998 3347 vir
3028 3293 3134 3349 ille.

2004 3376 2059 3433 8.
2093 3377 2203 3432 Hoc
2229 3379 2387 3450 igitur
2409 3390 2586 3436 mente
2616 3397 2872 3452 versans,
2903 3383 3086 3440 desine
3110 3386 3390 3442 Dominum
3417 3404 3508 3444 ae-

1932 3479 2139 3535 cusare,
2168 3484 2288 3522 cum
2311 3469 2575 3542 intelligas
2605 3472 2786 3538 Deum,
2819 3489 2923 3528 non
2945 3475 3085 3545 quod
3109 3477 3256 3531 illum
3279 3479 3513 3547 deserat,

1938 3557 2098 3612 talem
2126 3557 2304 3614 sinere
2333 3561 2483 3614 malis
2504 3561 2699 3633 afﬂigi,
2733 3563 2827 3619 sed
2865 3566 3005 3635 quod
3033 3567 3179 3622 illum
3208 3584 3403 3626 corona
3425 3572 3522 3626 do-

1938 3662 2067 3703 nare
2097 3657 2256 3719 atque
2278 3649 2624 3707 illustriorem
2655 3654 2782 3708 velit
2809 3655 3053 3712 reddere.
3085 3658 3140 3714 Si
3173 3676 3299 3715 vero
3327 3677 3517 3731 pecca-

1935 3746 2100 3793 torem
2122 3739 2302 3795 videas
2315 3741 2873 3812 castigari,recordare
2888 3747 3180 3818 paralytici,
3200 3752 3288 3819 qui
3305 3753 3518 3822 triginta

1931 3840 1986 3888 et
2001 3840 2120 3888 octo
2131 3832 2240 3904 jam
2259 3849 2425 3888 annos
2444 3836 2494 3888 in
2512 3837 2649 3892 lecto
2669 3836 2992 3894 decubuerat
3014 3839 3248 3912 (Joan.5.
3281 3843 3358 3914 5).
3377 3845 3512 3900 Nam

1931 3923 2079 3978 illum
2107 3933 2323 3995 propter
2351 3935 2565 3995 peccata
2591 3937 2698 3982 tum
2719 3930 2965 3983 traditum
3008 3931 3082 3985 illi
3113 3934 3299 3987 morbo
3331 3934 3516 4004 fuisse,

1930 4016 2050 4071 audi
2069 4031 2173 4086 quo
2198 4025 2352 4086 pacto
2376 4016 2574 4072 Christi
2605 4019 2764 4074 verba
2795 4028 3077 4076 testentur:
3101 4021 3232 4077 Ecce
3255 4040 3410 4079 sanus
3434 4027 3521 4098 {a-

1930 4115 2040 4161 ctus
2060 4123 2110 4161 es
2125 4123 2145 4161 :
2153 4107 2269 4177 jam
2293 4108 2400 4162 noli
2415 4125 2642 4180 peccare,
2667 4127 2729 4166 ne
2746 4111 2962 4167 deterius
2987 4113 3075 4166 tibi
3111 4114 3304 4186 aliquid
3317 4118 3520 4174 contiu-

1929 4206 2015 4268 gat
2044 4196 2202 4269 (Ibid.
2231 4212 2279 4253 υ.
2315 4199 2422 4270 Η).
2461 4199 2555 4256 Vel
2577 4201 2719 4256 enim
2750 4217 2932 4258 eorum
2960 4220 3079 4274 qua:
3108 4209 3472 4266 commisimus
3504 4254 3520 4278 ,

1932 4287 2129 4343 luimus
2154 4303 2359 4358 poenas,
2383 4289 2511 4346 dum
2534 4293 2883 4362 castigamur:
2907 4297 2988 4350 vel
3014 4299 3348 4355 occasionem
3375 4303 3521 4357 acci-

1931 4379 2106 4449 pimus
2141 4394 2487 4450 coronarum,
2511 4382 2559 4437 si
2579 4383 2702 4438 dum
2731 4395 2875 4442 recte
2912 4389 3172 4454 vivimus.
3201 4393 3355 4447 malis
3379 4395 3520 4450 afﬂi-

1927 4469 2119 4536 gimur.
2161 4469 2343 4541 Itaque
2376 4474 2488 4528 sive
2522 4473 2573 4528 in
2615 4474 2820 4544 justitia
2856 4479 2972 4534 sive
2999 4480 3049 4534 in
3082 4484 3313 4550 peccatis
3356 4484 3523 4544 vitam

1927 4559 2182 4630 degamus
2203 4601 2223 4629 ,
2244 4562 2370 4618 utile
2396 4562 2547 4619 nobis
2577 4573 2660 4620 est
2679 4568 2872 4635 puniri,
2905 4571 3044 4639 quod
3074 4571 3123 4626 id
3152 4573 3438 4644 aliquando
3463 4579 3526 4633 il-

1927 4653 2204 4710 lustriores
2233 4669 2331 4710 nos
2360 4656 2569 4726 reddat,
2599 4658 2882 4729 aliquando
2911 4663 3262 4722 modestiores
3285 4669 3482 4726 efﬁciat
3506 4713 3522 4736 ,

1927 4760 1990 4801 ac
2016 4745 2248 4802 futurum
2293 4749 2610 4818 supplicium
2641 4752 2794 4807 nobis
2836 4753 3058 4826 mitiget.
3093 4758 3256 4816 Posse
3291 4777 3528 4834 namque

1926 4837 2155 4908 aliquem
2188 4880 2203 4905 ,
2235 4839 2324 4909 qui
2354 4839 2512 4896 fuerit
2558 4840 2611 4897 in
2651 4842 2751 4899 hac
2779 4846 2883 4900 vita
2915 4849 3149 4916 punitus,
3172 4861 3369 4910 etcum
3401 4872 3526 4926 gra-

1927 4929 2118 4984 tiarum
2143 4930 2351 4986 actione
2376 4941 2566 4986 cuncta
2602 4935 2896 5003 pertulerit,
2934 4940 3246 5008 gravitatem
3275 4938 3528 5016 supplicii

1927 5018 1981 5076 in
1998 5022 2162 5077 altera
2199 5023 2305 5077 vita
2332 5024 2591 5080 subeundi
2619 5027 2865 5098 mitigare
2895 5071 2912 5096 ,
2951 5031 3097 5088 disce
3139 5050 3206 5088 ex
3247 5034 3332 5092 his
3376 5037 3528 5092 Pauli

1926 5113 2137 5168 verbis:
2161 5112 2189 5166 Ι
2195 5113 2286 5167 deo
2299 5114 2426 5169 inter
2442 5133 2527 5170 vos
2548 5119 2694 5171 multi
2717 5121 2908 5188 inﬁrmi
2933 5131 2979 5176 et
3007 5122 3301 5191 imbecilles,
3326 5135 3373 5180 et
3399 5127 3524 5180 dor-

1928 5205 2086 5258 miunt
2105 5204 2272 5260 multi.
2305 5205 2454 5271 Quod
2481 5205 2526 5261 si
2554 5211 2882 5281 nosmetipsos
2891 5212 3244 5282 judicaremus
3261 5257 3276 5282 ,
3300 5233 3401 5270 non
3421 5217 3523 5270 uti-

1926 5297 2405 5368 quejudicaremur;
2439 5298 2556 5352 dum
2578 5301 3068 5372 judicamurautem,
3090 5323 3120 5360 a
3137 5306 3524 5362 Domiuocorri.

1929 5392 2179 5463 pimur,ut
2198 5410 2298 5447 non
2316 5410 2426 5447 cum
2449 5396 2638 5448 mundo
2657 5395 2952 5450 damnentur
2974 5398 3021 5468 (1
3045 5398 3160 5453 Cor.
3180 5401 3200 5452 I
3221 5401 3264 5452 I.
3294 5400 3522 5470 30-52).

1999 5481 2338 5538 Providentia?
2360 5483 2459 5538 Dei
2485 5485 2860 5541 demonstratio.
2892 5517 2962 5527 —
3008 5488 3133 5543 Ilarc
3163 5489 3317 5558 igitur
3342 5493 3523 5548 omnia

1933 5589 2055 5630 cum
2082 5576 2355 5646 explorata
2381 5579 2488 5631 sint
2515 5577 2668 5632 nobis
2693 5618 2708 5643 ,
2738 5579 2810 5633 ita
2830 5577 2896 5632 de
2925 5579 3253 5648 providentia
3282 5581 3371 5636 Dei
3399 5584 3524 5652 phi-

1925 5666 2304 5738 Ios0phemur,
2335 5668 2515 5739 eisque
2556 5668 2645 5738 qui
2679 5667 3050 5724 contradicunt
3088 5686 3148 5726 os
3183 5674 3517 5731 ohturemus.

1927 5759 2077 5828 Quod
2103 5759 2145 5816 si
2170 5758 2295 5830 quid
2322 5759 2546 5828 accidat,
2569 5759 2711 5830 quod
2741 5768 2976 5817 montem
3008 5774 3246 5820 nostram
3271 5765 3518 5832 excedat,
