3896 6230
484 370 591 430 9.57

480 491 548 533 ne
577 474 776 533 idcirco
815 490 899 532 res
936 481 1145 530 nostras
1173 471 1347 528 divina
1381 471 1488 540 regi
1531 471 1855 543 providentia
1888 485 2049 541 nege-

479 584 597 624 mus
626 587 641 635 ;
672 568 765 625 sed
802 583 921 624 cum
961 582 1078 622 eam
1103 580 1169 621 ex
1198 571 1346 635 parte
1369 563 1926 634 con'tpreheuderimus
1950 604 1965 628 ,
1998 563 2050 616 in

453 648 545 717 liis
588 677 705 732 qua:
741 658 1120 729 comprehendi
1160 657 1374 712 minime
1416 666 1615 728 queunt
1641 698 1658 723 ,
1702 655 2053 727 investigabili

479 751 593 821 ejus
638 750 909 820 sapientia:
937 749 1207 803 cedamus.
1250 747 1305 803 Si
1334 748 1474 802 enim
1515 746 1746 801 hominis
1774 746 2053 800 artificium

481 844 642 897 homo
671 842 945 912 imperitus
973 839 1182 912 assequi
1209 841 1427 896 minime
1454 849 1667 910 potest,
1697 840 1862 894 multo
1892 839 2058 909 magis

481 937 805 1006 impossibile
826 946 1000 1005 est,ut
1021 937 1331 993 immensam
1364 938 1456 992 Dei
1485 938 1868 1009 providentiam
1898 936 2055 991 intel-

480 1027 606 1097 ligat
637 1042 788 1082 mcns
815 1027 1065 1082 humana.
1094 1026 1453 1082 Inmtabih’a
1490 1029 1675 1099 quippe
1710 1037 1824 1082 sunt
1861 1028 2062 1097 judicia

479 1119 613 1186 ejus,
640 1125 690 1171 et
715 1117 1082 1188 investigabiles
1106 1119 1200 1173 vite
1228 1118 1337 1190 eius
1357 1118 1376 1190 (
1393 1117 1544 1172 Rom.
1575 1120 1662 1174 11.
1689 1119 1759 1174 53
1777 1120 1817 1189 ).
1841 1117 2064 1173 Verum-

484 1217 661 1263 tamen
689 1223 808 1264 cum
845 1224 909 1263 ex
950 1210 1129 1278 paucis
1156 1208 1221 1264 de
1251 1218 1361 1264 toto
1394 1210 1657 1279 possimus
1699 1210 2059 1281 probationem

481 1310 545 1353 ac
572 1297 729 1352 fidem
752 1308 953 1352 certam
979 1299 1219 1368 accipere
1244 1339 1259 1365 ,
1301 1314 1394 1368 pro
1433 1301 1637 1354 cunctis
1668 1316 1785 1371 quze
1821 1300 2065 1354 accidunt

485 1388 604 1443 Deo'
633 1390 829 1459 gratias
872 1404 1107 1460 agamus.
1146 1389 1275 1444 Nam
1321 1400 1376 1446 et
1416 1390 1516 1444 alia
1552 1391 1756 1445 ratione
1787 1405 2066 1459 possumus

484 1480 685 1551 absque
715 1481 818 1534 ulla
850 1482 1270 1538 contradictione
1298 1482 1365 1538 de
1396 1483 1723 1554 providentia
1751 1482 1923 1537 divina
1956 1482 2068 1553 piti-

486 1570 774 1640 l050phari,
797 1572 839 1626 si
862 1571 1107 1627 velimus.
1131 1572 1519 1643 lnterrogemns
1540 1574 1681 1630 enim
1710 1572 2065 1637 adversarios,

487 1676 555 1717 an
576 1662 644 1717 sit
669 1663 844 1716 Deus?
872 1664 1012 1734 quod
1037 1664 1081 1718 si
1110 1662 1342 1718 dixerint
1370 1679 1474 1718 non
1504 1678 1622 1720 esse
1650 1664 1836 1730 Deum,
1860 1681 1927 1719 ne
1950 1665 2066 1719 illos

489 1767 747 1821 responso
776 1753 1074 1822 dignemur.
1107 1751 1172 1808 Ut
1203 1754 1342 1807 enim
1370 1753 1583 1809 furiosis
1610 1769 1820 1823 aequum
1848 1769 1953 1809 non
1985 1761 2068 1810 est

491 1852 548 1898 ut
573 1842 859 1914 quidquam
906 1844 1357 1912 respondeamus,
1396 1845 1467 1899 ita
1512 1859 1610 1899 nec
1645 1845 1748 1900 illis
1772 1843 1861 1914 qui
1900 1844 2064 1899 Deum

492 1950 597 1989 non
615 1948 734 1990 esse
751 1935 950 1991 dicunt.
980 1935 1109 1990 Nam
1135 1935 1178 1989 si
1209 1937 1495 2006 navigium,
1515 1937 1566 1990 in
1587 1951 1691 2006 quo
1722 1935 1872 2010 pauci
1894 1945 2067 1991 nautze

492 2024 687 2080 fuerint
711 2033 768 2080 et
790 2035 1052 2090 vectores,
1087 2025 1198 2080 fieri
1222 2028 1403 2097 nequit
1430 2036 1488 2082 ut
1513 2027 1776 2083 incolume
1803 2036 2063 2105 servetur,

494 2130 560 2170 ne
584 2114 652 2170 ad
680 2118 834 2170 unius
856 2117 1066 2186 quidem
1095 2118 1248 2171 stadii
1279 2120 1528 2187 spatium,
1561 2119 1761 2190 absque
1783 2136 1940 2174 manu
1969 2135 2068 2191 gu-

494 2208 790 2263 bernatoris
817 2225 833 2260 :
864 2210 1028 2263 multo
1054 2209 1220 2279 magis
1249 2218 1425 2265 tantus
1453 2210 1542 2266 hic
1584 2212 1841 2281 mundus,
1871 2216 1957 2286 qui
1993 2226 2071 2272 t-t

495 2298 546 2352 in
582 2313 641 2353 se
678 2313 899 2369 corpora
935 2300 1171 2354 continet
1197 2315 1260 2355 ex
1300 2300 1577 2356 elementis
1613 2302 1838 2358 conﬂata
1869 2344 1884 2369 ,
1925 2314 2072 2361 tanto

496 2398 736 2459 tempore
763 2406 866 2444 non
896 2390 1174 2458 durasset,
1204 2392 1303 2447 nisi
1333 2402 1478 2448 esset
1502 2394 1673 2468 aliqua
1699 2396 2026 2466 providentia
2053 2438 2069 2462 ,

494 2495 614 2549 quze
643 2479 717 2534 illi
748 2490 1001 2550 praeesset
1023 2524 1037 2545 ,
1066 2492 1119 2537 et
1150 2483 1250 2538 hoc
1273 2485 1577 2540 unlversum
1608 2497 1841 2543 tueretur
1864 2504 2074 2560 semper

1183 365 1239 420 S.
1283 363 1560 419 30391le
1596 357 2069 418 CIIRYSOSTOMI
2108 359 2423 417 ARCIIIEP.
2464 358 3000 418 CONSTANTINOP.
3634 361 3725 421 πρ

2154 483 2216 523 ac
2241 477 2467 540 regeret.
2511 469 2660 537 Quod
2703 471 2747 523 si
2778 485 3114 526 communem
3143 471 3384 529 omnium
3412 477 3726 532 sententiain

2155 573 2210 618 et
2237 564 2402 634 ipsam
2433 580 2608 619 rerum
2635 565 3014 635 experientiam
3037 566 3055 598 ¹
3084 568 3294 623 reveriti
3324 568 3491 626 Deum
3521 584 3645 625 esse
3666 569 3725 624 fa-

2157 666 2369 710 teanlttr
2392 698 2407 720 ,
2439 655 2540 710 hoc
2569 656 2674 710 illis
2705 656 2943 713 dicanms
2978 676 2990 712 :
3018 655 3074 713 Si
3112 658 3182 712 sit
3213 658 3350 713 Deus
3370 700 3386 725 ,
3413 671 3477 716 ut
3502 659 3732 729 profecto

2158 756 2260 813 est,
2284 747 2520 817 sequitur
2539 762 2661 800 eum
2683 749 2841 803 etiam
2859 748 3062 817 justum
3083 764 3204 805 esse
3236 767 3250 802 :
3282 750 3384 804 nisi
3404 750 3549 805 enim
3575 750 3736 820 justus

2160 838 2247 900 sit,
2271 852 2337 891 ne
2359 837 2497 890 Deus
2519 835 2727 905 quidem
2754 846 2837 891 est
2862 837 3044 907 :~quod
3072 838 3117 893 si
3141 838 3318 908 justus
3342 840 3432 903 sit,
3459 840 3737 909 unicuique

2165 942 2259 997 pro
2288 930 2489 983 meritis
2516 927 2707 983 reddit.
2735 929 2894 999 Atqui
2921 929 3160 985 videmus
3190 947 3293 987 non
3324 947 3512 986 omnes
3537 931 3627 988 hic
3658 948 3738 1002 pro

2164 1020 2367 1074 meritis
2404 1020 2681 1088 recipere:
2709 1019 2932 1089 proinde
2971 1035 3192 1076 necesse
3217 1031 3297 1075 est
3328 1022 3551 1077 alteram
3594 1023 3740 1079 nobis

2164 1113 2450 1181 repOsitam
2490 1113 2891 1167 retributionem
2930 1127 3241 1182 speremus,
3273 1126 3327 1169 ut
3353 1129 3473 1170 cum
3502 1132 3599 1186 pro
3633 1132 3737 1171 me-

2166 1204 2284 1259 ritis
2313 1204 2672 1275 unusquisque
2700 1205 3000 1276 receperit,
3030 1218 3285 1276 appareat
3313 1207 3518 1277 justitia
3546 1208 3738 1264 divina.

2168 1296 2294 1351 litec
2310 1296 2451 1351 enim
2473 1299 2642 1351 oratio
2664 1314 2766 1351 non
2794 1297 2861 1352 de
2890 1297 3217 1367 providentia
3243 1299 3441 1365 solum,
3468 1301 3562 1355 sed
3587 1301 3738 1356 etiam

2169 1388 2235 1444 de
2265 1388 2653 1443 resurrectione
2683 1388 3071 1458 philosophiam
3103 1390 3254 1445 nobis
3288 1391 3594 1446 introducit.
3631 1392 3741 1448 llmc

2172 1480 2328 1550 igitur
2356 1480 2585 1534 scientes
2610 1519 2626 1544 ,
2666 1495 2787 1534 cum
2827 1479 2928 1550 ipsi
2967 1479 3033 1535 de
3065 1481 3394 1550 providentia
3421 1491 3476 1536 et
3505 1497 3740 1538 resurre-

2170 1572 2345 1625 ctione
2375 1570 2720 1635 meditemur,
2752 1580 2860 1625 tum
2892 1581 3115 1626 caeteros
3141 1571 3427 1627 doceamus
3447 1615 3462 1638 ,
3501 1581 3556 1628 et
3594 1589 3742 1629 omne

2171 1661 2401 1715 Studium
2426 1648 2481 1715 in
2510 1660 2560 1715 id
2587 1660 2940 1727 conferamus,
2971 1672 3026 1716 ut
3054 1662 3138 1729 iis,
3166 1664 3253 1732 qui
3284 1663 3542 1719 adversus
3571 1665 3740 1719 Domi-

2174 1766 2299 1804 unm
2329 1751 2617 1818 insaniunt,
2647 1766 2708 1806 os
2733 1751 3090 1817 occludatnus,
3119 1767 3345 1823 eumque
3374 1767 3470 1806 nos
3498 1753 3553 1806 in
3585 1753 3747 1807 omni-

2173 1842 2268 1896 bus
2293 1843 2666 1912 glorificemns.
2709 1844 2800 1900 Sic
2835 1844 2976 1899 enim
3021 1844 3278 1915 majorem
3317 1845 3434 1916 ejus
3462 1861 3655 1901 curam
3692 1861 3748 1902 ac

2172 1937 2522 2005 patrocinium
2551 1937 2993 2006 promcrebimur,
3014 1948 3064 1992 et
3089 1939 3310 1992 multmn
3334 1937 3593 1992 auxilium
3623 1938 3748 1993 obti-

2172 2028 2433 2094 nehimus,
2456 2035 2612 2097 atque
2633 2027 2702 2082 ita
2724 2042 2846 2083 vera
2871 2029 3071 2083 malitia
3099 2029 3462 2091 liherabimur.
3489 2039 3546 2085 ct
3572 2029 3745 2084 futura

2174 2116 2312 2171 bona
2339 2131 2746 2187 consequemur,
2776 2119 2941 2189 gratia
2972 2127 3027 2174 et
3067 2118 3390 2188 benignitate
3422 2119 3636 2174 Domini
3665 2136 3753 2174 no-

2173 2209 2269 2263 stri
2297 2209 2423 2264 Iesu
2445 2208 2676 2276 Christi,
2706 2225 2800 2285 per
2824 2225 2984 2281 quem
3009 2219 3063 2267 et
3089 2226 3206 2266 cum
3235 2226 3343 2282 quo
3375 2211 3517 2265 l‘atri
3544 2210 3711 2282 gloria
3734 2253 3751 2279 ,

2174 2314 2277 2354 una
2305 2313 2424 2355 cum
2449 2300 2646 2370 Spiritu
2666 2299 3044 2372 Saneto,nunc
3065 2310 3118 2356 et
3145 2316 3375 2372 semper,
3407 2311 3462 2357 et
3486 2302 3541 2356 in
3567 2301 3754 2357 scecula

2174 2390 2514 2446 saeculorum.
2547 2392 2739 2449 Amen.

2242 2501 2259 2532 ¹
2295 2500 2450 2561 Colb.,
2473 2501 2693 2564 ipsarum
2708 2513 2872 2552 rerum
2887 2499 3254 2555 consensionem.

504 2700 584 2745 ΑΙ)
627 2698 737 2742 EOS
780 2698 887 2754 QUI
954 2699 1320 2757 OBJICIUNT,
1367 2702 1490 2745 CUB
1534 2704 1570 2746 Ε
1614 2704 1815 2749 MEDIO
1857 2706 2168 2752 SUBLATUS
2212 2710 2332 2752 NON
2367 2710 2466 2754 SIT
2507 2711 2810 2756 DIABOLUS
2841 2738 2858 2765 ,
2902 2713 2984 2754 ΕΤ
3024 2710 3192 2764 ρυου
3236 2712 3432 2760 Βωυε
3496 2715 3753 2763 ιιΑιιτυ

1109 2801 1286 2848 mnu.
1328 2801 1441 2847 nos
1486 2802 1729 2858 tamn,
1774 2804 1827 2848 sn
1872 2805 2316 2864 armemus,
2362 2809 2442 2850 ετ
2485 2811 2566 2852 ne
2595 2809 3002 2856 roeutreuru
3052 2792 3162 2872 (a).

1751 2949 2096 2966 M

1191 3261 1403 3303 HOMILIA
1436 3258 1494 3297 ιι.

572 3401 623 3453 l.
651 3398 783 3453 Laus
811 3398 1045 3455 Flaviani
1074 3404 1311 3474 epismpi.
1338 3434 1406 3449 —-
1426 3403 1571 3460 Isaac
1599 3405 1808 3476 quidem
1835 3423 1955 3463 cum
1984 3424 2073 3464 ex-

499 3499 736 3558 uptasset
774 3492 1060 3561 aliquando
1102 3493 1379 3562 prandium
1426 3495 1517 3550 lilii
1559 3496 1806 3553 manibus
1836 3509 2075 3568 paratum

500 3577 815 3645 comedere,
845 3579 1008 3634 tilium
1047 3595 1112 3635 ex
1138 3582 1341 3637 aedibus
1378 3583 1444 3638 ad
1481 3586 1818 3643 venationem
1852 3589 2029 3644 emisit
2057 3607 2073 3647 :

504 3669 590 3724 hic
616 3684 742 3725 vero
771 3681 951 3726 noster
995 3671 1137 3727 Isaac
1172 3689 1293 3728 cum
1330 3682 1635 3746 exoptasset
1667 3680 1942 3749 prandium
1987 3695 2078 3736 su-

501 3775 651 3815 mere
674 3759 918 3816 manibus
943 3762 1138 3817 nostris
1167 3772 1440 3834 paratum,
1480 3780 1586 3821 non
1627 3781 1695 3826 ex
1739 3767 1940 3826 :edibus
1982 3786 2079 3828 nos

500 3851 710 3916 emisit,
741 3852 834 3907 sed
866 3853 977 3922 ipse
1023 3864 1258 3909 nostram
1296 3855 1365 3910 ad
1400 3871 1637 3914 mensam
1673 3861 1921 3917 accurrit.
1950 3860 2079 3930 Quis

472 3942 755 4011 -tnajorem
787 3954 1063 4014 paternum
1104 3959 1338 4001 amorem
1378 3963 1624 4020 umquam
1650 3951 2079 4022 exhibuit‘iquis

502 4032 855 4089 humilitatem
889 4035 1144 4106 majorem
1169 4051 1256 4103 eo,
1288 4039 1376 4108 qui
1403 4047 1508 4095 tam
1537 4041 1811 4099 ardentem
1837 4044 2080 4116 dignatus

503 4133 588 4179 est
612 4126 893 4183 oatendere
921 4129 1194 4184 caritatem
1217 4170 1232 4196 ,
1267 4138 1575 4201 tantumque
1606 4134 1770 4189 voluit
1796 4150 1855 4190 se
1883 4136 2080 4192 demit-

508 4216 665 4270 tere?
687 4215 1041 4284 Quamobrem
1085 4234 1183 4274 nos
1209 4220 1368 4275 etiam
1394 4262 1409 4286 ,
1439 4221 1530 4290 qui
1560 4232 1615 4277 et
1647 4224 1791 4278 vocis
1831 4225 2082 4280 intentio-

507 4320 627 4362 nem
651 4314 708 4363 et
730 4309 922 4378 pedum
959 4310 1262 4366 ﬁrmitatem
1339 4314 1599 4369 matutina
1637 4318 2079 4375 sermocinatione

505 4398 863 4470 depressimus
886 4441 902 4465 ,
935 4403 1136 4469 paterni
1166 4402 1342 4460 vultus
1381 4413 1596 4474 aspectu
1627 4409 1885 4473 recreati,
1911 4409 2082 4464 conti-

508 4509 613 4546 nuo
639 4493 960 4549 infirmitatis
984 4494 1133 4549 obliti
1162 4512 1344 4551 sumus
1369 4538 1384 4562 ,
1413 4506 1680 4567 torporem
1705 4499 2036 4554 excuSsimus
2063 4543 2080 4567 ,

508 4585 776 4655 voluptate
803 4588 1057 4640 commoti
1086 4603 1270 4641 suntus
1295 4597 1349 4645 et
1374 4589 1556 4655 erecti,
1582 4589 1915 4662 splendidam
1944 4590 2080 4649 vidi-

470 4692 628 4731 vmus
674 4678 965 4744 canitiem,
1016 4688 1072 4733 et
1112 4680 1289 4734 anima
1338 4690 1518 4736 nostra
1569 4682 1687 4738 luce
1735 4683 1936 4754 repleta
1976 4692 2080 4742 est.

511 4769 795 4837 l'repterea
831 4784 1040 4840 quoque
1079 4782 1321 4842 prompto
1349 4782 1403 4827 et
1426 4774 1587 4829 alacri
1628 4774 1807 4828 animo
1847 4790 2083 4829 mensam

509 4861 823 4929 apponimus
842 4904 856 4926 ,
885 4874 941 4916 ut
972 4878 1100 4930 nos,
1131 4879 1251 4919 cum
1287 4865 1612 4931 comederit,
1642 4866 1939 4922 benedicat.
1969 4865 2084 4925 Non

512 4952 598 5007 hic
623 4950 815 5009 furtum
844 4961 1000 5009 estet
1040 4953 1224 5020 dolus,
1265 4966 1317 5009 ut
1355 4955 1462 5010 illic
1496 4964 1605 5011 tum
1641 4955 1738 5012 fuit
1766 4974 1779 5010 :
1807 4956 1941 5011 alius
1964 4962 2085 5028 qui-

509 5043 630 5098 dem
658 5043 850 5100 aﬂ'erre
873 5046 1054 5115 jussus
1075 5054 1173 5112 est,
1205 5047 1338 5103 alius
1365 5063 1492 5103 vero
1521 5048 1698 5103 attulit
1723 5065 1739 5114 ;
1768 5049 1861 5104 sed
1888 5064 1986 5119 ego
2011 5047 2087 5102 af-

512 5137 649 5191 ferre
675 5136 856 5206 jussus
893 5153 1007 5192 sum
1033 5181 1049 5204 ,
1089 5154 1191 5211 ego
1220 5155 1430 5213 quoque
1460 5141 1628 5195 attuli.
1662 5140 1741 5195 Tu
1766 5157 1891 5196 vero
1918 5141 2085 5197 bene-

510 5230 742 5285 dictione
770 5230 1030 5300 Spirituali
1073 5232 1295 5289 benedic
1334 5234 1521 5302 nobis,
1550 5245 1716 5302 pater.
1746 5242 1800 5289 et
1841 5251 1901 5289 ea
1928 5251 2085 5304 quam

512 5321 753 5391 accipere
778 5332 1024 5392 optamus
1046 5339 1253 5387 omnes,
1284 5340 1506 5394 qumque
1535 5340 1639 5377 non
1666 5323 1823 5379 modo
1853 5325 1966 5391 tibi,
1992 5324 2086 5380 sed

513 5423 566 5468 ct
592 5414 719 5468 mihi
745 5424 799 5469 et
822 5417 1068 5470 omnibus
1096 5414 1179 5469 his
1206 5416 1275 5469 sit
1297 5415 1469 5471 utilis:
1496 5431 1830 5471 communem
1851 5417 2086 5471 onmium

515 5515 757 5561 nostrum
788 5507 1066 5562 Dominum
1092 5522 1309 5576 precare
1337 5547 1353 5574 ,
1385 5517 1442 5561 nt
1482 5509 1640 5562 vitam
1683 5519 1823 5564 tuam
1862 5509 1928 5564 ad
1960 5524 2086 5572 nro-

509 5588 675 5647 ltxam
708 5593 850 5648 Isaac
879 5606 1203 5651 senecwtem
1237 5596 1494 5667 producat
1525 5615 1538 5651 :
1573 5598 1672 5653 hoc
1701 5600 1841 5654 enim
1871 5613 1924 5654 ct
1956 5603 2086 5659 mihi

579 5687 653 5758 (α)
686 5694 859 5748 Collata
883 5711 990 5747 cum
1012 5686 1180 5751 Codice
1213 5702 1357 5761 Regio
1385 5701 1520 5758 169l.
1547 5711 1597 5752 et
1616 5701 1745 5751 Coll).
1770 5701 1894 5757 1050.

2103 2935 2208 2979 ῢῦ

2212 2953 2522 2973 -ι--Ἦ

2178 3141 2231 3190 et
2273 3130 2392 3189 istis
2426 3147 2547 3188 rore
2596 3133 2712 3190 caeli
2753 3149 2815 3191 ac
2869 3133 3183 3206 pinguedine
3214 3144 3371 3190 terra:
3424 3135 3597 3191 multo
3641 3150 3759 3203 pre-

2179 3221 2366 3275 tiosius
2390 3230 2473 3277 est
2494 3231 2547 3279 et
2570 3222 2911 3284 fructuosius.

2255 3306 2533 3363 Homilium
2580 3313 2937 3382 prweedenlem
2976 3321 3349 3367 commemorat.
3407 3342 3481 3355 --
3534 3315 3762 3371 Verum-

2178 3398 2450 3457 enimvero
2473 3402 2584 3472 jam
2617 3412 2824 3473 tempus
2860 3412 2943 3459 est
2964 3444 2987 3467 ι
3009 3412 3066 3457 nt
3103 3419 3338 3459 mensam
3379 3420 3758 3474 apponamus:

2177 3505 2296 3559 qua:
2339 3506 2497 3561 porro
2540 3492 2625 3546 illa
2653 3493 2778 3547 est?
2806 3492 3060 3563 Reliquite
3101 3493 3348 3548 nimirum
3378 3508 3570 3549 eorum
3597 3536 3614 3560 ,
3647 3511 3763 3567 qua:

2180 3594 2351 3650 nuper
2369 3582 2576 3637 caritati
2607 3592 2796 3637 vestrae
2821 3582 2960 3637 dicta
2985 3590 3146 3637 sunt:
3173 3582 3345 3638 adhuc
3367 3584 3538 3651 enim,
3562 3586 3762 3653 adhuc,

2179 3671 2430 3741 inquam,
2462 3672 2530 3728 de
2555 3671 2767 3727 diabolo
2793 3687 3092 3727 sermonem
3119 3672 3374 3728 habemus
3393 3713 3410 3741 ,
3442 3690 3610 3745 quem
3639 3686 3766 3734 ante

2177 3762 2313 3817 duos
2340 3762 2439 3817 bos
2466 3763 2582 3817 dies
2611 3761 2933 3817 instituimus
2950 3805 2966 3828 ,
2994 3778 3153 3833 quem
3178 3771 3232 3820 et
3258 3779 3415 3821 mane
3440 3765 3510 3819 ad
3538 3781 3640 3821 eos
3667 3767 3766 3821 ba-

2181 3852 2389 3906 lmimns
2411 3894 2424 3917 ,
2452 3852 2542 3923 qui
2563 3853 2827 3924 mysteriis
2848 3853 3139 3920 initiantur,
3169 3868 3290 3908 cum
3314 3853 3382 3910 de
3409 3854 3767 3911 abrenuntia-

2180 3943 2324 4001 tione
2369 3944 2541 4014 deque
2581 3944 2952 4016 aggregatimte
2993 3943 3133 4015 apud
3179 3944 3311 3999 istos
3349 3943 3765 4002 dissereremus.

2181 4034 2292 4089 lloc
2318 4045 2494 4091 autem
2524 4036 2748 4105 agimus,
2775 4050 2878 4091 non
2908 4035 3050 4107 quod
3073 4034 3303 4092 delectet
3326 4051 3427 4091 nos
3454 4035 3527 4091 de
3550 4037 3770 4094 diabolo

2180 4124 2340 4180 verba
2366 4123 2539 4179 facere
2561 4165 2577 4190 ,
2606 4125 2699 4180 sed
2727 4125 2868 4196 quod
2898 4133 3007 4180 tuta
3046 4126 3117 4180 sit
3150 4125 3303 4181 vobis
3327 4134 3446 4196 qua
3470 4126 3542 4181 de
3571 4143 3644 4184 eo
3670 4129 3772 4182 do—

2180 4215 2349 4271 ctrina
2380 4213 2668 4285 profertur.
2698 4215 2792 4270 Est
2815 4215 2958 4271 enim
2987 4214 3233 4271 inimicus
3259 4224 3314 4271 et
3340 4215 3510 4272 hostis
3537 4229 3766 4272 noster:

2180 4305 2308 4363 illud
2339 4320 2500 4377 porro
2538 4305 2875 4362 securitatem
2909 4320 3153 4376 magnam
3184 4305 3362 4377 parit,
3391 4304 3438 4359 si
3475 4306 3644 4360 nobis
3688 4320 3775 4361 res

2181 4398 2514 4455 inimicorum
2545 4398 2696 4468 plane
2719 4398 2828 4455 sint
2855 4406 3014 4452 notat.
3048 4397 3287 4452 Diximus
3315 4412 3486 4468 nuper
3513 4414 3651 4453 eum
3678 4413 3772 4468 per

2182 4490 2486 4545 violentiam
2511 4506 2616 4544 non
2638 4489 2869 4555 vincere,
2892 4503 3064 4559 neque
3088 4502 3183 4558 per
3205 4487 3565 4559 tyrannidem,
3595 4504 3776 4557 neque

2183 4581 2551 4637 necessitatem
2573 4578 2840 4635 affet-endo
2858 4620 2872 4644 ,
2896 4593 2995 4633 nec
3021 4578 3259 4649 cogendo
3284 4594 3298 4632 :
3331 4579 3591 4649 quoniam
3622 4580 3672 4635 si
3704 4581 3776 4635 ita

2182 4682 2358 4739 esset,
2386 4686 2574 4727 omnes
2598 4671 2778 4741 utique
2805 4670 3053 4739 perderet
3082 4687 3096 4723 :
3126 4669 3389 4739 hnjusque
3424 4671 3504 4725 rei
3543 4662 3778 4740 protuli-
3806 4655 3811 4683 ἱ

2184 4781 2302 4827 mus
2328 4772 2692 4836 argumentum
2723 4775 2915 4832 porcos
2933 4802 2948 4826 ,
2980 4762 3032 4815 in
3057 4775 3190 4831 quos
3218 4759 3347 4815 nihil
3374 4774 3539 4831 agere
3564 4761 3779 4816 daemo-

2185 4874 2282 4914 nes
2307 4865 2611 4927 potuerunt,
2640 4864 2921 4925 antequam
2951 4868 2979 4906 a
3008 4852 3234 4907 Domino
3271 4852 3601 4921 permissum
3633 4862 3783 4908 esset

2185 4947 2395 5020 (Matth.
2418 4945 2472 5003 8.
2487 4945 2581 5001 5i.
2632 4943 2826 5016 seqq.);
2856 4953 3093 4998 armenta
3114 4942 3235 5007 Job,
3257 4950 3312 4996 et
3331 4956 3526 5013 greges
3552 4959 3571 5006 ;
3601 4957 3783 5012 neque

2185 5041 2324 5097 enim
2348 5039 2462 5094 inec
2488 5037 2727 5092 diabolus
2751 5051 2910 5090 ausus
2930 5042 3010 5089 est
3035 5033 3278 5105 perdere,
3301 5047 3588 5102 quousque
3614 5033 3783 5090 desu-

2186 5150 2281 5206 per
2310 5140 2623 5208 potestatem
2652 5128 2873 5198 accepit.
2906 5125 3080 5183 Unum
3109 5126 3271 5196 igitur
3296 5124 3400 5178 hoe
3431 5124 3677 5193 primum
3705 5125 3785 5179 di-

2187 5228 2429 5293 dicimus,
2460 5240 2583 5282 eum
2610 5238 2706 5294 per
2732 5220 2836 5274 vim
2865 5229 2957 5273 aut
2982 5218 3350 5273 necessitatem
3378 5229 3485 5269 non
3511 5214 3783 5271 vincere:

2187 5317 2475 5375 secundum
2502 5325 2618 5385 post
2641 5312 2762 5366 illud
2786 5309 3105 5375 addidimus,
3130 5306 3269 5378 quod
3297 5305 3545 5374 quamvis
3575 5305 3787 5360 fraudi-

2184 5414 2286 5467 bus
2315 5411 2486 5465 vineat
2504 5449 2519 5471 ,
2559 5423 2662 5461 non
2692 5416 2867 5459 tamen
2896 5404 2976 5458 sic
3001 5399 3205 5458 cunctis
3232 5397 3475 5468 superior
3533 5399 3733 5456 evadit
3762 5416 3780 5467 ;

2188 5516 2240 5559 et
2268 5516 2448 5556 rursus
2472 5499 2723 5556 athletam
2750 5497 2921 5566 ipsum
2953 5494 3003 5549 in
3032 5491 3260 5547 medium
3290 5489 3618 5560 protulimus
3642 5489 3747 5545 Job
3768 5529 3785 5555 ,

2188 5595 2270 5650 cui
2302 5595 2423 5648 licet
2449 5591 2592 5646 mille
2618 5587 2886 5643 machinas
2914 5583 3246 5648 admoverit,
3283 5597 3390 5637 non
3427 5596 3556 5636 eum
3601 5589 3787 5635 tamen

2191 5689 2288 5742 hac
2316 5662 2519 5745 ratione
2561 5677 2867 5752 superavit,
2909 5674 3002 5732 sed
3041 5684 3095 5733 et
3136 5675 3306 5730 victus
3344 5670 3637 5728 abscessit.
3662 5669 3783 5726 l‘na

3860 2166 3866 2200 i
