3894 6226
296 323 410 380 259

291 437 404 506 jam
433 439 594 489 restat
620 431 864 504 quaestio.
895 429 1148 499 Quasnam
1176 430 1264 486 illa
1297 431 1556 487 tandem?
1587 430 1737 500 Quod
1762 431 1886 488 licet

299 541 397 596 per
435 525 540 579 vim
567 565 584 590 ,
624 522 868 594 inquiunt
895 562 909 587 ,
943 538 1049 577 non
1092 523 1306 589 vincat,
1345 529 1578 578 attamen
1620 522 1889 578 fraudibus

301 619 499 673 vincit:
531 618 754 687 ideoque
779 617 968 672 melius
994 616 1150 684 foret,
1174 627 1230 671 ut
1254 619 1466 688 penitus
1489 618 1698 673 deletus
1725 626 1887 673 esset.

299 712 550 779 Quamvis
591 709 732 766 enim
772 708 874 765 Job
917 710 1160 779 superior
1186 711 1458 775 evaserit,
1497 711 1665 764 Adam
1711 719 1887 766 tamen

297 806 552 874 deceptus
582 814 661 858 est
684 813 742 859 et
771 791 1142 872 supplantatus
1174 819 1187 855 :
1219 803 1360 873 quod
1388 803 1431 857 si
1458 803 1626 858 semel
1651 818 1682 858 e
1711 802 1890 858 medio

297 899 535 952 sublatus
555 905 720 960 esset,
748 912 815 950 ne
835 895 1002 950 Adam
1024 894 1238 965 quidem
1263 897 1630 965 supplantatus
1659 909 1887 965 unquam

294 988 522 1051 fuisset;
550 987 658 1056 jam
685 1001 829 1050 vero,
862 984 986 1040 dum
1016 995 1201 1040 manet.
1221 1027 1235 1049 ,
1263 988 1332 1040 ab
1361 1003 1465 1042 uno
1491 986 1700 1055 quidem
1728 1001 1890 1056 supe-

294 1091 464 1146 ratur,
489 1095 551 1134 ac
571 1081 752 1134 multis
773 1080 1014 1148 superior
1033 1079 1246 1134 evadit:
1269 1079 1454 1133 decem
1473 1079 1624 1133 illum
1646 1079 1885 1145 vincunt,

293 1170 392 1225 sed
430 1170 500 1223 ab
528 1185 596 1224 eo
619 1171 770 1224 mille
810 1179 1129 1240 superantur
1151 1178 1203 1224 et
1234 1180 1604 1239 expugnantur
1629 1189 1641 1223 :
1670 1170 1751 1224 sin
1791 1185 1888 1224 au-

289 1269 402 1317 tem
435 1262 580 1316 illmn
601 1277 634 1316 e
659 1261 838 1316 medio
859 1261 1184 1327 sustulisset,
1211 1276 1385 1330 neque
1415 1260 1562 1314 mille
1583 1261 1668 1314 isti
1695 1261 1887 1331 periis-

290 1359 433 1406 sent.
466 1351 602 1418 Quid
633 1351 790 1422 igitur
816 1350 881 1405 ad
909 1351 1009 1406 hoc
1035 1350 1517 1420 respondebimus?
1541 1349 1703 1405 Multo
1729 1351 1888 1406 nimi-

295 1455 414 1495 rum
443 1442 610 1511 pluris
639 1456 758 1496 esse
782 1439 1059 1496 iaciendos
1085 1441 1172 1510 qui
1203 1440 1420 1494 vincunt
1444 1481 1459 1504 ,
1489 1456 1646 1511 quam
1674 1441 1761 1510 qui
1790 1456 1886 1496 su-

295 1541 582 1602 perantur,
614 1531 736 1586 licet
779 1530 830 1584 hi
873 1531 1052 1599 plures
1095 1532 1235 1596 sint,
1272 1529 1346 1584 illi
1380 1531 1672 1599 pauciores.
1705 1530 1888 1585 Melior

294 1621 438 1676 enim
464 1631 535 1676 est
556 1663 570 1685 ,
602 1622 808 1690 inquit,
839 1638 970 1674 unus
991 1626 1077 1689 qui
1102 1621 1258 1690 faciat
1286 1621 1590 1674 uoluntatem
1619 1620 1714 1675 Dei
1736 1637 1887 1691 quam

294 1714 438 1767 mille
460 1713 618 1783 iniqui
647 1711 849 1784 (Eccli.
882 1712 969 1768 l6.
995 1712 1031 1767 3
1051 1712 1090 1781 ).
1133 1711 1333 1767 Deinde
1360 1726 1486 1768 vero
1510 1712 1650 1781 quod
1689 1712 1884 1767 adver-

292 1805 436 1859 sario
461 1806 668 1858 sublato
697 1805 868 1858 victor
907 1803 1020 1872 ipse
1060 1819 1156 1873 per
1193 1803 1321 1858 illud
1362 1804 1556 1857 damno
1587 1802 1877 1858 afﬁciatur.

293 1895 429 1951 Nam
453 1897 496 1950 si
525 1896 886 1951 adversarium
911 1896 1125 1967 quidem
1154 1911 1371 1952 manere
1400 1897 1692 1966 permittas,
1723 1895 1876 1965 igua.

287 1991 472 2044 vimus
505 2005 609 2042 non
638 1990 710 2044 ob
737 2003 832 2044 eos
855 2031 870 2055 ,
901 1989 990 2060 qui
1031 1989 1198 2060 magis
1239 1988 1444 2042 strenui
1484 1995 1607 2042 sunt
1627 2028 1643 2053 ,
1685 1987 1780 2041 sed
1813 1987 1884 2041 ob

295 2079 557 2151 ignaviam
579 2095 731 2135 suam
751 2081 943 2136 damna
966 2081 1267 2150 patiuntur;
1297 2080 1376 2133 sin
1399 2089 1577 2133 autem
1603 2077 1884 2133 sustuleris

294 2171 677 2236 adversarium,
709 2171 800 2241 qui
827 2172 994 2243 magis
1020 2171 1219 2226 strenui
1243 2179 1388 2234 sunt,
1420 2169 1490 2224 ob
1515 2169 1734 2239 ignavus
1759 2167 1881 2222 afﬁ-

290 2261 505 2317 ciuntur
529 2262 742 2330 injuria,
786 2275 960 2332 neque
990 2262 1198 2316 virtutis
1227 2275 1338 2317 suae
1367 2261 1638 2331 specimen
1665 2259 1871 2326 edunt,

295 2369 472 2424 neque
497 2368 723 2409 coronas
751 2354 1133 2424 adipiscatur.

361 2445 418 2498 '2.
465 2443 708 2498 Nondum
748 2443 974 2500 fortasse
1014 2443 1324 2516 percipitis,
1352 2458 1471 2514 qua:
1508 2442 1617 2499 dixi
1645 2461 1661 2499 :
1689 2458 1880 2515 quam-

289 2535 477 2589 obrem
520 2535 715 2590 clarius
750 2535 936 2590 eadem
963 2541 1045 2590 est
1075 2548 1295 2590 necesse
1327 2534 1595 2590 dicantur.
1627 2533 1710 2590 Sit
1737 2534 1881 2606 pugil

295 2641 432 2681 mnis
461 2627 516 2688 ¹;
545 2627 652 2680 sint
674 2636 729 2681 et
752 2625 964 2681 athleta:
992 2626 1099 2682 duo
1121 2626 1211 2695 qui
1233 2641 1360 2681 cum
1385 2640 1454 2682 eo
1479 2627 1584 2682 sint
1611 2627 1878 2695 luctaturi,

292 2726 454 2790 atque
476 2735 540 2772 ex
571 2718 654 2774 his
679 2719 887 2774 duobus
912 2717 1127 2773 athletis
1151 2734 1292 2773 unus
1321 2719 1533 2789 quidem
1561 2719 1630 2773 sit
1653 2719 1881 2790 ingluvie

291 2819 573 2880 corruptus
593 2851 608 2876 ,
634 2819 972 2880 contemptus
990 2850 1006 2874 ,
1037 2810 1238 2865 viribus
1264 2808 1526 2875 defectus,
1554 2819 1878 2878 enervatus;

288 2900 424 2954 alter
443 2915 569 2954 vero
591 2900 681 2970 qui
701 2909 914 2956 strenue
931 2915 990 2955 se
1005 2909 1173 2970 gerat,
1188 2901 1324 2956 bene
1345 2900 1524 2955 habito
1542 2901 1612 2956 sit
1629 2915 1875 2971 corpore,

291 2993 346 3047 in
369 2993 617 3062 palaestra
644 3003 904 3060 versetur,
924 2995 974 3048 in
1004 2993 1182 3048 multis
1209 2994 1519 3064 gymnasiis,
1546 2994 1798 3064 omnique
1819 3007 1879 3051 se

288 3085 538 3141 athletica
582 3087 964 3142 exercitatione
1003 3087 1317 3142 corroboret
1364 3105 1378 3142 :
1427 3088 1474 3143 si
1518 3088 1878 3145 adversarium

289 3191 420 3247 ergo
446 3178 728 3233 sustuleris
751 3220 768 3246 ,
806 3179 916 3233 utri
959 3179 1149 3234 horum
1196 3179 1439 3249 injuriam
1484 3179 1724 3235 iuferes?
1749 3196 1878 3236 num

289 3269 483 3338 ignavo
505 3278 561 3324 et
587 3269 870 3340 negiigenti
890 3312 905 3336 ,
945 3285 1013 3325 an
1041 3280 1258 3326 strenuo
1280 3312 1297 3338 ,
1326 3271 1414 3340 qui
1443 3277 1520 3325 tot
1545 3270 1756 3326 labores
1780 3285 1877 3326 ex-

288 3360 615 3414 aatlaverit‘l
656 3359 806 3414 Hand
847 3359 1066 3414 dubium
1091 3401 1106 3426 ,
1143 3361 1268 3430 quin
1303 3370 1527 3416 strenuo
1560 3378 1575 3415 :
1628 3377 1748 3415 nam
1789 3361 1879 3416 hic

289 3451 507 3520 quidem
533 3461 751 3520 propter
775 3451 1021 3521 ignavum
1052 3451 1358 3507 adversario
1383 3452 1593 3506 sublato
1621 3451 1876 3506 damnum

289 3553 372 3598 est
397 3558 618 3612 passm;
650 3552 704 3596 at
729 3545 948 3613 ignavus
975 3543 1068 3598 illo
1095 3554 1344 3599 manente
1373 3559 1478 3598 non
1501 3544 1609 3614 jam
1637 3545 1710 3600 ob
1730 3554 1876 3599 stre-

290 3649 453 3688 nuum
483 3633 670 3702 injuria
691 3641 774 3689 est
797 3633 1036 3701 affectus,
1055 3634 1250 3704 quippe
1264 3634 1354 3705 qui
1375 3642 1592 3704 propter
1615 3634 1877 3705 ignaviam

293 3739 442 3780 suam
470 3724 783 3780 conciderit.

364 3814 488 3870 Non
509 3815 740 3869 diabolus
766 3815 902 3869 ludit
926 3815 1196 3879 hominem,
1221 3815 1313 3869 sed
1338 3814 1546 3884 propria
1561 3814 1783 3886 ignavia.
1805 3843 1880 3856 —

294 3908 478 3965 Dicam
515 3919 572 3965 et
601 3908 763 3962 aliam
799 3908 1110 3979 quaestionis
1135 3907 1292 3977 hujus
1321 3907 1634 3963 solutionem
1657 3949 1673 3972 ,
1704 3916 1763 3961 ut
1792 3907 1878 3962 in~

294 4002 501 4072 telligas
528 4017 632 4054 non
657 4000 926 4054 diabolum
957 3999 1200 4069 injuri-am
1227 3998 1422 4053 inferre
1445 4038 1462 4064 ,
1487 3997 1581 4053 sed
1609 3999 1876 4068 propriam

293 4092 555 4163 ignaviam
585 4107 678 4146 eos
702 4131 718 4157 ,
754 4091 844 4160 qui
875 4089 1093 4144 minime
1118 4089 1302 4143 attenti
1332 4097 1494 4154 sunt,
1525 4087 1722 4157 ubique
1745 4101 1876 4156 sup-

294 4187 552 4253 plantare.
586 4183 932 4252 Relinquatur
958 4181 1202 4237 diabolus
1238 4179 1526 4234 admodum
1567 4179 1738 4233 malus
1766 4193 1874 4233 non

290 4287 480 4334 mtura
509 4318 524 4342 ,
574 4276 671 4331 sed
715 4275 876 4329 animi
916 4273 1188 4343 proposito
1228 4286 1292 4326 ac
1337 4272 1602 4326 sententia
1634 4287 1646 4322 :
1680 4269 1876 4324 malum

294 4369 436 4424 enim
459 4376 651 4422 natura
677 4381 786 4420 non
813 4380 931 4420 esse
954 4364 1225 4419 diabolum
1251 4401 1266 4428 ,
1297 4377 1364 4418 ex
1402 4361 1710 4417 nominibus
1749 4361 1878 4431 ipsis

291 4473 575 4530 cognosce.
605 4457 854 4512 Diabolus
873 4470 1124 4524 namque,
1151 4454 1254 4509 hoc
1273 4462 1355 4509 est
1379 4463 1678 4517 accusator,
1701 4453 1879 4508 dictus

291 4559 376 4606 est
399 4551 468 4605 ab
489 4548 821 4604 accusando:
844 4547 1117 4602 hominem
1141 4546 1285 4600 enim
1311 4544 1452 4614 apud
1475 4545 1638 4599 Deum
1661 4559 1880 4600 acassa-

294 4645 370 4697 vit
391 4682 406 4706 ,
439 4639 579 4695 Nam
603 4642 759 4712 gratis
785 4638 886 4693 Job
912 4648 963 4691 te
985 4637 1106 4691 colit
1122 4637 1148 4690 Υ
1175 4636 1447 4706 inquiens,
1473 4635 1566 4690 sed
1589 4637 1732 4690 mitte
1765 4651 1879 4688 mu-

291 4749 414 4788 m
445 4741 602 4794 tuam,
627 4741 678 4784 et
708 4739 854 4800 tange
869 4742 986 4798 quae
1010 4726 1156 4782 habet
1185 4741 1204 4780 :
1229 4727 1271 4780 si
1290 4742 1391 4780 non
1409 4726 1464 4779 in
1485 4726 1666 4798 faciem
1692 4738 1740 4780 te
1761 4724 1878 4780 bla-

289 4820 654 4890 spliemabit’(
677 4818 776 4873 Job
803 4820 851 4874 l.
897 4817 952 4874 9.
981 4817 1041 4871 .ll
1069 4817 1111 4887 ).
1155 4816 1444 4871 Accusavit
1483 4829 1671 4870 rursus
1711 4815 1878 4869 Deum

291 4913 432 4982 apud
459 4912 729 4967 hominem
750 4949 770 4974 ,
810 4909 957 4980 Ignis
982 4906 1163 4962 cecidit
1202 4907 1268 4960 de
1307 4907 1431 4960 cdo
1455 4947 1470 4971 ,
1518 4907 1802 4976 inquiens,
1834 4915 1880 4959 et

292 5005 565 5060 combussit
591 5019 706 5057 oues
743 4999 867 5071 (Ib.
898 5016 947 5054 υ.
979 4999 1085 5070 l6)
1116 5016 1128 5054 :
1160 4999 1426 5068 siquidem
1448 4999 1527 5052 :illi
1553 4997 1882 5068 persuadere

286 5095 580 5159 nitebatur,
606 5093 840 5163 desuper
877 5106 911 5147 e
937 5091 1085 5147 caelis
1114 5090 1307 5144 bellum
1330 5089 1476 5143 istud
1520 5090 1570 5143 in
1608 5103 1730 5143 eum
1758 5103 1880 5143 esse

290 5197 652 5251 commotum,
687 5194 744 5242 et
775 5199 988 5241 servum
1024 5199 1145 5238 cum
1187 5182 1405 5238 dimitto
1426 5183 1749 5246 collidebat,
1780 5182 1880 5237 do-

293 5283 605 5347 minumque
630 5291 754 5333 cum
787 5289 948 5331 servo
977 5291 993 5327 :
1025 5275 1136 5329 imo
1163 5289 1289 5328 vero
1320 5289 1428 5328 non
1454 5273 1757 5340 coltidebat,
1786 5274 1880 5328 sed

290 5378 516 5428 amatus
544 5376 629 5425 est
655 5369 870 5440 quidem
887 5407 905 5435 ,
948 5373 1004 5422 at
1047 5382 1156 5421 mm
1183 5365 1346 5421 valuit
1375 5382 1392 5419 :
1422 5375 1478 5420 ut
1499 5380 1627 5420 cum
1656 5367 1882 5421 alterum

367 5504 388 5568 ξ
413 5502 547 5568 Huic,
569 5501 630 5568 sit
655 5501 952 5568 pugilunus,
976 5501 1100 5568 ἐστῳ
1123 5499 1470 5568 ᾀγταγωγιςιής
1496 5498 1575 5558 εἷς,
1598 5498 1806 5568 deerant
1829 5499 1876 5568 in

301 5562 430 5611 Εσῆι.
459 5559 766 5622 Minel.,'sed
789 5565 1041 5613 habentur
1063 5565 1112 5610 in
1137 5562 1259 5622 Reg.
1283 5566 1338 5610 et
1349 5560 1515 5618 Colb.,
1539 5567 1807 5622 monetque
1827 5559 1878 5608 in

301 5626 432 5673 notis
453 5624 556 5676 suis
585 5628 790 5674 Dacicus
820 5638 935 5674 esse
958 5624 1278 5672 restituenda.

366 5686 530 5748 ’_lleg.
559 5689 695 5735 solus
715 5687 886 5748 habet,
917 5685 960 5735 si
988 5683 1070 5735 tibi
1096 5679 1351 5745 benedicct,
1381 5683 1436 5732 σὲ
1460 5681 1720 5744 adloquio-et,
1749 5683 1878 5744 quod

301 5746 496 5796 eodem
509 5749 704 5798 residit.

1272 302 1361 367 DE
1399 313 1696 374 DIABOID
1731 317 2174 377 TENTATORE.
2217 319 2455 376 llOMIL.
2498 318 2563 373 ll.

1998 433 2195 490 videris
2234 449 2444 491 servum
2486 451 2606 492 eum
2647 435 2863 495 domino
2901 441 3242 498 commissum
3275 452 3330 500 et
3362 446 3485 501 odio
3523 447 3579 502 in

1998 540 2119 578 eum
2151 535 2496 593 commotum,
2528 527 2696 583 Adam
2723 530 2923 585 scilicet
2949 531 3001 586 in
3028 531 3215 598 Deum,
3248 535 3467 602 ejusque
3489 549 3582 588 ea.

1997 615 2213 672 i'nmnize
2239 617 2396 672 ﬁdem
2429 619 2732 687 habentem,
2763 637 2870 677 non
2897 639 2960 678 ex
2993 626 3204 694 propria
3239 627 3453 693 virtute,
3485 626 3580 683 sed

1996 724 2060 764 ex
2093 709 2233 765 illius
2259 726 2379 765 eum
2407 713 2611 781 ignavia
2641 714 2994 787 socordiaque
3015 717 3188 773 discas
3215 719 3376 774 robur
3404 722 3584 791 acqui-

1979 799 2204 868 gsivisse.
2234 803 2485 858 Diabolus
2513 804 2669 873 igitur
2696 805 2893 860 ideirco
2913 808 3084 862 dictus
3109 819 3210 874 est,
3243 810 3291 864 id
3318 821 3401 866 est
3427 827 3584 868 accu-

1995 901 2182 946 sator:
2217 908 2374 962 porro
2416 909 2669 952 accusare
2707 907 2762 953 ει
2807 914 2913 953 non
2943 915 3193 956 accusare
3243 912 3429 959 natura
3475 922 3582 961 non

1994 989 2095 1047 est,
2128 983 2222 1037 sed
2251 985 2409 1051 actio,
2441 1001 2559 1055 qum
2589 986 2648 1041 ﬁt
2671 996 2727 1042 et
2754 1003 2874 1044 esse
2901 989 3096 1046 desinit
3120 1033 3134 1056 ,
3166 1009 3284 1062 qua:
3309 995 3500 1051 accidit
3533 1009 3586 1053 et

1993 1074 2237 1130 accidere
2257 1075 2448 1132 desinit
2475 1095 2488 1133 :
2521 1093 2608 1133 res
2633 1089 2807 1134 autem
2834 1080 3093 1150 ejusmodi
3125 1099 3228 1137 non
3252 1097 3456 1140 natura:
3485 1103 3582 1141 ne-

1994 1181 2098 1235 que
2127 1166 2437 1221 substantiae
2474 1167 2831 1223 conditionem
2877 1179 2999 1225 sunt
3034 1181 3220 1226 nactze.
3251 1174 3374 1229 Scio
3402 1177 3583 1232 multis

1993 1256 2382 1325 comprehenso
2424 1257 2694 1314 difﬁcilem
2742 1259 2882 1316 hunc
2910 1275 3032 1316 esse
3060 1263 3126 1318 de
3160 1264 3454 1320 substantia
3484 1267 3581 1321 de-

1992 1364 2097 1419 que
2122 1350 2482 1406 accidentibus
2520 1366 2858 1418 sermonem;
2903 1354 2996 1408 sed
3040 1365 3163 1408 sunt
3201 1357 3290 1426 qui
3335 1357 3580 1412 subtilius

1991 1441 2173 1494 audire
2198 1450 2451 1511 possunt:
2475 1458 2631 1512 quam
2653 1445 2722 1498 ob
2746 1459 2958 1498 causam
2981 1455 3034 1499 et
3060 1460 3156 1500 nos
3184 1446 3298 1501 hazc
3324 1449 3575 1502 diximus.

1992 1531 2161 1586 1Vultis
2189 1543 2242 1587 et
2261 1533 2326 1587 ad
2354 1534 2577 1589 alterum
2606 1551 2800 1590 nomen
2830 1537 3060 1602 veniam,
3093 1553 3156 1592 ac
3181 1539 3425 1595 videbitis
3449 1540 3576 1595 illud

1992 1638 2202 1692 quoqtte
2241 1640 2347 1678 non
2389 1626 2699 1680 substantiae
2745 1643 2918 1697 neque
2961 1638 3163 1684 natura:
3202 1646 3396 1686 nomen
3423 1632 3577 1686 esse?

1991 1711 2160 1768 Malus
2186 1723 2405 1768 vocatur
2431 1728 2444 1766 :
2482 1715 2678 1768 malitia
2702 1731 2833 1770 vero
2859 1731 2965 1772 non
2993 1728 3072 1773 est
3103 1729 3305 1774 natura:
3323 1762 3338 1786 ,
3367 1721 3460 1775 sed
3488 1736 3576 1775 ar-

1989 1804 2129 1858 bitrii
2169 1820 2232 1860 ac
2278 1807 2530 1875 propositi
2563 1826 2577 1862 :
2606 1824 2726 1862 nam
2767 1819 2821 1863 et
2859 1810 2968 1878 ipsa
3005 1826 3384 1882 nonnumqnan
3414 1814 3573 1880 inest,

1994 1905 2049 1951 et
2075 1912 2473 1968 nonnumquam
2505 1899 2679 1955 inesse
2700 1899 2914 1955 desinit.
2938 1902 3051 1956 Noli
3079 1903 3220 1958 enim
3248 1905 3374 1958 mihi
3398 1906 3578 1961 dicere

1988 1988 2040 2043 in
2065 1989 2160 2043 illo
2184 2005 2300 2044 eam
2332 1999 2586 2060 perpetuo
2614 2007 2831 2048 manere
2861 2009 2876 2046 :
2906 2008 3027 2047 nam
3055 2003 3110 2047 et
3139 1996 3188 2049 in
3219 1995 3309 2049 illo
3334 1997 3401 2052 ab
3425 1997 3576 2052 initio

1987 2093 2094 2134 non
2115 2077 2234 2147 fuit,
2257 2080 2350 2134 sed
2385 2092 2564 2150 postea
2592 2085 2815 2137 accessit
2839 2099 2854 2149 ;
2885 2086 3231 2153 quamobrem
3253 2095 3308 2142 et
3336 2097 3576 2157 apostata

1987 2171 2180 2225 dicitur
2208 2190 2220 2225 :
2253 2174 2459 2228 tametsi
2486 2189 2605 2227 cum
2645 2175 2794 2228 multi
2824 2176 2929 2229 sint
2960 2175 3200 2231 homines
3227 2179 3349 2233 mali
3375 2221 3392 2245 ,
3423 2180 3572 2235 solus

1989 2264 2080 2319 ille
2100 2280 2195 2334 per
2214 2265 2582 2321 excellentiam
2611 2266 2776 2321 Malus
2801 2267 3010 2322 dicitur.
3042 2268 3208 2334 Quam
3240 2271 3450 2326 tandem
3480 2272 3576 2341 igi-

1991 2365 2078 2409 tur
2131 2355 2200 2411 ob
2253 2371 2467 2410 causam
2511 2356 2588 2412 sic
2631 2358 2977 2427 appellatur?
3018 2359 3168 2427 Quod
3208 2360 3506 2417 nullatenus
3543 2379 3574 2418 a

1984 2446 2139 2502 nobis
2180 2447 2374 2519 injuria
2416 2449 2730 2514 lacessitus,
2774 2464 2894 2505 cum
2935 2449 3062 2504 nihil
3107 2451 3356 2521 exiguum
3385 2494 3401 2518 ,
3443 2453 3573 2508 nihil

1987 2555 2236 2609 magnum
2265 2549 2444 2610 posset
2471 2540 2723 2611 obiicere,
2754 2556 2872 2595 cum
2904 2541 3107 2597 honore
3132 2541 3377 2598 allectum
3410 2545 3572 2599 vidis-

1987 2640 2070 2686 set
2098 2631 2389 2698 hominem,
2419 2634 2671 2687 continuo
2697 2633 2847 2688 bonis
2874 2633 2990 2702 ejus
3019 2633 3225 2688 invidit.
3256 2634 3390 2702 Quid
3417 2637 3576 2705 igitur

1986 2723 2090 2779 hac
2120 2724 2319 2778 malitia
2348 2725 2572 2795 nequius
2603 2725 2731 2795 ﬁngi
2764 2725 2966 2793 possit,
2995 2742 3297 2796 quamcum
3328 2727 3470 2781 nulla
3497 2729 3571 2783 le-

1982 2819 2164 2888 gitima
2188 2817 2254 2874 de
2280 2833 2437 2873 causa
2463 2819 2643 2874 odium
2671 2835 2732 2875 ac
2757 2821 2955 2875 bellum
2980 2822 3256 2875 exoritur?
3284 2821 3571 2892 Relinqua-

1983 2918 2070 2964 tur
2100 2910 2276 2981 itaque
2305 2910 2588 2976 diabolus;
2617 2921 2670 2967 et
2695 2923 2996 2967 creaturam
3041 2914 3092 2967 in
3131 2913 3360 2967 medium
3395 2914 3572 2984 prole-

1982 3015 2196 3066 ramus,
2240 3009 2298 3056 ut
2339 3000 2515 3057 discas
2553 3018 2659 3056 non
2695 3017 2908 3058 causam
2954 3003 3106 3058 nobis
3150 3004 3410 3057 malorum
3451 3019 3571 3059 esse

1982 3089 2274 3154 diabolum,
2305 3091 2350 3147 si
2378 3093 2610 3146 animum
2634 3092 2910 3148 attendere
2930 3093 3152 3148 velimus
3180 3111 3193 3147 :
3226 3103 3283 3148 ut
3309 3093 3572 3163 intelligas

1982 3195 2136 3247 eum,
2171 3183 2260 3252 qui
2297 3183 2569 3252 proposito
2596 3183 2756 3238 animi
2783 3191 2866 3238 est
2893 3183 3193 3250 imbecillis,
3227 3185 3498 3256 negligens
3517 3196 3573 3241 et

1983 3271 2203 3342 ignavus
2228 3314 2243 3336 ,
2282 3273 2490 3328 etiamsi
2537 3273 2780 3328 diabolus
2818 3289 2922 3327 non
2967 3274 3073 3340 sit,
3115 3275 3398 3331 concidere
3431 3286 3485 3330 et
3516 3276 3570 3331 in

1981 3365 2146 3420 multa
2184 3365 2429 3420 vitiorum
2475 3365 2722 3419 barathra
2762 3365 2994 3433 seipsnm
3031 3367 3356 3435 prmcipitem
3387 3381 3564 3436 agerc.

1983 3455 2236 3511 Diabolus
2266 3455 2436 3510 malus
2465 3464 2548 3510 est
2572 3473 2585 3509 :
2617 3455 2729 3510 scio
2754 3455 3020 3525 equidem,
3053 3465 3108 3510 et
3135 3457 3188 3508 in
3216 3455 3462 3510 confesso
3487 3465 3569 3511 est

1981 3549 2119 3618 apud
2145 3563 2369 3612 omnes;
2401 3548 2492 3602 sed
2516 3547 2730 3603 attende
2752 3546 3029 3617 diligenter
3054 3547 3118 3600 ad
3150 3562 3209 3603 ea
3230 3589 3245 3614 ,
3279 3563 3397 3618 qua:
3423 3561 3565 3601 nunc

1981 3638 2169 3692 dicturi
2201 3653 2385 3693 sumus
2417 3655 2432 3693 :
2465 3653 2570 3692 non
2602 3637 2744 3693 enim
2778 3653 2866 3693 res
2897 3646 3021 3691 sunt
3050 3637 3296 3704 vulgares
3323 3678 3338 3704 ,
3380 3638 3472 3692 sed
3503 3638 3570 3693 de

1981 3729 2174 3799 quibus
2194 3745 2224 3782 a
2253 3729 2433 3784 multis
2459 3743 2829 3797 saepenumero
2855 3728 3033 3782 multis
3063 3729 3113 3782 in
3146 3729 3278 3784 locis
3310 3727 3572 3782 habentur

1980 3835 2292 3886 sermones;
2324 3821 2391 3876 de
2413 3821 2603 3890 quibus
2634 3821 2794 3875 multa
2823 3834 2965 3888 saepe
2989 3820 3257 3873 contentio
3287 3830 3340 3873 et
3367 3818 3565 3874 hellunt

1981 3913 2236 3977 exoritur,
2262 3926 2365 3966 non
2393 3911 2636 3964 ﬁdelibus
2663 3919 2862 3963 tantum
2891 3909 3144 3962 adversus
3171 3908 3409 3962 infideles
3430 3949 3443 3971 ,
3474 3907 3568 3962 sed

1981 4015 2033 4059 et
2056 4004 2295 4058 ﬁdelibus
2324 4002 2579 4058 adversus
2615 4002 2802 4057 ﬁdeles
2831 4017 2845 4055 :
2878 4001 2980 4055 hoc
3003 4001 3147 4056 enim
3178 4010 3279 4067 est,
3309 4001 3446 4070 quod
3475 4001 3571 4055 do-

1982 4095 2152 4150 larem
2179 4094 2361 4148 inurit.

2052 4187 2106 4241 5.
2149 4186 2424 4240 Diabolum
2475 4183 2634 4254 igitur
2675 4183 2872 4238 malum
2899 4197 3019 4238 esse
3058 4180 3292 4236 fatentur
3329 4195 3562 4238 omnes:

1982 4276 2108 4347 quid
2130 4277 2195 4332 de
2222 4285 2461 4332 creatura
2486 4279 2581 4330 ista
2618 4275 2753 4330 bona
2783 4284 2837 4330 et
2858 4273 3207 4328 admiratione
3239 4273 3394 4344 digna
3425 4274 3569 4328 dice-

1986 4369 2147 4423 mus?
2171 4383 2238 4422 an
2277 4368 2434 4422 etiam
2472 4365 2662 4421 malam
2701 4379 2822 4420 esse
2850 4365 3192 4419 creaturam?
3216 4363 3289 4422 Et
3313 4364 3428 4434 quis
3478 4364 3569 4420 ille

1982 4459 2117 4512 adeo
2142 4459 2418 4524 scelestus,
2445 4458 2564 4528 quis
2589 4456 2722 4510 adeo
2744 4455 2983 4525 stupidus
3004 4471 3066 4510 ac
3092 4463 3268 4510 mente
3283 4466 3491 4525 captus,
3509 4464 3569 4510 ut

1984 4560 2285 4605 creaturam
2319 4549 2570 4604 accuset?
2595 4548 2735 4614 Quid
2767 4563 2895 4617 ergo
2927 4547 2996 4602 de
3022 4548 3105 4601 illa
3134 4547 3414 4601 dicemus?
3450 4546 3568 4602 Non

1985 4643 2127 4698 enim
2161 4643 2296 4696 mala
2325 4650 2426 4707 est,
2457 4641 2550 4696 sed
2573 4650 2628 4696 et
2653 4641 2811 4705 bona,
2837 4650 2891 4696 et
2913 4641 3187 4710 sapientia:
3215 4640 3327 4707 Dei,
3357 4640 3568 4696 virtutis

1984 4750 2046 4789 ac
2066 4735 2405 4804 benignitatis
2430 4743 2513 4788 est
2535 4741 2926 4804 argumentum.
2966 4733 3102 4787 Audi
3129 4748 3255 4803 ergo
3281 4748 3385 4802 quo
3416 4741 3570 4802 pacto

1985 4826 2129 4881 illam
2169 4825 2463 4880 admiretur
2485 4824 2742 4894 propheta
2785 4823 2968 4878 dicens
3001 4841 3013 4876 :
3049 4822 3213 4889 Quam
3244 4824 3570 4893 magni/irata

1985 4926 2102 4971 sunt
2130 4932 2282 4986 Opera
2313 4925 2417 4980 tua,
2453 4914 2669 4970 Domine
2717 4914 2742 4970 !
2794 4915 2963 4968 onmia
3012 4915 3063 4968 iu
3111 4913 3358 4984 sapientia
3411 4901 3570 4984 fecisti

1986 5006 2160 5079 (Psal.
2193 5007 2316 5062 l03.
2347 5005 2461 5076 ﬁt).
2483 5006 2598 5059 Non
2621 5005 2888 5076 sigillatim
2913 5005 3206 5074 percurrit;
3240 5003 3332 5058 sed
3362 5004 3570 5059 incom-

1986 5097 2330 5169 prehensibili
2360 5098 2552 5152 divina:
2571 5097 2845 5167 sapientia:
2874 5097 3214 5151 immensitati
3237 5096 3416 5150 cessit.
3462 5094 3574 5150 Uti-

1987 5191 2110 5245 liter
2147 5199 2322 5245 autem
2365 5190 2498 5245 adeo
2535 5190 2728 5244 bonam
2769 5199 2822 5244 et
2853 5189 3184 5260 magniﬁcam
3215 5189 3358 5242 illam
3399 5203 3431 5241 a
3462 5187 3573 5243 Deo

1985 5281 2180 5338 factam
2207 5297 2327 5338 esse
2355 5290 2413 5337 ut
2462 5283 2705 5347 noveris,
2751 5282 2872 5336 audi
2913 5281 3212 5352 quempiam
3258 5281 3567 5333 dicentem:

1989 5372 2072 5427 Ea:
2098 5373 2442 5444 magnitudine
2464 5381 2508 5426 et
2527 5373 2687 5440 specie
2707 5382 3048 5426 creaturarum
3079 5387 3166 5434 per
3197 5370 3567 5439 proportionem

1987 5475 2184 5518 creator
2229 5465 2434 5517 illarum
2484 5465 2676 5516 videtur
2721 5462 2886 5533 (Sap.
2943 5465 3028 5520 l5.
3075 5462 3148 5530 5)
3191 5459 3358 5514 :audi
3410 5460 3566 5514 etiam

1989 5557 2208 5612 Paulum
2259 5558 2518 5612 dicentem
2552 5573 2566 5610 :
2596 5554 2877 5608 Invisibilia
2931 5554 3060 5605 enim
3089 5554 3250 5622 ipsius
3284 5569 3315 5605 a
3339 5561 3569 5606 creatura

1989 5647 2165 5700 ouandi
2199 5663 2288 5717 per
2307 5663 2364 5701 ea
2392 5662 2504 5716 φατε
2545 5645 2678 5713 {acta
2714 5653 2849 5710 sunt,
2898 5643 3148 5696 intellecta
3196 5642 3573 5712 conspiciuntur

1991 5737 2168 5807 (Rom.
2205 5740 2252 5790 ι.
2281 5738 2348 5792 9.0
2367 5739 2404 5810 ).
2435 5738 2632 5792 llorum
2663 5737 2802 5792 cuitu
2830 5736 3050 5806 quisque
3081 5752 3173 5807 per
3202 5752 3262 5791 ea
3284 5776 3298 5803 ,
3331 5751 3447 5806 quze
3487 5733 3572 5788 di-
