3896 6230
355 220 456 278 961

357 336 454 396 xit,
491 346 590 388 nos
615 330 682 386 ab
712 346 796 399 ea,
828 329 981 400 quasi
1002 327 1318 393 manu,duci
1343 325 1409 380 ad
1441 325 1533 379 Dei
1557 324 1936 394 cognitionem,

357 421 713 478 submdicavit
732 462 746 486 ,
772 419 912 490 quod
948 419 1033 473 illa
1055 417 1268 483 efﬁciat,
1293 426 1350 470 ut
1375 414 1659 469 Dominum
1686 425 1943 483 agnosca-

358 527 499 572 mus.
540 512 677 580 Quid
727 510 922 582 igitur?
975 508 1032 564 Si
1060 508 1253 562 bonam
1303 505 1442 560 hanc
1487 513 1542 560 et
1573 502 1941 558 admirabilem

361 615 659 659 creaturam
702 604 880 657 multis
905 601 1189 671 impietatis
1215 614 1429 654 causam
1474 598 1740 652 exstitisse
1766 595 1945 649 videa-

363 711 506 761 mus,
535 710 658 748 num
702 695 844 747 illam
895 691 1302 747 accusabimus?
1330 690 1669 760 Nequaquam
1687 729 1702 754 ,
1733 687 1826 742 sed
1852 701 1945 741 eos

362 786 452 856 qui
502 785 784 850 medicina,
814 795 870 840 ut
899 785 1164 854 oportuit,
1194 799 1300 838 non
1346 792 1470 838 sunt
1520 782 1621 837 usi.
1667 778 1946 847 Quomodo

364 893 493 946 ergo
521 893 676 932 causa
697 877 980 947 impietatis
1005 877 1106 936 erit
1123 876 1230 942 illa,
1255 892 1372 946 quae
1387 876 1454 930 ad
1475 876 1568 930 Dei
1591 875 1946 945 cognitionem

365 982 463 1020 nos
492 965 771 1036 provehit?
813 966 1134 1021 Obtenebrati
1183 975 1329 1030 sunt,
1359 966 1561 1035 inquit,
1592 967 1645 1018 in
1685 965 1948 1036 cogitatio-

365 1057 510 1110 nibus
535 1058 637 1110 suis
667 1057 992 1125 philosophi,
1023 1066 1069 1110 et
1098 1057 1388 1121 coluerunt,
1415 1066 1463 1109 et
1503 1056 1775 1110 servierunt
1808 1071 1948 1108 crea-

365 1156 492 1200 tura:
521 1148 684 1214 potius
713 1165 863 1217 quam
891 1148 1105 1202 creatori
1139 1146 1312 1218 (Rom.
1345 1149 1394 1201 l.
1422 1147 1510 1200 2i.
1538 1146 1652 1219 25).
1681 1145 1947 1218 Nusquam

365 1238 607 1292 diabolus
649 1239 752 1301 hic,
788 1255 1045 1310 nusquam
1082 1239 1168 1293 hic
1189 1239 1418 1303 dzcmon,
1449 1237 1542 1294 sed
1567 1249 1808 1294 creatura
1837 1240 1950 1293 sola

368 1329 563 1384 divina:
589 1331 905 1400 cognitionis
933 1331 1180 1400 magistra
1209 1332 1262 1384 in
1305 1330 1479 1384 medio
1529 1330 1800 1400 proposita
1847 1338 1948 1383 est.

369 1422 612 1490 Quonam
643 1437 770 1491 ergo
793 1431 947 1492 pacto
985 1437 1142 1476 causa
1175 1421 1457 1490 impietatis
1486 1429 1567 1474 est
1614 1419 1788 1474 facta?
1834 1418 1950 1473 Non

368 1527 437 1565 ex
471 1522 658 1565 natura
690 1526 784 1565 sua
800 1553 814 1578 ,
843 1511 936 1567 sed
958 1527 1021 1565 ex
1043 1526 1229 1566 eorum
1255 1511 1453 1564 incuria
1473 1552 1488 1576 ,
1519 1511 1606 1580 qui
1632 1509 1698 1564 ad
1721 1524 1805 1564 res
1829 1523 1954 1563 suas

369 1604 554 1657 attenti
594 1618 700 1658 non
738 1613 910 1660 erant.
951 1603 1086 1670 Quid
1135 1603 1331 1674 igitur?
1369 1603 1703 1670 tollemusne,
1748 1616 1949 1672 qumso,

369 1705 671 1750 creaturam
715 1711 925 1765 quoque
941 1695 964 1749 ?

450 1786 662 1840 Rectum
682 1789 1018 1841 membrorum
1045 1803 1192 1840 usum
1216 1788 1492 1856 corrumpit
1521 1786 1739 1856 ignavia.
1760 1814 1833 1826 -ο
1850 1785 1955 1840 Sed

372 1879 500 1949 quid
529 1895 628 1950 ego
658 1879 727 1934 de
756 1890 1001 1934 creatura
1023 1879 1244 1950 loquor?
1271 1879 1352 1934 Ad
1379 1879 1615 1934 membra
1657 1888 1837 1932 nostra
1867 1894 1959 1934 ve-

373 1972 583 2025 niamus
615 1989 628 2025 :
658 1986 780 2026 nam
809 1980 863 2026 et
890 1971 1002 2041 ipsa
1048 1986 1261 2025 causam
1286 1985 1406 2026 esse
1448 1969 1758 2040 perditionis
1803 1983 1960 2038 repe-

373 2064 596 2130 riemus,
646 2063 746 2117 nisi
790 2065 1024 2117 animum
1070 2063 1424 2130 attendamus,
1476 2079 1581 2116 non
1628 2078 1694 2118 ex
1747 2062 1957 2132 prepria

373 2165 583 2220 natura,
610 2154 704 2209 sed
732 2169 797 2208 ex
823 2155 1028 2224 ignavia
1055 2163 1255 2208 nostra.
1299 2154 1375 2208 Ac
1401 2153 1536 2217 vide,
1558 2168 1772 2222 quteso;
1804 2153 1960 2207 datus

373 2254 458 2301 est
483 2246 688 2312 oculus,
717 2253 776 2299 ut
795 2254 1090 2300 creaturam
1120 2246 1350 2311 intuens,
1368 2246 1646 2300 Dominum
1665 2245 1956 2316 gloriﬁccs;

372 2347 430 2392 at
454 2338 499 2393 si
521 2337 674 2392 oculo
704 2345 850 2392 recte
876 2352 980 2403 non
1012 2339 1206 2406 utaris,
1253 2337 1496 2392 adulterii
1530 2339 1620 2393 tibi
1651 2338 1962 2393 conciliator

373 2428 570 2484 evadit.
611 2429 814 2499 Lingua
856 2444 985 2484 vero
1011 2431 1131 2484 data
1154 2438 1234 2485 est
1259 2472 1274 2496 ,
1305 2439 1363 2484 ut
1391 2430 1595 2496 laudes,
1628 2441 1686 2486 ut
1722 2429 1962 2487 celebres

374 2532 706 2587 creatorem;
737 2529 794 2574 at
823 2520 867 2575 si
894 2530 1044 2578 recte
1072 2538 1177 2576 non
1205 2522 1468 2590 attendas,
1500 2523 1844 2592 blasphemia:
1869 2524 1962 2578 tibi

378 2611 437 2664 ﬁt
479 2611 810 2665 administra.
851 2611 1038 2666 Manus
1084 2612 1221 2668 datae
1253 2623 1397 2681 sunt,
1439 2625 1496 2669 ut
1536 2614 1602 2669 ad
1637 2631 1821 2684 preces
1845 2616 1964 2686 illas

378 2702 670 2769 extendas;
701 2703 797 2758 Sed
831 2704 874 2758 si
907 2705 1117 2760 sobrius
1166 2720 1270 2760 non
1326 2706 1419 2774 sis,
1469 2707 1534 2761 ad
1581 2707 1820 2778 rapinam
1871 2723 1964 2764 eas

378 2793 646 2848 extendis.
687 2793 858 2850 Pedes
884 2795 992 2850 dati
1014 2804 1168 2861 sunt,
1197 2805 1254 2851 ut
1290 2797 1355 2851 ad
1379 2797 1516 2853 bona
1546 2813 1707 2868 opera
1735 2814 1919 2854 curras
1945 2816 1961 2867 ;

381 2883 475 2938 sed
519 2885 564 2939 si
612 2886 880 2956 negligens
913 2887 1102 2955 lueris,
1135 2903 1319 2944 eorum
1369 2905 1472 2959 ope
1516 2892 1682 2945 malas
1729 2891 1966 2947 actiones

381 2976 714 3045 exsequeris.
762 2977 918 3032 Vides
971 2979 1242 3033 inﬁrmum
1293 2989 1484 3036 cuncta
1538 2981 1780 3038 laedere?
1819 2982 1966 3038 vides

380 3062 651 3120 inﬁrmum
703 3068 937 3124 remedia
973 3070 1224 3124 salutaria
1263 3073 1585 3141 praecipitem
1626 3073 1679 3128 in
1739 3083 1965 3128 mortem

380 3172 561 3231 agere,
586 3173 691 3214 non
721 3175 790 3215 ex
812 3169 997 3216 natura
1025 3177 1140 3231 sua,
1165 3163 1258 3218 sed
1292 3179 1357 3218 ex
1395 3163 1535 3220 illius
1566 3165 1966 3222 imbecillitate?

381 3250 585 3306 Caelum
616 3253 853 3308 condidit
894 3254 1054 3322 Deus,
1086 3263 1142 3308 ut
1190 3269 1322 3324 opus
1361 3255 1649 3321 admirans,
1684 3256 1964 3313 Dominum

382 3339 636 3398 adorares
657 3359 671 3409 ;
699 3353 755 3399 at
776 3344 864 3398 alii
882 3345 1155 3401 conditore
1175 3346 1427 3402 derelicto
1442 3346 1630 3402 caelum
1652 3348 1822 3416 ipsum
1839 3347 1971 3403 ado—

385 3444 609 3490 rarunt:
644 3436 696 3491 id
718 3452 848 3493 vero
877 3447 1093 3508 prepter
1119 3454 1308 3494 eorum
1344 3439 1606 3509 ignaviam
1636 3450 1690 3494 et
1715 3440 1970 3510 insipien-

387 3527 513 3580 tiam
538 3526 751 3582 accidit.
792 3527 894 3583 Sed
925 3528 1051 3598 quid
1077 3544 1175 3598 ego
1202 3539 1498 3584 creaturam
1519 3529 1677 3585 dico?
1720 3530 1972 3586 Enimve-

387 3631 451 3672 ro
467 3617 598 3686 quid
627 3617 911 3671 salutarius
934 3633 1094 3674 cruce
1140 3621 1256 3674 ﬁeri
1305 3622 1505 3690 possit?
1531 3623 1676 3691 atqui
1711 3638 1840 3677 crux
1869 3623 1970 3677 ista

388 3705 696 3762 scandalum
736 3709 960 3763 inlirmis
1003 3719 1085 3764 est
1129 3708 1268 3765 facta
1303 3729 1319 3766 :
1359 3711 1576 3766 Verbum
1630 3713 1762 3767 enim
1807 3715 1972 3769 crucis

388 3800 710 3873 pereuntibus
747 3801 946 3870 quidem
991 3803 1202 3858 stultitia
1247 3815 1359 3868 est;
1401 3805 1466 3860 iis
1501 3814 1667 3860 autem
1709 3805 1796 3877 qui
1844 3804 1974 3860 salui

389 3893 556 3963 ﬁunt,
593 3891 688 3947 Dei
711 3893 868 3948 virtus
896 3902 969 3947 est
991 3894 1067 3965 (l.
1091 3893 1212 3950 Cor.
1243 3896 1296 3955 1.
1327 3896 1415 3967 18)
1441 3911 1456 3962 ;
1487 3905 1543 3951 ει
1585 3912 1800 3964 rursus,
1830 3895 1976 3950 Prte-

390 3984 620 4038 dicamus
640 3982 895 4040 Christum
915 3985 1214 4054 crucifixum
1230 4028 1245 4053 ,
1285 3985 1484 4041 Judwis
1519 3989 1722 4059 quidem
1759 3987 1977 4044 scanda-

391 4073 520 4139 lum,
548 4075 776 4143 gentibus
793 4083 962 4129 autem
985 4076 1249 4131 stultitiam
1277 4076 1352 4147 (l.
1389 4075 1509 4132 Cor.
1538 4080 1589 4134 1.
1608 4077 1725 4150 23).
1746 4080 1885 4148 Quid
1907 4080 1976 4137 ad

392 4163 690 4220 docendum
729 4165 903 4235 aptius
931 4165 1095 4222 Paulo
1137 4166 1260 4238 ﬁngi
1288 4169 1457 4236 possit
1493 4177 1548 4223 et
1586 4171 1882 4238 apostolis?
1922 4181 1979 4228 at

393 4257 485 4315 isti
526 4257 752 4326 apostoli
788 4258 969 4312 multis
996 4258 1132 4314 odor
1158 4259 1346 4315 mortis
1365 4270 1490 4316 sunt
1517 4260 1636 4316 facti
1659 4280 1673 4316 :
1697 4263 1771 4318 ait
1797 4264 1976 4335 igitur,

394 4348 525 4403 Aliis
549 4347 749 4419 quidem
771 4347 900 4402 odor
927 4349 1104 4404 mortis
1134 4349 1188 4404 in
1229 4359 1440 4405 mortem
1461 4366 1482 4416 ;
1507 4351 1621 4406 aliis
1645 4362 1816 4408 autem
1853 4357 1980 4410 odor

393 4441 509 4494 vitae
527 4439 580 4492 in
601 4439 754 4492 vitam
769 4437 848 4509 (2.
875 4437 993 4493 Cor.
1041 4439 1098 4495 2.
1137 4440 1253 4511 16).
1289 4441 1452 4498 Vides
1477 4443 1794 4500 inlirmuma
1818 4446 1980 4502 Paulo

395 4531 556 4586 etiam
575 4530 718 4599 lardi,
741 4528 973 4586 validum
999 4540 1176 4588 autem
1202 4547 1270 4589 ne
1295 4548 1326 4588 ιι
1355 4533 1571 4591 diabolo
1586 4536 1802 4608 quidem
1839 4538 1980 4595 afﬁci

394 4621 592 4677 damno
611 4622 635 4676 ?

467 4713 522 4768 4.
566 4712 659 4767 Vis
698 4713 857 4768 etiam
883 4713 952 4769 de
985 4713 1197 4771 Christo
1251 4729 1554 4774 sermonem
1609 4719 1984 4778 instituamus?

397 4803 536 4872 Quid
557 4817 680 4858 cum
708 4804 794 4858 illa
817 4805 987 4860 salute
1015 4807 1244 4862 conferri
1265 4810 1607 4880 potest?quid
1636 4812 1727 4867 illo
1753 4812 1984 4868 adventu

401 4894 761 4950 fructuosius?
782 4895 926 4966 atqui
949 4895 1034 4951 hic
1056 4896 1169 4967 ipse
1189 4897 1254 4952 ad
1265 4909 1452 4954 ventus
1473 4900 1720 4956 salutaris
1747 4912 1800 4956 et
1819 4903 1983 4972 utilis,

401 4986 582 5042 multis
605 4987 841 5041 accessio
860 5001 1136 5056 poenarum
1157 4996 1241 5043 est
1261 4987 1449 5044 factus.
1469 4989 1538 5044 In
1556 4990 1812 5060 judicium
1831 4994 1985 5062 enim,

401 5082 590 5152 inquit,
613 5081 666 5134 in
687 5079 821 5133 hunc
849 5080 1094 5134 mundum
1114 5081 1246 5148 veni,
1275 5090 1329 5134 ut
1370 5083 1458 5148 aui
1497 5099 1595 5136 non
1621 5084 1823 5151 vident,
1851 5085 1985 5138 uide-

401 5184 512 5240 ant,
543 5181 590 5227 et
615 5171 703 5244 qui
723 5171 907 5239 vident,
942 5172 1064 5227 ιεωεὶ
1087 5173 1216 5241 ﬁant
1243 5171 1424 5244 (Joan.
1452 5173 1504 5229 9.
1529 5172 1641 5245 59).
1689 5175 1826 5240 Quid
1871 5175 1989 5231 ais?

409 5265 494 5320 lux
520 5263 778 5320 cmcitatis
807 5277 966 5318 causa
991 5264 1126 5318 facta
1158 5263 1277 5318 est?
1306 5262 1422 5318 Non
1446 5264 1532 5318 lux
1563 5263 1700 5318 facta
1726 5273 1990 5321 estcausa

405 5356 680 5422 caecitatis,
712 5354 806 5411 sed
833 5355 1106 5409 oculorum
1147 5356 1340 5410 anima:
1377 5355 1709 5411 imbecillitas
1755 5357 1995 5426 recipere

409 5449 586 5502 lumen
620 5465 724 5502 non
758 5447 944 5502 valuit.
987 5447 1147 5502 Vides
1185 5447 1452 5502 inﬁrmum
1475 5448 1708 5518 undique
1737 5448 1876 5515 laedi,
1906 5465 1994 5504 va-

411 5541 575 5596 lidum
601 5552 776 5596 autem
805 5540 1036 5612 undique
1066 5541 1342 5596 utilitatem
1373 5539 1694 5608 decerpere?
1719 5540 1849 5594 Nam
1883 5541 1997 5595 ubi-

413 5648 519 5707 que
546 5635 789 5690 voluntas
810 5644 890 5690 est
916 5634 968 5689 in
995 5649 1152 5690 causa
1170 5675 1184 5701 ,
1220 5633 1411 5704 ubique
1455 5640 1695 5689 nostrum
1721 5632 1995 5689 arbitrium

1067 213 1122 269 S.
1164 211 1441 270 JOANNIS
1477 203 1948 264 CllllYSOSTOMI
1989 201 2306 259 ARClllEP.
2347 201 2882 260 CONSTANTINOP.

3530 196 3660 255 252

2051 325 2135 372 est
2164 325 2350 371 auctor
2380 332 2395 369 :
2422 311 2846 384 quandoquidem
2878 303 3142 379 diabolus,
3173 312 3219 368 si
3269 327 3432 370 nosse
3479 316 3655 381 velis,

2048 409 2208 463 etiam
2241 406 2383 462 utilis
2408 405 2563 460 nobis
2604 413 2708 468 est,
2737 405 2783 460 si
2821 419 2907 468 eo,
2939 415 3098 475 prout
3141 415 3377 476 oportet,
3401 417 3655 472 utamur,

2049 513 2397 571 magnamque
2425 497 2580 553 nobis
2609 498 2889 554 utilitatem
2919 498 3093 566 parit,
3142 513 3318 569 neque
3367 499 3660 555 mediocre

2050 594 2205 648 nobis
2229 593 2353 648 inde
2377 591 2582 646 lucrum
2629 590 2864 646 obvenit.
2907 590 3018 646 Hoc
3044 591 3313 646 multoties
3347 601 3403 646 et
3429 607 3494 647 ex
3521 591 3658 662 ipso

2050 685 2152 742 Job
2179 685 2508 741 ostendimus
2537 700 2550 736 :
2581 691 2757 754 potest
2779 693 2958 738 autent
2984 699 3050 738 ex
3081 684 3198 754 ipso
3226 700 3440 755 quoque
3467 685 3655 740 Paqu

2053 777 2273 846 intelligi
2303 793 2316 829 :
2346 777 2426 831 sic
2449 776 2590 830 enim
2620 775 2694 829 ait
2737 774 2806 830 de
2845 775 3164 830 lornicatore
3192 776 3433 832 scribens
3459 795 3473 830 :
3507 776 3656 832 Tra-

2051 869 2154 924 dite
2181 869 2475 940 Itujusmodi
2502 878 2694 924 satana:
2717 869 2771 922 in
2801 869 3058 922 interitum
3087 869 3277 936 carnis,
3326 879 3382 922 ut
3425 871 3656 941 spiritus

2051 961 2219 1014 salvus
2245 961 2306 1013 sit
2333 957 2407 1033 (l.
2434 958 2552 1014 Cor.
2597 959 2654 1016 5.
2699 960 2776 1030 5).
2814 959 2953 1016 Ecce
3003 960 3163 1016 etiam
3223 961 3410 1016 salutis
3451 971 3659 1016 auctor

2054 1053 2224 1107 lactus
2247 1061 2331 1107 est
2355 1052 2622 1118 diabolus,
2655 1053 2862 1107 tametsi
2885 1068 2990 1107 non
3015 1068 3082 1108 ex
3113 1053 3278 1122 ipsius
3309 1064 3512 1122 mente,
3544 1053 3657 1108 sed

2055 1162 2120 1201 ex
2147 1146 2377 1201 artiﬁcio
2403 1147 2652 1216 apostoli.
2691 1147 2824 1201 Nam
2858 1147 3306 1218 quemadmodum
3336 1149 3530 1204 medici
3560 1150 3656 1204 vi-

2057 1252 2212 1306 peras
2239 1245 2475 1304 sumunt,
2504 1247 2556 1292 et
2585 1238 2897 1308 perniciosis
2925 1238 3178 1294 membris
3199 1241 3419 1295 resectis
3444 1241 3661 1295 theria-

2055 1343 2117 1382 ca
2148 1327 2530 1384 medicamenta
2556 1328 2845 1384 coniiciunt
2870 1348 2884 1384 :
2913 1330 2984 1384 ita
3018 1330 3232 1401 quoque
3265 1331 3464 1387 Paulus
3485 1332 3654 1398 fecit;

2056 1419 2309 1488 quidquid
2338 1419 2509 1474 inerat
2535 1422 2662 1475 utile
2681 1437 2746 1475 ex
2775 1421 2922 1476 illato
2959 1436 2991 1475 a
3021 1421 3234 1477 diabolo
3257 1423 3522 1493 supplicio
3551 1439 3657 1478 su—

2057 1524 2210 1566 mens
2239 1510 2498 1581 reliquum
2519 1512 2723 1566 omisit.
2767 1511 2836 1568 Ut
2880 1512 3021 1565 enim
3075 1511 3340 1582 intelligas
3373 1529 3479 1567 non
3526 1528 3658 1569 esse

2058 1603 2244 1658 salutis
2264 1613 2535 1659 auctorem
2563 1603 2852 1668 diabolum,
2880 1602 2974 1657 sed
2997 1591 3145 1656 illum
3164 1603 3216 1656 in
3239 1602 3292 1656 id
3313 1603 3654 1669 incubuisse,

2060 1709 2118 1754 ut
2147 1698 2418 1753 hominem
2450 1695 2698 1766 perderet
2724 1709 2789 1749 ac
2814 1692 3116 1757 devoraret,
3145 1693 3446 1761 apostolum
3465 1703 3659 1747 autem

2061 1791 2320 1862 sapientia
2346 1805 2439 1845 sua
2467 1789 2650 1859 gulam
2677 1788 2726 1844 ei
2755 1787 3002 1858 fregisse.
3033 1786 3155 1841 audi
3179 1785 3304 1856 quid
3331 1786 3383 1840 in
3409 1785 3658 1841 secunda

2061 1883 2129 1938 ad
2150 1881 2457 1938 Corinthios
2490 1880 2723 1952 Epistola
2752 1878 2820 1934 de
2848 1879 3036 1934 eodem
3090 1877 3411 1934 fornicatore
3465 1879 3613 1934 dicat
3638 1897 3654 1932 :

2065 1975 2374 2042 Conﬁrmata
2401 1974 2454 2026 in
2479 1973 2626 2026 illaut
2673 1972 2966 2036 caritatem,
3015 1987 3078 2024 ne
3118 1969 3250 2039 forte
3291 1969 3662 2024 abundantiori

2064 2064 2269 2119 tristitia
2291 2061 2618 2116 absorbeatur
2640 2061 2728 2131 qui
2743 2059 2994 2130 ejusmodi
3012 2069 3104 2125 est,
3124 2070 3171 2113 et
3196 2061 3662 2114 circumveniantur

2065 2172 2098 2209 a
2140 2164 2324 2208 satana
2345 2151 2403 2226 (2
2431 2151 2551 2208 Cor.
2580 2151 2637 2205 2.
2665 2151 2714 2207 8.
2743 2151 2794 2206 7.
2824 2151 2914 2221 11)
2940 2167 2953 2202 :
2981 2150 3349 2220 praeripiamus
3367 2166 3435 2206 ex
3460 2151 3661 2206 bellua:

2066 2244 2306 2300 faucibus
2329 2244 2620 2308 hominem,
2644 2243 2736 2296 ait.
2777 2241 3070 2312 Tamquam
3097 2241 3238 2298 enim
3259 2242 3511 2298 carniﬁce
3530 2258 3660 2312 per-

2066 2351 2210 2406 saepe
2228 2335 2441 2390 diabolo
2491 2348 2617 2389 usus
2663 2342 2746 2389 est
2790 2332 3097 2403 apostolus;
3150 2333 3429 2388 carniﬁces
3471 2343 3660 2388 autem

2067 2426 2342 2482 maleﬁcos
2366 2425 2581 2494 quidem
2609 2424 2867 2494 puniunt,
2900 2431 2956 2478 at
2983 2440 3088 2478 non
3131 2434 3387 2494 quantum
3445 2427 3658 2493 volunt,

2068 2517 2160 2572 sed
2189 2525 2443 2587 quantum
2477 2515 2684 2585 judices
2708 2515 2887 2570 sinunt
2916 2531 2930 2569 :
2959 2529 3025 2570 ea
3068 2517 3265 2588 quippe
3293 2516 3376 2572 lex
3419 2525 3504 2571 est
3528 2534 3658 2574 car-

2070 2609 2260 2675 niﬁcis,
2295 2617 2352 2663 ut
2374 2608 2440 2662 ad
2459 2607 2652 2676 judicis
2673 2614 2856 2661 nutum
2876 2607 3158 2662 attendens
3187 2623 3398 2677 [mnam
3436 2609 3656 2666 inierat.

2071 2701 2231 2756 Vides
2267 2699 2331 2755 ad
2370 2709 2622 2772 quautam
2671 2699 2972 2754 ascenderit
3008 2699 3279 2769 apostolus
3302 2700 3659 2770 dignitatem?

2069 2793 2169 2860 Qui
2218 2791 2578 2847 circumdatus
2622 2799 2738 2846 erat
2785 2805 3014 2860 corpore
3037 2791 3356 2861 incorporeo
3385 2799 3661 2862 tamquam

2070 2883 2321 2939 carniﬁce
2349 2883 2626 2949 utebatur;
2653 2890 2708 2937 et
2755 2881 2898 2952 quod
2950 2881 3165 2937 diabolo
3207 2884 3505 2939 communis
3545 2885 3660 2940 Do-

2071 2976 2247 3032 minus
2277 2974 2345 3030 de
2367 2974 2470 3030 Job
2515 2975 2587 3030 ita
2617 2975 2929 3044 praecipiens
2967 2973 3061 3041 ait,
3089 2974 3265 3043 Tange
3286 2992 3494 3030 carnem
3520 2977 3657 3046 ejus,

2071 3075 2412 3122 uerumtamen
2465 3065 2688 3120 animam
2712 3065 2821 3135 ejus
2844 3082 2906 3119 ne
2937 3067 3156 3136 tetigeris
3208 3065 3331 3136 (Job
3369 3067 3424 3121 2.
3453 3067 3510 3138 6)
3541 3084 3558 3121 :
3589 3068 3660 3124 li-

2072 3159 2230 3213 mites
2257 3170 2640 3227 mensurasque
2674 3170 2950 3226 pmnarum
2988 3158 3358 3227 prmscribens,
3414 3173 3487 3214 ne
3535 3175 3662 3214 cum

2073 3264 2273 3321 procax
2296 3257 2351 3305 et
2381 3248 2656 3304 etl‘rzenata
2681 3250 2750 3304 sit
2774 3248 2986 3316 bellua,
3038 3250 3352 3307 insolentius
3402 3252 3661 3321 impetum

2075 3339 2234 3396 faciat
2265 3355 2280 3394 :
2313 3339 2414 3394 hoc
2433 3339 2594 3394 etiam
2617 3339 2726 3409 agit
2749 3341 3021 3410 apostolus
3046 3356 3062 3394 :
3090 3356 3212 3395 eum
3241 3342 3383 3397 enim
3411 3341 3662 3399 tradidis-

2075 3442 2158 3488 set
2181 3432 2230 3486 ei
2251 3430 2631 3486 l‘ornicatorem
2653 3471 2671 3500 ,
2698 3431 2794 3496 ait,
2821 3429 2890 3484 In
2941 3428 3201 3486 interitum
3247 3432 3414 3486 carnis
3433 3433 3510 3503 (l.
3535 3433 3659 3488 Cor.

2075 3525 2130 3581 5.
2171 3524 2226 3596 5)
2248 3566 2262 3589 ,
2289 3523 2396 3580 hoc
2420 3531 2521 3590 est,
2553 3524 2800 3578 Animam
2831 3523 2948 3593 ejus
2975 3538 3043 3578 ne
3072 3524 3329 3594 tetigeris.
3375 3524 3534 3580 Vides
3560 3541 3659 3582 au-

2075 3619 2376 3673 ctoritatem
2405 3615 2579 3672 servi?
2634 3615 2751 3671 Noli
2786 3629 2915 3686 ergo
2942 3614 3210 3670 diabolum
3267 3617 3490 3681 timere,
3537 3619 3662 3676 licet

2078 3710 2423 3780 incorporeus
2442 3706 2514 3762 sit
2544 3724 2558 3760 :
2585 3707 2805 3778 impegit
2829 3707 2970 3762 enim
2995 3714 3082 3772 ;at
3096 3707 3232 3761 nihil
3247 3708 3566 3764 imbecillius
3579 3720 3662 3766 est

2077 3815 2164 3865 eo,
2191 3800 2282 3870 qui
2309 3798 2584 3870 impegerit
2607 3838 2623 3862 ,
2655 3798 2781 3854 licet
2809 3797 3029 3853 minime
3066 3813 3290 3868 corpore
3319 3798 3391 3854 sit
3435 3801 3660 3855 circum-

2079 3891 2260 3957 datus;
2283 3889 2735 3962 quemadmodum
2777 3905 2952 3960 neque
2979 3891 3248 3946 robustius
3271 3902 3354 3946 est
3375 3891 3662 3963 quidqua

2081 3998 2171 4050 eo,
2201 3983 2290 4053 qui
2317 3982 2484 4037 libere
2502 3991 2557 4037 et
2575 3997 2702 4037 eum
2731 3981 2924 4038 ﬁducia
2955 3983 3123 4053 possit
3150 3998 3330 4054 agere,
3356 3985 3482 4040 licet
3518 4001 3660 4043 mor-

2083 4078 2188 4132 tale
2211 4089 2404 4145 corpus
2425 4073 2781 4131 circumferat.

2153 4168 2208 4223 5.
2251 4166 2378 4222 Haec
2401 4181 2433 4220 a
2460 4180 2548 4221 me
2594 4181 2734 4221 nunc
2761 4165 2901 4220 dicta
2941 4174 3067 4221 sunt
3093 4167 3300 4233 ominis,
3321 4182 3429 4223 non
3459 4177 3517 4224 ut
3545 4169 3657 4226 dia-

2082 4259 2262 4316 bolum
2282 4258 2504 4314 crimine
2520 4258 2821 4324 liberarem,
2846 4257 2940 4313 sed
2957 4268 3015 4314 ut
3033 4273 3128 4315 vos
3152 4258 3219 4315 ab
3245 4259 3452 4328 ignavia
3471 4261 3662 4320 liberos

2083 4351 2362 4408 redderem
2383 4367 2398 4403 :
2417 4348 2676 4419 siquidem
2703 4363 3023 4420 magnopere
3045 4350 3320 4406 contendit
3348 4352 3457 4419 ille,
3481 4368 3663 4423 pecca-

2090 4451 2266 4498 torum
2292 4450 2349 4496 ιιι
2386 4448 2692 4496 nostrorum
2718 4439 2772 4495 in
2802 4439 2976 4511 ipsum
2999 4441 3209 4512 culpam
3235 4443 3577 4512 rejiciamus:
3607 4456 3660 4502 ut

2095 4533 2197 4590 hac
2245 4547 2341 4604 spe
2365 4529 2563 4598 laetati,
2591 4545 2713 4585 cum
2739 4544 2897 4586 omne
2920 4546 3090 4602 genus
3111 4533 3378 4590 scelerum
3419 4550 3661 4605 pervase-

2088 4626 2272 4691 rimus,
2320 4623 2489 4679 multa
2525 4621 2787 4692 supplicia
2835 4621 2988 4678 nobis
3034 4638 3343 4693 augeamus,
3376 4640 3476 4681 nec
3503 4627 3656 4683 ullam

2089 4717 2213 4774 ideo
2231 4717 2440 4774 veniam
2468 4716 2835 4786 impetremus,
2866 4715 3009 4786 quod
3034 4717 3244 4786 culpam
3272 4719 3324 4773 in
3342 4735 3464 4774 eum
3489 4730 3657 4776 trans-

2089 4808 2387 4874 tulerimus,
2415 4807 2553 4861 sicut
2575 4822 2674 4862 nec
2695 4807 2804 4862 Eva
2833 4807 3154 4877 impetravit.
3176 4809 3286 4866 Nos
3307 4827 3436 4866 vero
3462 4829 3656 4884 nequa-

2091 4917 2248 4973 quam
2276 4901 2328 4956 id
2352 4915 2588 4972 agamus,
2615 4900 2710 4956 sed
2737 4915 2836 4956 nos
2865 4901 3009 4971 ipsos
3044 4917 3414 4972 agnoscamus,
3448 4906 3658 4961 vulnera

2093 5007 2442 5065 agnoscamus
2484 5009 2498 5045 :
2525 4992 2602 5047 sic
2627 4992 2768 5047 enim
2793 5000 2849 5047 et
2868 4993 3251 5049 medicamenta
3279 4997 3568 5066 poterimus
3585 4998 3670 5054 ad-

2096 5086 2280 5141 hibere
2309 5101 2465 5141 :nam
2493 5087 2584 5155 qui
2609 5085 2853 5141 morbum
2877 5101 2981 5142 non
3013 5088 3183 5153 novit,
3203 5089 3334 5144 nihil
3358 5091 3426 5145 de
3451 5092 3658 5161 aegritu-

2095 5177 2222 5233 dine
2247 5177 2506 5233 sollicitus
2531 5177 2651 5233 erit.
2676 5177 2837 5232 Multa
2857 5181 3191 5248 peccavimus
3215 5196 3362 5245 ;scto
3383 5183 3658 5252 equidem;

2097 5284 2285 5325 omnes
2333 5270 2474 5325 enim
2516 5270 2690 5340 poenis
2721 5271 2936 5326 obnoxii
2977 5286 3202 5336 sumus;
3247 5282 3303 5326 at
3325 5275 3478 5329 venia
3523 5279 3665 5336 nobis

2102 5371 2289 5431 negata
2329 5377 2436 5416 non
2466 5371 2568 5428 est,
2597 5376 2697 5417 nec
2724 5377 2754 5416 a
2794 5363 3104 5433 pmnitentia
3133 5363 3429 5419 excidimus
3461 5383 3473 5418 :
3501 5367 3663 5426 adhuc

2102 5453 2244 5506 enim
2271 5461 2474 5506 stamus
2503 5451 2556 5506 in
2582 5462 2891 5517 scammate,
2922 5462 2975 5508 et
3001 5453 3053 5507 in
3083 5455 3409 5523 pmnitentias
3427 5464 3664 5515 certami-

2105 5542 2259 5597 nibus
2285 5557 2580 5597 versamur.
2612 5543 2786 5598 Senex
2825 5558 2906 5609 es,
2938 5554 2989 5598 et
3016 5543 3083 5597 ad
3111 5544 3281 5615 ipsum
3315 5547 3522 5602 exitum
3556 5552 3662 5606 vita:

2105 5635 2435 5706 pervenisti?
2462 5635 2540 5692 Ne
2571 5644 2677 5690 tum
2702 5634 2912 5707 quidem
2937 5652 2965 5690 a
2995 5636 3300 5706 pcenitcnlia
3330 5648 3382 5696 te
3406 5642 3660 5700 arbitreris
