3894 6226
279 299 390 354 26⁸5

279 414 590 478 excidisse;
623 424 796 480 neque
819 406 889 464 tle
915 416 1000 464 tua
1030 406 1204 463 salute
1224 406 1480 476 desperes
1512 441 1526 466 ,
1569 403 1664 458 sed
1721 399 1860 454 latro

289 506 388 560 tibi
416 505 594 560 veniat
623 504 674 558 in
706 512 957 566 mentem,
990 501 1081 572 qui
1110 501 1160 555 in
1189 515 1347 555 cruce
1376 499 1616 553 libertate
1641 496 1866 550 donatus

279 609 389 656 est.
419 596 553 668 Quid
576 595 716 650 enim
741 593 952 649 brevius
970 593 1055 648 illa
1075 592 1225 654 hora,
1255 591 1306 646 in
1324 606 1426 660 qua
1450 595 1731 642 coronatus
1746 584 1866 639 est?

282 699 520 744 attamen
539 688 652 742 hare
671 689 830 742 etiam
859 685 932 739 illi
955 684 1018 738 ad
1041 683 1264 738 salutem
1287 680 1512 736 suffecit.
1539 678 1757 735 Juvenis
1771 676 1864 732 es?

280 781 395 836 noli
415 777 681 834 conlidere
702 775 991 848 juventuti,
1021 789 1119 829 nec
1133 773 1404 829 existimes
1426 771 1640 840 longum
1663 777 1716 823 te
1743 768 1864 822 vita:

282 875 514 944 spatium
562 870 863 926 habiturum
897 887 912 924 :
963 867 1085 922 Dies
1125 868 1259 922 enim
1302 863 1509 919 Domini
1535 865 1662 918 sicut
1700 863 1786 932 [ur
1810 862 1863 915 in

277 976 446 1029 nocte,
473 965 544 1018 ita
565 964 726 1018 veniet
759 962 835 1034 (l.
861 959 1038 1014 Thess.
1079 959 1133 1014 5.
1177 957 1254 1029 2).
1285 957 1568 1027 Propterea
1600 954 1861 1010 incertum

276 1058 434 1112 nobis
463 1057 662 1112 obitum
691 1054 940 1116 reddidit,
978 1061 1036 1105 ιιι
1077 1059 1280 1106 certum
1307 1050 1540 1104 studium
1569 1064 1632 1103 ac
1661 1047 1860 1101 sollici-

277 1148 521 1204 tudinem
553 1145 920 1200 adhibeamus.
950 1143 1068 1197 Non
1109 1141 1254 1195 vides
1282 1155 1395 1205 eos,
1424 1140 1511 1209 qui
1541 1147 1862 1209 prtematuro

276 1239 332 1292 in
365 1237 478 1291 dies
523 1237 666 1292 obitu
702 1233 1082 1306 abripiuntur?
1123 1232 1318 1287 idcirco
1343 1231 1594 1285 admonet
1621 1228 1855 1300 quidam,

276 1330 404 1385 Non
447 1331 614 1385 tardes
641 1329 858 1383 converti
887 1329 954 1381 ad
977 1326 1267 1389 Dominum,
1292 1333 1338 1377 et
1372 1340 1432 1377 ne
1461 1320 1666 1390 differas
1693 1321 1755 1374 de
1781 1321 1861 1374 die

282 1424 336 1477 in
368 1423 499 1476 diem
529 1421 715 1495 (Eccli.
745 1423 796 1476 5.
822 1420 923 1488 8.),
957 1435 1022 1473 ne
1050 1418 1205 1482 forte,
1230 1417 1353 1470 dum
1394 1415 1680 1481 cunctaris,
1727 1427 1857 1468 con-

274 1513 488 1568 teraris.
512 1512 822 1566 Adhortatio
854 1511 942 1564 illa
978 1509 1091 1564 seni
1120 1508 1478 1570 adhibeatur;
1517 1506 1618 1561 hac
1645 1504 1858 1575 juvenis

271 1603 641 1658 admonitione
686 1602 959 1656 doceatur.
1005 1602 1075 1655 At
1120 1601 1172 1654 in
1205 1609 1316 1653 tuto
1353 1598 1602 1659 versaris,
1645 1608 1697 1650 et
1726 1597 1857 1650 divi-

273 1695 368 1750 tiis
393 1692 566 1749 afﬂuis
598 1711 612 1759 ;
645 1693 879 1763 pecuniis
909 1691 1194 1754 redundas,
1227 1706 1398 1760 neque
1429 1690 1550 1743 mali
1580 1689 1670 1743 tibi
1697 1688 1855 1758 quid-

267 1801 433 1856 quam
461 1783 694 1838 accidit?
733 1799 917 1838 verum
961 1782 1104 1847 andi,
1131 1781 1255 1852 quid
1284 1782 1427 1835 dicat
1458 1780 1655 1835 Paulus
1687 1796 1700 1832 :
1728 1777 1855 1834 Cum

268 1878 494 1932 dixerint
524 1893 696 1946 pacem
746 1888 792 1931 et
815 1874 1226 1947 tranquillitatem
1253 1915 1268 1939 ,
1299 1882 1415 1926 tunc
1463 1872 1752 1940 repentinus
1782 1872 1853 1925 eis

267 1971 584 2040 superveniet
624 1970 858 2024 interitus
897 1969 975 2038 (1.
1003 1965 1183 2020 Thess.
1214 1967 1267 2022 5.
1299 1963 1375 2037 5).
1408 1963 1568 2018 Multa
1611 1963 1854 2018 laborant

267 2062 636 2118 vicissitudine
675 2077 737 2116 ac
779 2061 1071 2120 mutatione
1097 2073 1184 2113 res
1235 2058 1481 2111 humana:
1514 2075 1528 2110 :
1557 2071 1663 2111 non
1692 2065 1772 2110 est
1799 2057 1850 2110 in

269 2163 537 2224 potestate
605 2163 786 2208 nostra
852 2152 1062 2215 obitus,
1112 2151 1181 2205 sit
1240 2149 1295 2204 in
1362 2158 1622 2220 potestate
1671 2161 1852 2206 neStra

268 2248 439 2300 virtus
475 2264 487 2299 :
529 2246 786 2316 benignus
811 2253 893 2300 est
922 2245 1176 2299 Dominus
1203 2252 1384 2298 noster
1414 2242 1673 2298 Christus.

343 2339 395 2393 6.
432 2338 660 2412 Quinque
686 2339 991 2409 pauitantia:
1019 2339 1132 2392 vite.
1157 2367 1229 2378 —
1267 2335 1439 2390 Vultis
1479 2336 1638 2390 etiam
1673 2335 1845 2404 νωιιί-

267 2431 450 2486 lentia:
479 2431 588 2482 vias
613 2428 1066 2484 commemorem?
1091 2427 1264 2482 Multae
1291 2442 1420 2482 sane
1448 2436 1572 2481 sunt
1602 2427 1720 2490 ilhc,
1757 2443 1848 2480 va-

264 2523 363 2576 ria:
421 2535 483 2576 ac
545 2520 888 2584 dill'crentes,
943 2529 999 2575 et
1049 2535 1237 2575 omnes
1283 2519 1349 2574 ad
1399 2519 1588 2574 caelum
1629 2518 1845 2573 ducunt.

263 2614 442 2668 Prima
469 2623 554 2668 est
567 2613 894 2688 pmtiitentize
914 2615 996 2668 via
1018 2613 1288 2668 damnatio
1325 2622 1661 2683 peccatorum
1695 2629 1708 2666 :
1752 2611 1850 2665 Dic

259 2707 398 2761 enim
430 2717 481 2760 tu
511 2713 702 2778 primus
732 2714 940 2776 peccata
986 2716 1074 2758 tua
1101 2747 1118 2772 ,
1149 2715 1202 2759 ut
1219 2705 1517 2776 justiﬁceris
1547 2704 1564 2776 (
1595 2703 1722 2757 Isai.
1755 2705 1844 2758 43.

261 2799 380 2871 εδ).
409 2799 696 2869 Propterea
723 2813 940 2869 quoque
975 2797 1192 2854 dicebat
1223 2798 1482 2868 propheta
1512 2814 1525 2850 :
1558 2796 1701 2864 Dixi,
1723 2813 1846 2866 pro-

261 2889 505 2944 nuntiabo
559 2890 819 2942 adversum
841 2906 920 2942 me
941 2888 1240 2959 injustitiam
1261 2904 1423 2942 meam
1450 2885 1687 2952 Domino,
1717 2897 1764 2942 et
1790 2897 1846 2942 tu

261 2985 504 3039 remisisti
523 2985 826 3054 impietatem
854 2983 1021 3037 cordis
1043 2982 1140 3036 mei
1167 2982 1184 3050 (
1217 2981 1359 3036 Psal.
1391 2983 1480 3037 51.
1508 2982 1542 3037 5
1572 2987 1610 3051 ).
1645 2981 1844 3036 Damna

260 3077 423 3148 igitur
453 3085 506 3131 et
529 3086 582 3130 ιιι
612 3091 698 3142 ea,
730 3076 782 3128 iu
815 3076 1008 3145 quibus
1035 3075 1263 3144 peccasti
1296 3091 1309 3128 :
1353 3075 1455 3130 hoc
1485 3076 1708 3129 Domino
1729 3073 1844 3130 suf-

261 3167 376 3223 ﬁcit
404 3167 468 3221 ad
491 3166 897 3222 excusationem
933 3185 946 3220 :
973 3166 1061 3236 qui
1090 3167 1233 3220 enim
1257 3182 1319 3221 ea
1348 3165 1569 3220 damnat
1593 3208 1607 3232 ,
1636 3165 1689 3220 iu
1720 3165 1844 3236 qui-

260 3256 367 3312 bus
394 3258 670 3325 peccavit,
701 3257 905 3312 tardius
943 3256 996 3312 in
1034 3256 1222 3312 eadem
1268 3271 1452 3312 rursus
1495 3257 1720 3312 incidit:
1750 3257 1848 3311 do-

259 3349 542 3403 mesticum
589 3358 953 3403 accusatorem
978 3349 1149 3402 excita
1177 3348 1556 3402 conscientiam
1586 3357 1752 3413 tuam,
1779 3363 1846 3404 ne

260 3450 630 3495 accusatorem
659 3440 764 3494 illic
788 3440 984 3495 habeas
1003 3456 1182 3494 coram
1202 3441 1405 3494 Domini
1431 3441 1696 3496 tribunali.
1719 3440 1844 3497 Hinc

257 3533 424 3602 igitur
450 3547 550 3586 una
579 3543 660 3586 est
709 3534 906 3601 eptima
953 3533 1276 3602 pmnitentia:
1306 3532 1428 3598 via;
1457 3533 1631 3587 adhuc
1665 3543 1842 3588 autem

257 3635 316 3698 et
345 3625 510 3679 altera
538 3633 618 3679 est
667 3625 832 3678 nihilo
886 3624 1104 3679 inferior
1133 3625 1230 3678 ista
1254 3667 1268 3687 ,
1305 3635 1361 3680 ut
1409 3635 1746 3694 acceptarum
1775 3626 1844 3680 ab

252 3715 493 3773 inimicis
547 3715 856 3784 injuriarum
916 3731 1182 3771 memores
1225 3732 1330 3770 non
1379 3718 1585 3783 simus,
1642 3725 1698 3770 ut
1749 3717 1843 3770 irae

261 3808 612 3877 imperemus,
640 3816 700 3862 ut
722 3824 1104 3863 conservorum
1137 3818 1349 3877 peccata
1378 3809 1706 3864 dimittamus
1729 3829 1742 3864 :
1765 3812 1844 3864 sic

265 3900 410 3953 enim
443 3910 494 3954 et
529 3915 647 3970 qum
679 3900 731 3954 in
765 3900 1045 3954 Dominum
1087 3901 1372 3955 commissa
1403 3901 1628 3965 fuerint,
1660 3903 1841 3955 dimit-

260 3997 487 4043 tentur:
530 4005 594 4043 en
641 3989 866 4044 alteram
888 3990 1047 4045 etiam
1091 3998 1426 4058 peccatorum
1459 3990 1839 4057 expiationem.

259 4079 322 4134 Si
350 4081 480 4132 enim
509 4079 820 4146 dimiseritis,
849 4080 1036 4151 inquit,
1070 4081 1374 4134 debitoribus
1403 4082 1597 4147 vestris,
1628 4083 1843 4136 dimittet

253 4187 304 4229 et
337 4171 470 4222 vobis
506 4169 667 4224 Pater
710 4181 871 4224 vester
913 4172 1163 4242 ca'lestis(
1197 4172 1382 4226 Matth.
1407 4171 1458 4228 6.
1507 4173 1574 4228 H
1600 4176 1639 4241 ).
1674 4173 1760 4228 \"is
1789 4183 1844 4230 et

259 4263 473 4316 tertiam
511 4265 837 4332 poenitentia:
875 4264 1012 4318 viam
1059 4265 1304 4321 discere?
1343 4265 1524 4321 Oratio
1553 4267 1762 4323 fervens
1789 4279 1843 4324 et

257 4366 546 4420 accurata,
596 4364 756 4426 atque
802 4371 866 4410 ex
917 4356 1106 4412 intimo
1149 4357 1318 4413 corde
1350 4375 1692 4426 promanans.
1720 4359 1838 4415 Non

257 4459 316 4502 tu
353 4449 564 4502 viduam
599 4449 740 4504 illam
783 4448 990 4515 vidisti,
1021 4465 1126 4519 quo
1153 4461 1309 4520 pacto
1333 4451 1695 4521 impudentem
1739 4455 1839 4510 sibi

253 4541 315 4613 ju
341 4540 491 4594 licem
524 4540 668 4594 illum
697 4541 996 4595 conciliarit
1026 4541 1045 4612 (
1088 4541 1214 4594 Luc.
1249 4542 1334 4597 18.
1368 4543 1402 4597 5
1424 4543 1480 4615 )?
1508 4545 1578 4599 At
1608 4554 1660 4599 tu
1693 4563 1843 4602 Inan-

255 4835 434 4888 QUOD
477 4836 558 4878 EX
604 4833 852 4878 DESlDlA
896 4836 1303 4892 IMPROBITAS,
1351 4839 1442 4879 EX-
1478 4841 1845 4886 DILIGENTIA
1913 4842 2143 4887 VIBTUS
2198 4837 2480 4881 OBIATUR
2527 4837 2543 4877 2

1271 293 1358 348 DE
1399 293 1689 348 l'tlABOLO
1726 291 2154 348 'I'ENTATOHE.
2198 293 2426 350 HOMIL.
2469 293 2533 349 ΙΙΙ

3447 297 3554 356 ΞΜ

1972 409 2182 456 suetum
2228 412 2416 460 nactus
2455 420 2515 461 es
2543 405 2844 470 Dominum,
2868 407 3065 465 bonum
3108 417 3162 466 et
3199 409 3554 474 clementem:

1972 493 2058 548 illa
2088 494 2344 550 adversus
2390 498 2641 554 inimicos
2671 502 3016 570 postulabat;
3065 511 3122 558 tu
3153 519 3284 559 vero
3327 522 3431 561 non
3459 507 3555 564 ad-

1972 598 2158 639 versus
2203 586 2482 655 inimicos,
2533 589 2626 644 sed
2679 606 2776 662 pro
2799 600 2884 646 tua
2911 594 3084 649 salute
3111 597 3366 666 postulas.
3401 598 3554 665 Quod

1969 674 2013 729 si
2043 687 2284 746 quartam
2315 679 2474 734 etiam
2515 696 2673 737 nosse
2723 683 2875 750 velis,
2905 684 3296 759 eleemosynam
3328 688 3500 743 dicam
3538 707 3554 745 :

1969 766 2188 822 multam
2220 768 2362 823 enim
2395 784 2458 824 ea
2489 779 2541 825 et
2567 773 2842 840 copiosam
2893 777 2998 829 vim
3052 776 3213 832 habet
3245 795 3258 832 :
3288 778 3550 847 siquidem

1966 856 2494 928 Nabuchodonosori,
2535 863 2624 933 qui
2680 863 2747 919 ad
2805 880 2964 921 omne
3007 867 3360 936 improbitatis
3383 885 3558 940 genus

1968 957 2251 1017 provectus
2286 960 2423 1018 erat,
2453 961 2508 1007 et
2531 967 2745 1008 omnem
2778 954 3104 1025 impietatem
3143 961 3358 1014 molitus
3388 971 3502 1016 erat
3531 1003 3546 1029 ,

1966 1040 2040 1095 ait
2067 1041 2251 1097 Daniel
2284 1061 2298 1098 :
2328 1043 2460 1110 Rex,
2479 1047 2742 1100 consilium
2767 1064 2932 1102 meum
2961 1051 3159 1118 placeat
3178 1053 3266 1106 tibi
3293 1070 3335 1123 :_
3345 1064 3551 1123 peccata

1966 1141 2053 1184 tua
2077 1133 2130 1186 in
2151 1134 2477 1206 eleemosynis
2510 1138 2719 1200 redime,
2743 1147 2788 1193 et
2809 1141 3100 1212 iniquitates
3127 1151 3240 1197 tuas
3261 1162 3314 1198 in
3339 1147 3550 1199 misera-

1964 1223 2181 1278 tionibus
2202 1242 2486 1296 pauperum
2528 1227 2692 1300 (Dan.
2734 1231 2784 1285 4.
2818 1230 2936 1300 21).
2970 1232 3107 1299 Quid
3161 1249 3280 1289 cum
3327 1235 3427 1291 hac
3454 1237 3548 1292 be-

1965 1314 2224 1384 nignitate
2269 1317 2500 1372 conferri
2532 1321 2737 1390 queat?
2785 1321 2914 1378 Post
2963 1325 3238 1382 iuliumera
3289 1339 3546 1398 peccata,

1964 1415 2084 1475 post
2115 1415 2192 1460 tot
2218 1416 2272 1462 et
2297 1417 2472 1464 tantas
2493 1412 2822 1468 calamitates
2853 1415 3119 1485 placatum
3151 1418 3214 1472 iri
3241 1435 3298 1474 se
3323 1421 3542 1488 pollice-

1963 1513 2048 1553 tur
2071 1499 2141 1565 ei,
2171 1500 2260 1570 qui
2287 1501 2611 1570 offenderat,
2640 1506 2684 1560 si
2709 1523 2832 1578 erga
2856 1524 3145 1565 conservos
3166 1527 3290 1567 suos
3318 1513 3546 1583 benigne

1961 1605 2020 1645 se
2048 1593 2294 1661 gesserit.
2328 1594 2394 1648 Et
2423 1611 2569 1662 vero,
2600 1597 2645 1652 si
2691 1599 2931 1655 modeSIe
2957 1613 3076 1671 agat
3101 1605 3240 1673 quis,
3267 1614 3321 1660 et
3363 1605 3544 1660 humi-

1962 1685 2027 1739 lis
2053 1685 2140 1752 sit,
2176 1686 2279 1741 hoc
2325 1704 2430 1741 non
2460 1690 2636 1746 minus
2661 1707 2819 1760 quam
2845 1710 2965 1762 qua:
3004 1695 3143 1750 dicta
3179 1707 3303 1750 sunt
3330 1699 3541 1763 omnia,

1962 1785 2300 1845 peccatorum
2339 1789 2584 1834 naturam
2617 1783 2849 1836 absumit
2883 1800 2896 1836 :
2941 1786 3096 1853 cujus
3129 1787 3206 1842 rei
3259 1790 3408 1842 testis
3458 1798 3542 1844 est

1959 1867 2289 1937 publicanus,
2315 1871 2404 1939 qui
2457 1881 2605 1926 recte
2661 1872 2800 1928 facta
2858 1875 3072 1943 quidem
3119 1891 3543 1935 commemorare

1960 1974 2066 2013 non
2097 1969 2334 2026 poterat,
2363 1961 2456 2015 sed
2487 1964 2724 2018 omnium
2757 1965 2876 2020 loco
2935 1967 3286 2024 humilitatem
3325 1955 3538 2037 iobtnlit,

1957 2058 2011 2103 et
2049 2065 2210 2121 grave
2246 2063 2587 2120 peccatorum
2621 2071 2756 2110 onus
2804 2057 3051 2127 deposuit
3079 2059 3098 2132 (
3125 2059 3249 2114 Luc.
3282 2061 3368 2117 18.
3402 2062 3469 2118 15
3495 2063 3537 2135 ).

1958 2140 2099 2195 Ecce
2127 2142 2362 2212 quinque
2384 2145 2716 2213 ptenitentia:
2744 2147 2856 2202 vias
2884 2149 3238 2206 indicavimus
3264 2169 3276 2205 :
3308 2153 3538 2223 primam

1956 2241 2297 2300 precatorem
2322 2234 2720 2291 damnationem
2743 2279 2758 2304 ,
2791 2241 3080 2295 secundam
3125 2257 3247 2296 cum
3279 2246 3538 2312 proximis

1955 2334 2169 2393 peccata
2189 2325 2527 2391 dimittimus,
2545 2330 2757 2384 tertiam
2780 2347 2899 2401 qua:
2930 2332 2981 2386 in
3005 2336 3247 2389 oratione
3271 2337 3533 2400 consistit,
3598 2384 3609 2394 .

1953 2425 2194 2486 quartam
2233 2433 2352 2487 qua:
2381 2419 2432 2472 in
2465 2420 2829 2492 eleemosyna,
2862 2426 3100 2493 quintam
3131 2442 3250 2497 qua:
3283 2427 3334 2482 in
3364 2427 3539 2482 humi-

1953 2506 2118 2562 litate.
2139 2507 2254 2561 Noli
2281 2509 2437 2580 igitur
2453 2512 2629 2577 otiari,
2653 2514 2744 2568 sed
2767 2516 2999 2583 quotidie
3021 2533 3115 2586 per
3135 2517 3231 2572 has
3251 2533 3437 2574 omnes
3457 2521 3537 2574 in-

1951 2597 2080 2652 cede
2102 2616 2114 2648 2
2133 2607 2256 2653 sunt
2293 2601 2431 2654 enini
2461 2601 2640 2657 faciles
2663 2605 2780 2664 viae.
2803 2620 2973 2674 neque
3000 2617 3361 2676 paupertatem
3385 2622 3537 2679 petes

1951 2688 2241 2745 obtendere
2270 2707 2282 2742 :
2315 2691 2410 2746 sed
2443 2693 2564 2747 licet
2590 2695 2640 2748 in
2672 2704 2908 2764 egestate
2945 2699 3175 2766 graviori
3215 2700 3376 2754 vitam
3422 2710 3534 2754 tra-

1951 2778 2133 2846 ducas,
2165 2790 2215 2834 et
2242 2783 2371 2835 iram
2400 2781 2671 2853 deponere
2697 2795 2751 2840 et
2779 2785 3132 2843 humilitatem
3165 2805 3276 2860 pra)
3313 2801 3364 2847 te
3393 2791 3535 2848 ferre

1951 2872 2174 2940 poteris,
2209 2881 2261 2927 et
2285 2873 2498 2929 assidue
2528 2876 2754 2945 precari,
2783 2885 2836 2932 et
2877 2889 3088 2948 peccata
3119 2880 3374 2937 damnare
3396 2925 3411 2949 ,
3443 2899 3535 2938 ue-

1950 2977 2054 3031 que
2109 2972 2391 3033 paupertas
2438 2967 2640 3035 uSpiam
2690 2968 3126 3038 impedimentum
3171 2973 3324 3028 all'ert
3360 2993 3373 3028 :
3406 2975 3533 3046 quid

1950 3052 2069 3108 dico
2095 3053 2202 3119 hic,
2235 3055 2662 3126 quandoquidem
2710 3075 2808 3114 nec
2835 3061 2888 3115 in
2933 3061 3016 3116 illa
3049 3065 3373 3133 paenitentia:
3417 3069 3529 3135 via,

1950 3145 2002 3200 in
2031 3161 2130 3216 qua
2165 3147 2414 3215 pecunias
2444 3148 2566 3203 licet
2585 3164 2802 3220 erogare
2827 3152 3254 3227 (eleemosynam
3273 3157 3437 3228 dico),
3463 3175 3534 3214 ne

1949 3237 2056 3292 illic
2088 3237 2300 3306 quidem
2333 3239 2485 3294 nobis
2527 3241 2594 3295 ad
2621 3242 2924 3296 mandatum
2967 3247 3362 3314 exsequendum
3392 3249 3532 3318 obji-

1948 3327 2020 3382 cit
2048 3329 2481 3400 impedimentum
2513 3334 2835 3402 paupertas?
2866 3334 2920 3388 ιιι
2947 3351 3072 3389 vero
3110 3338 3264 3392 vidua
3303 3339 3529 3394 demon-

1951 3422 2159 3487 stravit,
2187 3438 2305 3492 qua:
2335 3423 2442 3478 duo
2462 3425 2664 3479 minuta
2690 3426 2833 3480 misit
2862 3426 2880 3496 (
2907 3426 3070 3480 Marc.
3097 3427 3182 3482 12.
3212 3429 3281 3483 42
3304 3430 3344 3502 ).
3395 3429 3528 3486 Cum

1951 3514 2108 3584 igitur
2141 3513 2277 3567 hanc
2298 3515 2515 3570 vulnera
2554 3526 2732 3570 nostra
2759 3518 2978 3572 curandi
3020 3520 3280 3574 rationem
3325 3521 3529 3577 didice-

1950 3606 2137 3671 rimus,
2165 3604 2280 3660 lucc
2321 3606 2708 3663 medicamenta
2739 3608 3086 3664 adhibeamus
3111 3651 3125 3676 ,
3151 3619 3209 3666 ut
3231 3626 3356 3667 vera
3386 3614 3532 3667 sani.

1951 3705 2056 3752 tate
2105 3708 2448 3768 recuperata,
2497 3713 2646 3752 sacra
2673 3715 2854 3753 mensa
2881 3716 2998 3754 curn
3049 3701 3237 3756 ﬁducia
3287 3703 3531 3773 perfrua-

1950 3807 2089 3857 mur,
2119 3800 2172 3845 et
2212 3791 2370 3845 multa
2402 3807 2521 3845 cum
2553 3792 2714 3861 gloria
2749 3791 2961 3848 Christo
2992 3795 3098 3865 regi
3137 3795 3320 3865 glorise
3345 3813 3534 3852 occur-

1951 3897 2128 3935 ramus
2153 3923 2167 3946 ,
2199 3893 2506 3951 aeternaque
2541 3882 2754 3936 assidue
2796 3883 2930 3938 bona
2961 3899 3380 3954 consequamur,
3411 3903 3533 3957 gra-

1952 3974 2041 4038 tia,
2085 3972 2470 4038 misericordia,
2499 3983 2552 4026 et
2601 3973 2920 4043 benignitate
2937 3975 3144 4029 Domini
3192 3977 3356 4031 nostri
3402 3978 3530 4033 Jesu

1948 4063 2178 4128 Christi;
2210 4081 2303 4134 per
2351 4080 2508 4134 quem
2538 4072 2591 4117 et
2635 4079 2754 4117 cum
2795 4080 2899 4132 quo
2939 4064 3080 4119 Patri
3125 4066 3330 4136 gloria,
3361 4067 3529 4138 impe-

1948 4157 2121 4222 rium,
2170 4156 2380 4221 honor,
2441 4172 2542 4209 una
2585 4172 2704 4210 cum
2758 4157 3132 4220 sancto,buno
3191 4173 3254 4213 ac
3320 4158 3529 4214 viviﬁco

1949 4246 2146 4318 Spiritu
2173 4289 2188 4313 ,
2222 4262 2362 4302 nunc
2385 4258 2437 4303 et
2467 4263 2696 4316 semper,
2743 4255 2798 4302 et
2844 4246 2894 4301 iu
2946 4249 3138 4304 saecula
3179 4250 3525 4307 smculorum.

1947 4341 2137 4395 Amen.

2589 4835 2885 4888 QUODQUE
2930 4836 3043 4880 NEC
3090 4837 3353 4882 IMPROBI
3417 4841 3530 4883 ΗΟ(

345 4937 562 4990 MINES,
610 4936 728 4978 NEC
773 4936 909 4978 IPSE
954 4936 1260 4980 DIABOLUS
1309 4939 1540 4983 HOMINI
1586 4943 1908 4986 VIGILANTI
1955 4941 2203 4986 NOCERE
2246 4938 2520 4981 POSSINT.
2593 4937 3083 4982 DEMONSTBATIO
3147 4943 3369 4986 AUTEM
3428 4943 3510 4986 PE

340 5037 536 5079 'rrrun
580 5034 714 5077 TUM
759 5035 919 5078 ALIIS
962 5037 1191 5079 MULTIS
1260 5038 1345 5079 ex
1387 5039 1586 5096 LOCIS,
1632 5043 1766 5085 τωι
1811 5044 1896 5085 ex
1938 5043 2017 5086 ns
2060 5041 2202 5094 ρυλε
2244 5039 2464 5082 anno
2510 5040 2590 5082 ET
2615 5038 2769 5083 sono
2811 5040 3255 5086 CONTIGEBUNT
3300 5024 3411 5107 (a).

1565 5196 1861 5210 .-————-

831 5241 1048 5283 ιιοιιιιιΑ
1071 5243 1153 5283 ΙΙΙ.

831 5241 861 5279 ιι
1138 5268 1153 5283 .

341 5309 397 5364 1.
432 5313 568 5365 Ante
593 5241 1144 5381 Ιιθειθινηυιῖηὲιῗιιίῗιὲπι
1173 5309 1316 5366 diem
1354 5311 1421 5367 de
1447 5312 1658 5367 diabolo
1696 5316 1851 5370 nobis

259 5402 405 5470 apud
434 5403 709 5457 caritatem
739 5413 970 5457 vestram
995 5411 1076 5456 est
1103 5404 1338 5457 instituta
1361 5405 1532 5458 oratio
1557 5421 1570 5469 ;
1602 5406 1691 5459 alii
1717 5423 1845 5461 vero

255 5492 449 5548 eodem
468 5492 707 5557 die,cum
730 5508 827 5547 nos
853 5492 938 5547 hic
959 5508 1020 5547 ea
1035 5493 1100 5548 de
1126 5509 1184 5548 re
1204 5493 1610 5562 dissereremus,
1629 5495 1680 5549 in
1705 5495 1851 5551 thea-

322 5683 396 5750 (α)
430 5683 608 5737 Collata
629 5699 738 5737 cum
767 5684 936 5736 Codice
965 5692 1080 5748 neg.
1111 5684 1298 5736 1961ρι
1319 5685 1526 5738 Colbert.
1555 5686 1693 5736 1050.

1869 5173 2249 5227 m———-—

1963 5313 2060 5366 tris
2088 5311 2366 5378 sedentes,
2390 5309 2587 5365 diaboli
2616 5325 2864 5380 pompam
2893 5312 3202 5381 Spectabant
3231 5329 3244 5366 :
3271 5310 3344 5366 illi
3373 5327 3538 5368 mere-

1961 5405 2234 5458 triciarum
2260 5403 2670 5465 cantilenarum,
2699 5417 2793 5456 vos
2815 5403 3070 5456 doctrina:
3097 5401 3387 5471 spiritualis
3418 5418 3538 5472 par-

1957 5497 2144 5565 ticipes
2175 5495 2339 5549 eratis
2368 5511 2381 5547 :
2413 5494 2486 5548 illi
2532 5493 2905 5563 impurissimis
2953 5492 3146 5548 diaboli
3191 5492 3328 5547 escis
3364 5508 3539 5549 vesce-

1965 5590 2180 5652 bantur,
2227 5602 2323 5641 vos
2357 5595 2626 5655 unguento
2685 5584 2944 5654 spirituali
3000 5583 3376 5654 pascebamini.
3406 5586 3540 5653 Quis

1959 5693 2087 5747 ergo
2118 5677 2238 5733 illos
2266 5677 2515 5733 aberrare
2547 5677 2669 5732 fecit
2693 5676 2716 5729 ἲ
2741 5675 2859 5745 quis
2886 5690 2914 5729 a
2958 5689 3112 5730 sacro
3138 5675 3263 5732 ovili
3291 5690 3538 5748 segrega-
