3894 6226
390 279 395 283 ’
416 274 522 331 233

423 388 535 443 vit?
563 384 699 440 Num
731 381 852 438 illos
895 391 1105 450 quoque
1152 374 1392 431 diabolus
1430 366 1680 437 decepit?
1725 360 1992 434 quomodo

419 481 576 551 igitur
599 493 695 532 vos
724 491 828 530 non
859 472 1115 542 decepit?
1151 469 1215 522 Et
1234 482 1326 521 vos
1366 472 1420 519 et
1462 461 1536 515 illi
1567 458 1811 514 homines
1835 453 1984 516 estis,

420 571 713 630 secundum
759 577 998 622 naturam
1051 564 1240 630 loquor
1280 576 1294 611 :
1331 555 1516 612 eadem
1550 551 1761 620 utrique
1809 556 1996 600 natura

421 663 627 736 prmditi
651 661 780 717 estis
803 700 818 723 ,
847 656 1032 711 iisdem
1062 649 1394 706 naturalibus
1421 639 1794 713 cupiditatibus
1823 655 1837 690 :
1867 650 1999 706 quo-

423 755 581 809 modo
604 752 763 822 igitur
793 763 896 802 non
925 746 1066 800 idem
1114 749 1349 796 vestrum
1389 745 1681 802 eorumque
1721 725 1997 783 studium?

422 847 554 912 Quia
581 815 685 899 non
731 840 916 895 eadem
946 836 1185 904 utrisque
1209 831 1452 884 voluntas
1482 843 1496 880 :
1543 823 1661 878 ideo
1690 821 1762 874 illi
1791 815 1997 884 decepti

421 908 564 999 sunt,
592 947 687 987 vos
709 945 811 985 non
841 930 989 983 item.
1017 925 1199 993 Neque
1241 923 1310 975 ita
1341 921 1547 987 loquor,
1586 921 1644 968 ut
1671 908 1938 966 diabolum
1969 920 2000 959 e

420 1024 644 1080 crimine
668 1034 873 1085 eruam,
893 1016 984 1072 sed
1012 1023 1073 1070 ut
1097 1029 1191 1066 vos
1217 1028 1245 1063 a
1278 1007 1510 1080 peccatis
1535 1004 1730 1059 liberos
1756 997 1998 1054 reddam.

419 1114 678 1184 Malignus
703 1119 786 1166 est
807 1107 1068 1171 diabolus,
1098 1103 1149 1156 id
1181 1115 1279 1171 ego
1297 1100 1487 1162 fateor;
1519 1093 1611 1149 sed
1639 1091 1739 1146 sibi
1767 1087 1864 1158 ipsi
1891 1099 2002 1140 ma-

420 1181 617 1276 lignus,
644 1216 750 1256 non
775 1199 928 1254 nobis
950 1236 969 1265 ,
995 1197 1039 1250 si
1067 1192 1364 1263 vigilemus.
1390 1185 1533 1241 Talis
1562 1181 1751 1253 quippe
1777 1187 1858 1232 est
1889 1190 2002 1230 ma-

422 1269 674 1366 lignitatis
707 1301 894 1346 natura
926 1304 940 1341 :
977 1302 1039 1341 ea
1088 1281 1326 1355 praeditis
1361 1278 1533 1332 solum
1562 1283 1643 1329 est
1669 1269 1998 1341 perniciosa;

423 1357 590 1443 virtus
617 1395 797 1441 autem
831 1389 1015 1437 contra
1053 1393 1160 1432 non
1204 1376 1318 1444 ipsa
1364 1367 1599 1442 praeditis
1643 1372 1844 1419 tantum
1865 1401 1880 1425 ,
1907 1357 2002 1414 sed

423 1482 585 1536 etiam
616 1476 871 1548 proximis
895 1472 1040 1528 utilis
1064 1484 1184 1525 esse
1209 1473 1399 1538 potest.
1440 1460 1510 1516 Ut
1531 1472 1660 1514 vero
1704 1455 1878 1510 discas
1907 1451 2004 1505 im-

425 1571 650 1642 probum
679 1568 778 1623 sibi
804 1563 1124 1636 improbum,
1153 1559 1350 1614 bonum
1375 1562 1552 1609 autem
1568 1549 1685 1604 aliis
1700 1549 1859 1603 etiam
1884 1558 2004 1600 esse

425 1634 647 1726 bonum,
672 1634 1003 1727 proverbiale
1025 1651 1118 1705 tibi
1146 1647 1503 1703 testimonium
1533 1640 1794 1710 proferam
1829 1654 1842 1688 :
1876 1634 2002 1699 Fili,

425 1751 596 1822 inquit
623 1792 640 1818 ,
675 1752 717 1804 si
743 1732 904 1801 malus
936 1746 1004 1799 sis
1028 1784 1043 1810 ,
1064 1742 1202 1796 solus
1250 1737 1450 1792 hauries
1477 1733 1649 1795 mala;
1673 1730 1751 1784 sia
1771 1727 1997 1798 sapiens,

426 1855 473 1902 et
499 1820 586 1899 tibi
604 1845 703 1915 ipsi
732 1851 778 1896 et
800 1839 1029 1912 proximo
1055 1835 1152 1889 eris
1180 1832 1381 1901 sapiens
1407 1831 1427 1899 (
1455 1827 1608 1880 Prov.
1636 1824 1690 1879 9.
1723 1820 1860 1915 1‘2):

496 1909 681 1990 Contra
708 1909 1029 1986 theatralium
1055 1922 1449 1995 spectaculorum
1475 1926 1762 1972 sectatores.
1801 1909 2001 1965 Volun-

428 2039 504 2081 tas
532 2025 712 2094 ubique
734 2021 957 2076 domina.
983 2047 1057 2058 —
1083 2014 1161 2069 Illi
1188 2010 1392 2079 decepti
1430 2015 1554 2062 sunt
1588 2005 1641 2059 in
1673 2000 1924 2064 theatris;
1953 2005 2010 2051 at

427 2134 524 2174 vos
563 2090 670 2172 non
704 2112 913 2182 decepti
952 2109 1100 2165 estis.
1147 2105 1386 2174 Magnum
1429 2099 1556 2154 illud
1586 2113 1650 2151 ex
1690 2095 1848 2149 rebus
1881 2090 2009 2160 ipsis

428 2216 827 2279 argumentum,
855 2203 997 2256 clara
1031 2193 1413 2252 demonstratio
1451 2199 1505 2244 et
1541 2184 1874 2243 ratiocinatio
1901 2197 2007 2236 non

427 2276 608 2362 dubia,
637 2298 959 2350 voluntatem
987 2291 1182 2360 ubique
1205 2285 1469 2342 dominam
1501 2296 1638 2337 esse.
1665 2279 1774 2334 Hac
1799 2287 1852 2332 tu
1882 2276 2010 2330 item

429 2391 723 2465 argumenti
766 2388 972 2442 ratione
1011 2394 1160 2439 utere
1197 2400 1210 2433 :
1250 2388 1304 2434 et
1341 2378 1386 2433 si
1427 2375 1608 2429 videas
1650 2369 1917 2426 hominem
1957 2366 2008 2420 in

431 2485 663 2556 nequitia
689 2483 868 2536 vivere
888 2522 903 2546 ,
933 2489 1090 2548 atque
1120 2472 1510 2544 improbitatem
1535 2480 1744 2522 omnem
1781 2461 1970 2517 sectari
1993 2501 2008 2526 ,

432 2594 493 2632 ac
519 2573 708 2630 deinde
733 2568 1117 2643 providentiam
1141 2565 1237 2617 Dei
1265 2557 1532 2617 criminari
1557 2556 1861 2621 dicereque,
1890 2564 2010 2604 eum

434 2672 658 2725 fortuna:
706 2641 760 2720 et
807 2662 898 2718 fati
953 2654 1251 2715 necessitati
1301 2653 1706 2717 daemonumque
1748 2641 2012 2715 tyrannidi

436 2777 670 2820 nostram
699 2759 989 2831 subjecisse
1019 2763 1262 2809 naturam
1284 2791 1299 2815 ,
1328 2756 1382 2802 et
1405 2745 1636 2814 undique
1659 2740 1867 2808 culpam
1898 2753 1927 2790 a
1955 2751 2014 2790 se

435 2855 660 2920 amoliri,
688 2863 846 2922 atque
875 2850 926 2904 in
960 2855 1278 2907 creatorem,
1301 2839 1389 2910 qui
1415 2837 1662 2892 universo
1688 2832 1811 2885 huic
1841 2827 2016 2898 provi-

436 2952 550 3016 det,
576 2964 694 3003 eam
729 2943 1015 3000 transferre
1044 2957 1058 2992 :
1091 2937 1205 3007 ejus
1235 2949 1296 2988 os
1325 2933 1531 2989 obtura.
1565 2942 1667 2980 non
1707 2922 1890 2984 verbo,
1921 2917 2014 2974 sed

437 3043 592 3104 facto,
625 3036 951 3104 ostendequc
977 3033 1046 3086 illi
1074 3030 1234 3082 alium
1261 3036 1575 3079 conservrum
1604 3016 1766 3088 probe
1791 3030 1852 3067 ac
1880 3022 2015 3067 tem-

439 3141 620 3200 perate
661 3129 946 3180 viventem.
988 3120 1100 3175 Non
1141 3131 1271 3186 opus
1309 3122 1389 3168 est
1424 3114 1574 3179 longa
1605 3105 1876 3167 oratione,
1911 3118 2015 3155 non

439 3237 572 3289 opus
598 3216 860 3271 concinne
886 3219 1160 3281 apparatu,
1194 3220 1299 3259 non
1330 3199 1681 3273 syllogismis;
1715 3195 1807 3249 sed
1837 3193 2017 3260 operi-

441 3281 539 3363 bus
566 3311 619 3362 fit
647 3302 1052 3361 demonstratio.
1082 3299 1172 3352 Dic
1199 3297 1270 3349 illi
1303 3311 1317 3349 :
1351 3293 1416 3345 Et
1443 3299 1496 3344 tu
1527 3302 1713 3343 servus
1738 3300 1795 3339 es
1821 3291 1875 3336 ut
1907 3281 2012 3344 ille,

442 3415 495 3456 tu
524 3402 681 3455 homo
718 3407 773 3452 ut
808 3397 893 3450 ille
926 3414 939 3448 :
974 3395 1023 3446 in
1055 3389 1244 3446 eodem
1285 3383 1482 3439 mundo
1513 3379 1760 3440 versaris,
1800 3375 1897 3429 sub
1923 3389 2018 3427 eo-

441 3497 560 3550 dem
601 3494 730 3547 cado
771 3490 956 3543 iisdem
1004 3483 1234 3540 vesceris
1276 3480 1450 3534 cibis:
1480 3491 1576 3531 cur
1611 3485 1663 3528 tu
1699 3474 1750 3525 in
1789 3468 2019 3537 nequitia

445 3585 612 3651 (legis,
641 3582 728 3634 ille
757 3582 807 3632 in
837 3579 1028 3630 virtute
1042 3575 1064 3626 ?
1095 3573 1218 3626 Ideo
1245 3567 1485 3638 permisit
1510 3565 1646 3618 Deus
1675 3560 1840 3614 malos
1870 3557 2021 3610 bonis

446 3673 738 3742 permixtos
763 3683 901 3729 esse,
933 3679 1030 3718 nec
1058 3664 1212 3714 aliam
1259 3658 1410 3712 bouis
1437 3667 1652 3714 terram,
1680 3652 1841 3707 alium
1869 3647 2022 3700 malis

445 3765 628 3818 orbem
659 3759 838 3823 dedit;
877 3756 969 3810 sed
1011 3755 1107 3807 hos
1137 3752 1237 3806 illis
1265 3745 1598 3804 commiscuit
1621 3786 1636 3812 ,
1667 3758 1777 3797 rem
1805 3740 2018 3795 utilissi-

447 3870 586 3909 mam
617 3859 882 3921 operatus.
916 3845 1047 3901 Nam
1073 3843 1194 3898 boni
1225 3839 1557 3911 probatiores
1582 3842 1869 3904 apparent,
1898 3831 2024 3885 dum

450 3947 502 4001 in
549 3945 723 3998 medio
765 3941 1034 3995 hominum
1060 3979 1075 4002 ,
1104 3935 1192 4005 qui
1219 3948 1311 3986 eos
1339 3948 1370 3986 a
1403 3937 1546 3984 recta
1575 3925 1785 3980 vivendi
1825 3922 2027 3976 ratione

449 4047 670 4092 avocant
713 4045 766 4088 et
802 4031 868 4085 ad
907 4029 1101 4083 malum
1145 4023 1395 4080 trahunt.
1425 4027 1704 4072 versantur
1725 4057 1738 4080 ,
1769 4023 1823 4067 et
1852 4022 2026 4066 tamen

451 4132 696 4183 virtutem
727 4130 1015 4178 sectantur.
1046 4117 1253 4186 Oportet
1277 4114 1442 4176 enim,
1473 4109 1661 4178 inquit,
1692 4107 1899 4160 luci-eses
1925 4119 2031 4156 esse

453 4223 506 4274 in
544 4219 708 4279 vobis,
739 4226 794 4268 ut
831 4214 916 4282 qui
955 4209 1147 4282 probati
1190 4215 1306 4260 sunt
1329 4245 1344 4269 ,
1386 4200 1638 4270 manifesti
1669 4199 1795 4268 fiant
1820 4198 1871 4250 in
1896 4194 2031 4248 vobis

456 4312 534 4380 (l.
557 4307 674 4362 Cor.
708 4306 795 4359 11.
836 4304 947 4371 19).

528 4399 629 4454 Cur
665 4395 779 4450 boni
810 4410 924 4446 cum
957 4389 1104 4444 malis
1147 4384 1399 4457 permixti.
1429 4412 1501 4423 —
1527 4379 1652 4434 ldeo
1680 4376 1838 4447 igitur
1867 4375 2034 4428 malos

459 4495 510 4548 in
543 4490 718 4546 medio
748 4485 961 4554 reliquit
981 4525 994 4542 .
1023 4491 1079 4536 ιιι
1105 4479 1229 4535 boni
1269 4477 1434 4546 magis
1462 4472 1819 4544 splenderent.
1855 4467 2036 4519 Vide-u’

458 4595 714 4656 quantum
741 4576 989 4634 lucrum?
1014 4573 1116 4630 Sed
1147 4587 1251 4625 non
1279 4569 1346 4623 ab
1383 4565 1638 4636 improbis
1675 4563 1875 4615 lucrum
1897 4600 1910 4618 ,
1942 4557 2034 4610 sed

460 4697 493 4734 a
527 4673 820 4733 constantia
849 4671 1131 4725 bonorum.
1173 4663 1372 4717 Idcirco
1407 4659 1518 4714 Noe
1557 4656 1899 4715 admiramur,
1933 4666 2036 4703 non

439 4751 600 4840 lquod
635 4768 806 4836 justus
850 4777 912 4816 ac
956 4757 1224 4829 perfectus
1262 4760 1406 4806 esset
1431 4758 1668 4812 tantum,
1697 4744 1788 4798 sed
1820 4741 1958 4812 quod
1988 4742 2037 4792 in
2077 4777 2088 4786 .

465 4838 806 4930 generatione
829 4854 910 4906 illa
936 4864 1091 4920 prava
1115 4856 1274 4915 atque
1298 4855 1544 4913 perversa
1568 4838 1812 4890 virtutem
1837 4845 2042 4886 servas-

466 4927 585 5013 set,
627 4961 747 5001 cum
791 4942 990 4997 nullum
1038 4937 1245 4991 virtutis
1281 4930 1582 5000 exemplum
1629 4927 1884 4986 haberet,
1919 4935 2040 4973 cum

439 5027 655 5097 'omnes
683 5054 803 5093 eum
839 5035 902 5088 ad
943 5031 1193 5087 malitiam
1229 5030 1514 5082 evocarent
1543 5038 1556 5074 :
1587 5028 1638 5072 at
1675 5018 1800 5083 ipsis
1829 5025 2039 5068 contra-

469 5137 600 5191 riam
630 5133 768 5186 viam
801 5128 1044 5187 tenebat,
1074 5123 1218 5177 velut
1247 5121 1290 5173 si
1319 5118 1490 5171 viator
1523 5112 1815 5182 quispiam,
1857 5121 2042 5175 magna

471 5225 804 5283 multitudine
827 5221 1014 5275 eodem
1041 5216 1230 5269 itinere
1252 5226 1372 5265 cum
1397 5209 1593 5275 impetu
1621 5208 1892 5272 pergente,
1920 5212 2047 5250 eon-

473 5323 691 5376 trarium
714 5323 896 5384 carpat
924 5313 1042 5366 iter.
1068 5309 1401 5374 Quapropter
1425 5315 1529 5353 non
1560 5293 1870 5363 simpliciter
1895 5289 2044 5346 dixit,

478 5413 588 5469 Noe
605 5414 773 5481 justus
796 5381 839 5459 et
867 5408 1141 5474 perfectus,
1171 5395 1264 5450 sed
1293 5392 1517 5459 adjecit,
1538 5388 1590 5440 in
1617 5381 1932 5455 generatione
1957 5395 2050 5430 sua

475 5470 626 5570 (Gen:
650 5502 702 5556 6.
727 5500 808 5568 9),
831 5470 1081 5566 perversa
1109 5487 1312 5543 scilicet
1337 5492 1389 5536 et
1411 5480 1706 5547 desperata.
1736 5473 1821 5526 ubi
1852 5470 2048 5524 nullum

479 5595 685 5646 virtutis
703 5585 1080 5645 commercium
1102 5587 1233 5633 crat.
1254 5575 1435 5642 Itaque
1459 5571 1524 5625 ab
1549 5563 1799 5633 improbis
1828 5561 1877 5614 id
1901 5558 2053 5612 bouis

479 5680 611 5738 lucri
656 5677 983 5735 accedebat:
1025 5673 1101 5726 sic
1136 5678 1189 5725 et
1235 5666 1450 5721 arbores
1491 5676 1518 5714 a
1567 5654 1843 5713 contrariis
1882 5649 2051 5704 ventis

1134 261 1194 317 S.
1232 258 1510 318 JO.\NNIS
1533 247 2008 311 CIIIIYSOSTOMI
2049 248 2366 304 ARCIIIEP.
2407 248 2942 304 CONSTANTINOP.

3582 238 3691 294 ξοδ

2109 359 2317 428 agitata:
2345 355 2670 411 robustiores
2692 355 2842 409 ﬁunt.
2867 354 2965 409 Est
2987 352 3145 410 etiam
3177 351 3428 424 improbis
3453 368 3484 407 a
3515 353 3692 408 bono-

2103 463 2220 504 rum
2241 447 2510 502 consortio
2534 446 2736 500 lucrum
2760 464 2774 498 :
2803 445 3224 500 verecundantur
3245 461 3452 515 nempe,
3480 444 3695 516 pudore

2103 540 2409 594 afficiuntur
2436 547 2490 593 et
2527 540 2850 593 erubescunt
2890 537 2958 591 ab
2995 539 3105 602 eis;
3133 539 3337 592 etiamsi
3366 554 3498 593 vero
3524 554 3558 592 a
3592 554 3690 592 ne.

2106 630 2266 697 quitia
2297 644 2402 682 non
2432 628 2687 682 absistam
2707 669 2722 691 ,
2750 636 2978 682 attamen
3010 628 3237 682 latenter
3272 629 3440 683 solum
3487 629 3696 683 audent

2108 718 2339 773 facinora
2371 727 2695 787 perpetrare.
2724 717 2832 772 Nec
2872 734 3054 786 parum
3085 729 3166 772 est
3195 719 3486 788 iniquitatis
3514 719 3695 774 auda-

2107 810 2242 862 ciam
2289 808 2399 861 tolli
2438 825 2452 861 :
2492 808 2712 861 aliorum
2759 808 2953 877 quippe
2993 809 3098 862 vita
3143 807 3350 864 illorum
3391 809 3694 880 nequitiam

2108 897 2437 953 criminatur.
2473 897 2608 951 Audi
2647 897 2804 966 igitur
2827 897 2952 967 quid
2981 897 3186 951 dicatur
3211 897 3278 952 de
3299 897 3443 968 justo
3475 916 3490 953 :
3523 898 3696 952 Hale-

2108 1001 2214 1046 stus
2243 999 2315 1045 est
2344 987 2484 1044 nobis
2510 989 2585 1044 vel
2609 989 2730 1044 dum
2757 990 3059 1060 conspicitur
3087 969 3243 1061 (sap.
3270 991 3324 1046 2.
3358 992 3469 1064 15).
3502 992 3698 1062 Neque

2111 1081 2162 1135 id
2190 1081 2465 1136 minimum
2492 1089 2574 1135 est
2598 1079 2984 1136 emendationis
3007 1080 3236 1144 initium.
3262 1097 3382 1136 cum
3409 1082 3524 1151 ejus
3549 1096 3696 1151 pre-

2111 1175 2280 1228 sentia
2310 1181 2623 1243 torquentur
2651 1190 2665 1226 :
2698 1172 2798 1227 nisi
2824 1174 2964 1228 enim
2992 1174 3070 1228 eis
3096 1173 3350 1229 molestus
3378 1186 3519 1229 esset
3543 1175 3698 1228 illius

2110 1273 2459 1334 conspectus,
2488 1280 2592 1319 non
2634 1265 2704 1319 ita
2740 1265 3100 1336 loquerentur.
3125 1265 3236 1321 Nec
3262 1266 3529 1321 modicum
3555 1265 3698 1320 illud

2111 1356 2545 1426 impedimentnrn
2589 1363 2710 1419 est,
2757 1370 2863 1425 quo
2911 1355 3086 1410 minus
3131 1355 3328 1410 malitia
3374 1370 3468 1410 sua
3517 1355 3700 1411 libere

2111 1457 2344 1502 utantur.
2371 1448 2554 1502 Vidisti
2583 1456 2835 1517 quantum
2861 1448 3066 1501 lucrum
3093 1447 3246 1502 bonis
3274 1462 3367 1516 per
3395 1447 3695 1516 improbos.

2113 1537 2367 1608 improbis
2403 1554 2495 1606 per
2533 1537 2698 1591 bonos
2727 1536 2976 1591 accedat?
3008 1536 3128 1592 ideo
3161 1552 3266 1591 non
3305 1537 3570 1606 separavit
3596 1548 3698 1591 eos

2113 1628 2270 1692 Deus,
2298 1626 2390 1682 sed
2420 1626 2736 1681 commixtos
2761 1624 2990 1695 reliquit.

2182 1721 2236 1775 2.
2279 1719 2381 1774 Cur
2411 1719 2638 1773 diabolus
2676 1718 3005 1788 relinquatur.
3031 1746 3106 1757 —
3142 1715 3284 1772 Idem
3329 1716 3507 1787 itaque
3538 1717 3701 1772 nobis

2114 1812 2272 1868 etiam
2302 1811 2368 1867 de
2392 1811 2602 1865 diabolo
2628 1809 2696 1864 sit
2728 1824 2922 1864 sermo.
2955 1808 3079 1863 Ideo
3107 1809 3248 1863 enim
3285 1809 3430 1863 illum
3461 1809 3548 1863 hic
3571 1822 3700 1864 esse

2113 1905 2255 1970 sivit,
2277 1913 2333 1958 ut
2353 1912 2404 1958 te
2425 1902 2694 1958 fortiorem
2716 1901 2982 1968 redderet,
3011 1910 3068 1956 ut
3088 1901 3494 1970 splendidiorem
3516 1901 3697 1956 athle-

2117 2003 2224 2049 tam
2252 1995 2467 2058 faceret,
2492 2003 2547 2047 nt
2567 1994 2765 2063 majora
2788 1992 2962 2047 forent
2980 1993 3288 2047 certamina.
3315 1991 3369 2047 Si
3395 1992 3512 2062 quis
3536 1993 3703 2062 igitur

2115 2085 2277 2150 dicat,
2301 2085 2406 2139 Cur
2427 2083 2694 2139 diabolum
2721 2083 2932 2153 reliquit
2959 2082 3136 2136 Deus?
3166 2082 3280 2136 haec
3309 2082 3382 2136 illi
3407 2083 3696 2150 responde,

2117 2177 2248 2243 Quia
2280 2175 2344 2230 iis
2369 2175 2456 2245 qui
2484 2174 2697 2244 vigilant
2722 2182 2776 2227 et
2804 2173 2902 2227 sibi
2929 2171 3228 2237 attendunt,
3252 2187 3356 2226 non
3384 2172 3542 2226 modo
3563 2172 3698 2225 nihil

2119 2275 2275 2320 nocet
2295 2307 2310 2330 ,
2346 2267 2438 2318 sed
2480 2264 2636 2318 etiam
2681 2262 2824 2317 utilis
2861 2269 2944 2316 est
2964 2303 2979 2325 ,
3011 2277 3118 2315 non
3146 2261 3364 2335 arbitrio
3388 2275 3486 2316 suo
3509 2302 3525 2324 ,
3551 2259 3701 2331 quod

2120 2357 2315 2411 malum
2342 2367 2455 2418 est,
2483 2355 2575 2409 scd
2615 2355 2826 2409 illorum
2867 2353 3198 2417 fortitudine,
3229 2354 3319 2423 qui
3348 2352 3462 2421 ejus
3497 2353 3704 2406 malitia

2121 2459 2178 2504 ut
2205 2465 2298 2518 par
2323 2456 2405 2504 est
2432 2457 2665 2502 utuntur.
2701 2447 2969 2516 Siquidem
3009 2455 3062 2500 et
3101 2459 3218 2499 cum
3257 2443 3391 2498 .lobo
3423 2443 3701 2506 conflixit,

2122 2557 2227 2595 non
2257 2551 2314 2594 ut
2339 2541 2480 2595 illum
2507 2540 2784 2594 clariorem
2810 2538 3078 2604 redderet,
3103 2535 3194 2591 sed
3220 2545 3275 2589 ut
3295 2535 3660 2604 snpplantarct
3684 2549 3700 2587 :

2123 2631 2349 2700 ideoque
2377 2631 2543 2684 malus
2571 2639 2650 2683 est
2667 2671 2682 2694 ,
2713 2628 2853 2698 quod
2881 2629 2968 2682 tali
3009 2627 3078 2681 sit
3121 2628 3390 2698 proposito
3415 2639 3477 2678 ac
3504 2623 3705 2678 volun-

2124 2731 2267 2787 tate;
2304 2731 2533 2774 attamen
2581 2721 2708 2774 nihil
2744 2721 2942 2786 justum
2973 2719 3106 2773 laesit
3127 2759 3142 2784 ,
3175 2718 3268 2772 sed
3299 2718 3384 2772 hic
3414 2717 3586 2786 potius
3613 2716 3706 2770 lu-

2123 2829 2270 2868 crum
2311 2829 2376 2866 ex
2407 2813 2497 2865 tali
2539 2828 2706 2881 pugna
2747 2809 3066 2880 reportavit,
3096 2817 3157 2863 ut
3182 2808 3290 2878 jam
3319 2806 3653 2861 ostendimus
3687 2821 3704 2861 :

2124 2915 2284 2974 atque
2328 2905 2534 2959 dmmon
2586 2902 2910 2973 nequitiam,
2952 2901 3126 2969 justus
3171 2914 3298 2953 vero
3341 2897 3706 2952 fortitudinem

2126 2997 2384 3052 exhibuit.
2420 2998 2486 3049 At
2523 2997 2715 3048 multos
2744 2994 3079 3064 supplantat,
3111 2993 3314 3060 inquies
3342 3007 3357 3045 :
3385 2989 3455 3044 ob
3493 2990 3708 3044 illorum

2126 3087 2328 3142 scilicet
2371 3086 2762 3148 infirmitatem,
2807 3098 2912 3137 non
2958 3091 3132 3137 autem
3171 3081 3364 3134 virtute
3398 3095 3524 3144 sua,
3561 3078 3711 3149 quod

2125 3177 2232 3246 jam
2265 3177 2499 3245 pluribus
2524 3175 2939 3229 demonstratum
2970 3183 3072 3227 est.
3103 3171 3272 3226 Tuum
3303 3185 3428 3238 ergo
3456 3179 3601 3223 recte
3624 3171 3712 3222 di-

2129 3272 2240 3339 rige
2283 3271 2549 3332 animmn,
2589 3275 2644 3321 et
2681 3279 2962 3334 numquam
3005 3265 3072 3318 ab
3109 3264 3286 3332 aliquo
3327 3261 3708 3315 detrimentum

2128 3362 2375 3431 accipies,
2406 3361 2510 3414 imo
2537 3360 2763 3413 maxima
2790 3356 3102 3418 lucraberis,
3129 3371 3232 3408 non
3262 3369 3290 3406 a
3317 3353 3498 3422 probis
3521 3353 3709 3415 modo,

2129 3456 2220 3506 sed
2245 3454 2401 3506 etiam
2426 3451 2490 3504 ab
2513 3449 2782 3519 improbis.
2812 3447 2934 3501 Ideo
2958 3447 3120 3506 enim,
3152 3454 3208 3499 ut
3232 3453 3386 3498 antea
3407 3443 3538 3506 dixi,
3561 3458 3716 3496 com-

2132 3546 2325 3598 mixtos
2370 3543 2573 3611 reliquit
2619 3541 2759 3594 Deus
2806 3537 3086 3601 homines,
3125 3537 3352 3590 maxime
3391 3536 3559 3589 bonos
3587 3549 3713 3587 cum

2134 3636 2316 3696 malis,
2347 3643 2403 3686 ut
2434 3633 2531 3686 hos
2569 3631 2634 3685 ad
2671 3645 2819 3684 suam
2863 3629 3126 3698 propriam
3157 3627 3411 3681 reducant
3440 3627 3714 3679 virtutem.

2134 3728 2268 3781 Audi
2299 3725 2422 3794 quid
2453 3724 2722 3791 discipulis
2747 3723 2887 3775 dicat
2913 3719 3156 3773 (Zhristus
3186 3737 3200 3772 :
3227 3718 3406 3772 Simile
3431 3721 3618 3788 factum
3641 3725 3719 3770 est

2134 3834 2341 3889 regnum
2362 3818 2598 3871 rariorum
2621 3814 2836 3878 mulieri,
2863 3827 2973 3879 (μίαν
2994 3820 3249 3878 acceptum
3279 3812 3575 3879 fermentum
3598 3809 3719 3860 abs-

2137 3911 2304 3964 condit
2343 3910 2394 3962 in
2439 3908 2618 3976 farina:
2657 3906 2780 3959 satis
2818 3905 2974 3956 tribus
3003 3899 3231 3974 (Matth.
3263 3901 3347 3953 13.
3379 3900 3506 3966 '55).
3537 3899 3721 3968 Itaque

2133 4000 2259 4069 justi
2296 3999 2400 4052 vim
2445 3996 2686 4052 fermenti
2729 3995 2922 4048 habent
2947 4033 2961 4056 ,
2995 4002 3051 4045 ut
3078 3991 3142 4044 ad
3171 4006 3318 4044 suam
3359 3989 3720 4044 conditionem

2140 4090 2410 4158 improbos
2451 4085 2784 4142 transferant.
2829 4083 2934 4138 Sed
2979 4084 3125 4152 pauci
3165 4091 3290 4135 sunt
3321 4081 3484 4149 justi,
3515 4081 3638 4149 quia
3667 4091 3724 4135 et

2142 4181 2456 4235 fermentum
2489 4192 2704 4246 parvum
2737 4185 2855 4237 est;
2888 4189 3070 4227 verum
3110 4172 3195 4225 illa
3229 4172 3462 4240 paucitas
3489 4186 3719 4224 massam

2141 4289 2246 4326 non
2287 4271 2465 4334 laedit,
2504 4269 2594 4323 sed
2625 4277 2798 4322 .totam
2847 4267 3064 4320 farinam
3104 4281 3202 4335 pro
3245 4266 3400 4319 insita
3439 4265 3635 4325 virtute
3669 4265 3722 4317 in

2142 4380 2292 4419 suam
2341 4361 2591 4415 transfert
2631 4358 3011 4412 conditionem.
3065 4355 3156 4410 Sic
3197 4355 3462 4423 justorum
3511 4369 3724 4422 quoque

2143 4457 2311 4508 virtus
2349 4468 2455 4506 non
2494 4451 2546 4505 in
2575 4464 2795 4503 numero
2820 4449 2917 4501 sita
2949 4456 3029 4501 est
3052 4488 3066 4510 ,
3096 4447 3188 4499 sed
3217 4447 3268 4498 in
3295 4445 3460 4514 gratia
3494 4444 3726 4513 Spiritus

2147 4545 2308 4598 robur
2335 4553 2498 4596 totum
2531 4541 2705 4594 habet.
2737 4538 3020 4592 Duodecim
3051 4544 3202 4590 erant
3253 4535 3474 4603 apostoli
3507 4553 3521 4588 :
3553 4535 3728 4588 vitlen‘

2147 4653 2303 4706 quam
2337 4635 2599 4689 modicum
2631 4633 2698 4686 sit
2730 4629 3088 4685 fermentum?
3117 4636 3260 4682 totus
3284 4627 3430 4680 orbis
3460 4628 3510 4679 in
3539 4625 3726 4680 infide-

2147 4731 2294 4784 litate
2322 4727 2630 4780 versabatur
2659 4741 2673 4777 :
2703 4721 2876 4775 viden'
2904 4728 3096 4790 quanta
3128 4717 3340 4772 massa?
3368 4717 3460 4770 sed
3493 4717 3568 4770 illi
3597 4717 3729 4770 dtur-

2149 4819 2320 4873 decim
2348 4824 2514 4870 totmn
2545 4815 2728 4867 orbem
2761 4811 2825 4864 ad
2861 4827 2920 4864 se
2947 4817 3341 4864 converterunt.
3382 4806 3724 4860 Fermentuzn

2150 4921 2203 4964 et
2229 4923 2396 4962 massa
2425 4904 2664 4974 ejusdem
2690 4911 2812 4956 sunt
2837 4911 3061 4963 natnrze,
3089 4899 3182 4952 sed
3212 4913 3314 4950 non
3341 4895 3578 4964 ejusdem
3601 4911 3730 4962 qna—

2155 5003 2313 5056 litatis
2344 5017 2357 5053 :
2388 4997 2729 5070 quamobrem
2760 4995 2898 5048 inter
2923 4993 3094 5060 justos
3125 4991 3329 5058 reliquit
3361 4988 3652 5056 improbos.
3677 4994 3720 5038 ut
3763 5023 3771 5047 ι

2154 5089 2596 5162 quemadmodum
2630 5087 2680 5140 hi
2721 5085 2955 5154 ejusdem
3000 5091 3197 5135 naturae
3232 5090 3355 5134 sunt
3381 5088 3541 5147 atque
3563 5076 3728 5146 justi,

2155 5188 2230 5240 sic
2260 5183 2494 5253 ejusdem
2527 5179 2780 5249 propositi
2813 5178 3017 5246 fierent.

2232 5277 2396 5330 "omo
2425 5276 2560 5327 solus
2585 5281 2757 5326 auctor
2782 5267 2990 5335 peccati.
3015 5295 3087 5306 ——
3117 5262 3239 5318 I-larc
3273 5260 3528 5318 memoria
3557 5269 3736 5314 tenea-

2159 5372 2244 5429 tis,
2279 5368 2362 5422 his
2389 5381 2448 5419 os
2477 5367 2717 5417 obturate
2747 5361 2948 5431 ignavis
2989 5358 3114 5421 illis,
3147 5356 3441 5419 dissolutis,
3475 5351 3734 5422 segniori-

2161 5462 2259 5514 bus
2282 5503 2294 5522 ,
2327 5459 2414 5528 qui
2459 5456 2666 5510 virtutis
2710 5455 2914 5508 labores
2955 5449 3253 5519 refugiunt,
3283 5445 3736 5516 quicommnucm

2163 5562 2400 5606 nostrum
2432 5550 2711 5602 Dominum
2745 5546 3005 5598 incusant.
3048 5538 3298 5602 Peccasti,
3331 5536 3519 5605 inquit,
3552 5532 3740 5601 quiesce

2167 5641 2318 5711 (Gen.
2348 5644 2398 5699 4.
2431 5642 2484 5709 7)
2518 5657 2530 5691 :
2565 5655 2631 5694 ne
2655 5635 2871 5707 adjicias
2896 5632 3037 5688 aliud
3066 5630 3278 5702 gravius
3305 5637 3578 5700 peccatum
3605 5621 3743 5696 (Εε-
