3896 6230
224 380 523 443 κάκείνους
567 377 598 432 6
628 377 873 440 διάϐολος
906 376 1193 447 ὴπάτησες
1232 376 1351 440 πῶς
1380 371 1474 431 οὑν
1521 377 1667 447 ὑμᾶς
1716 375 1816 429 οὑκ

233 464 563 538 ὴπάτησενς
594 464 658 517 Oi
687 463 842 517 αὑτοὶ
875 460 1154 531 ἄνθρωποι
1184 461 1344 531 ὑμεῖς
1375 461 1639 528 κάκεῖνοι,
1678 457 1823 513 κατά

224 548 335 619 τὴν
375 545 539 616 φύσιν
577 543 756 613 λέγω·
785 543 887 615 τὴν
919 543 1092 616 αὑτὴν
1122 542 1276 615 ἔχετε
1304 542 1486 616 ψυχὴν
1526 543 1687 613 ὑμεῖς
1722 542 1824 594 κά-

226 632 437 694 κεῖνοι,
481 626 583 692 τὰς
614 626 786 690 αὑτὰς
832 626 987 697 ἔχετε
1039 624 1336 697 ἐπιθυμίας
1380 625 1479 689 τὰς
1530 624 1684 696 παρά
1723 622 1824 694 τῆς

228 712 482 782 φύσεωςο
512 711 630 776 πῶς
656 706 752 765 οὖν
786 711 887 765 οὐκ
913 712 972 766 ἐν
1000 710 1114 774 τοῖς
1140 710 1327 774 αὑτοῖς
1350 709 1513 780 ὑμεῖς
1542 709 1821 772 κάκείνοις

243 795 470 866 Ἐπειδὴ
497 795 554 850 αί
587 795 936 866 προαιρέσεις
982 794 1083 871 οὑχ
1131 794 1186 846 αἰ
1233 792 1397 846 αὑταί⁷
1420 793 1448 822 ⁸
1480 792 1610 863 ὑμῖν
1638 791 1827 845 κάκεί-

227 896 379 944 νοις·
407 878 499 933 διά
534 878 695 933 τοῦτο
737 881 936 933 ἐκεῖνοι
969 876 1069 948 μὲν
1104 879 1163 931 ἐν
1196 876 1405 949 ἀπάτῃ,
1438 874 1596 947 ὑμεῖς
1634 874 1692 928 δὲ
1730 874 1827 927 ἐκ·

229 964 330 1027 τὸς
360 963 458 1033 τῆς
484 961 718 1032 ἀπάτης.
749 961 824 1015 Οὑ
854 960 1017 1014 πάλιν
1055 958 1148 1013 τὸν
1180 957 1427 1013 διάϐολον
1468 956 1827 1013 ἀπαλλάττων

231 1045 601 1117 ἐγκλημάτων
640 1043 816 1099 ταῦτα
862 1043 1030 1113 λέγω,
1081 1043 1201 1099 ἀλλ’
1227 1043 1372 1115 ὑμᾶς
1414 1041 1830 1114 ἁμαρτημάτων

232 1128 606 1200 ἐλευθερῶσαι
655 1126 994 1192 σπουδάζων.
1044 1125 1290 1199 Πονηρὸς
1331 1127 1361 1179 6
1386 1124 1655 1189 διάϐολος,
1694 1124 1827 1195 69.0-

233 1211 386 1282 λογῶ
411 1210 587 1280 κάγὼ,
636 1210 753 1266 ἀλλ’
794 1210 974 1282 ἐαυτῷ
1008 1210 1265 1283 πονηρὸς,
1305 1209 1407 1280 οὑχ
1435 1209 1590 1281 ἡμῖν,
1622 1208 1689 1263 ἀν
1731 1209 1829 1281 νή-

236 1310 462 1365 φωμεν·
492 1292 715 1365 τοιαύτη
747 1293 859 1366 γάρ
902 1294 1004 1364 τῆς
1040 1293 1243 1357 κακίας
1273 1292 1311 1364 ή
1348 1290 1542 1362 φύσιςο
1587 1295 1698 1357 τοῖς
1730 1309 1827 1348 κε-

235 1376 533 1451 κτημένοις
559 1378 708 1433 ἐστὶν
745 1376 973 1449 ὀλεθρία
1012 1376 1216 1448 μάθοις,
1244 1376 1279 1446 ή
1311 1375 1370 1429 δέ
1397 1375 1570 1449 ἀρετή
1608 1377 1831 1431 τούναν-

239 1458 386 1514 τίον*
412 1460 534 1531 οὐχὶ
563 1460 697 1522 τοὺς
735 1457 1112 1531 κεκτημένους
1167 1458 1351 1530 μόνον,
1395 1457 1530 1512 ἀλλά
1562 1458 1658 1512 καὶ⁵
1701 1458 1830 1521 τοὺς

240 1545 474 1616 πλησίον
506 1543 738 1615 ὠφελεῖν
774 1542 1017 1597 δύναται.
1060 1542 1172 1596 Καὶ
1205 1541 1293 1595 ῖνα
1323 1540 1524 1615 μάθῃς.
1554 1541 1635 1596 δτι
1661 1542 1692 1595 6
1730 1542 1830 1613 μὲν

243 1627 416 1691 κακὸς
436 1624 616 1698 ἑαυτῷ
640 1626 832 1690 κακὸς,
860 1627 891 1679 6
912 1624 969 1679 δὲ
995 1623 1219 1693 ἀγαθὸς,
1247 1624 1343 1677 καὶ
1366 1624 1575 1695 ἑτέροις
1603 1623 1828 1694 ἀγαθὸς,

246 1708 561 1782 μαρτυρίαν
589 1726 672 1763 σοι
700 1709 930 1781 παρέχω
955 1705 1326 1779 παροιμιώδη.
1358 1706 1601 1772 Τέκνον,
1638 1706 1825 1778 φησιν,

240 1793 358 1849 ἐὰν
386 1793 572 1859 κακὸς
602 1792 778 1863 τέκῃ,
812 1793 1005 1863 μόνος
1034 1790 1364 1858 ἀντλήσεις
1390 1789 1464 1844 τὰ
1505 1789 1661 1845 κακά
1677 1806 1691 1822 ·
1722 1787 1832 1845 ἐὰν

244 1877 318 1932 δὲ
343 1877 557 1948 σοφὸς,
583 1876 778 1944 ἑαυτῷ
803 1876 902 1932 καί
931 1875 1015 1943 τῷ
1045 1875 1337 1942 πλησίον.

334 1959 723 2032 Ἦπατήθησαν
768 1961 826 2013 ἐν
882 1960 998 2023 τοῖς
1053 1954 1354 2031 θεάτροις,’
1384 1958 1500 2013 ἀλλ’
1527 1957 1684 2029 ὑμεῖς
1730 1956 1833 2012 οὑκ

245 2044 590 2116 ἠπατήθητε.
641 2043 892 2115 Μεγίστη
940 2042 1081 2114 αὕτη
1128 2042 1476 2114 πραγμάτων
1523 2040 1831 2108 ἀπόδειξις,

246 2128 470 2199 ελεγχος
510 2128 690 2199 σαφὴς
725 2128 823 2181 καί⁹
860 2126 1120 2198 λογισμὸς
1150 2125 1302 2205 [268]
1351 2126 1836 2198 ἀναμφισϐήτητος

246 2213 345 2267 τοῦ
376 2210 652 2282 πανταχοῦ
679 2210 780 2283 τήν
828 2209 1150 2284 προαίρεσιν
1201 2206 1341 2265 εἶναι
1382 2212 1601 2283 κυρίαν.
1645 2210 1834 2281 Τούτῳ

246 2295 316 2367 δὴ
354 2296 447 2349 καὶ
493 2295 657 2359 αὑτὸς
706 2293 948 2367 κέχρησο
979 2294 1058 2366 τῷ
1101 2296 1290 2366 τρόπῳ
1322 2296 1420 2367 τῆς
1466 2294 1831 2359 ἀποδείξεωςο

248 2380 357 2435 κᾶν
408 2380 524 2451 ἴδῃς
565 2378 853 2450 ἄνθρωπον
898 2380 957 2433 ἐν
1002 2379 1238 2452 πονηρίᾳ
1281 2379 1460 2444 ζῶντα
1504 2379 1600 2434 καὶ
1653 2379 1835 2433 πᾶσαν

248 2463 452 2517 κακίαν
496 2461 965 2534 ἐπιδεικνύμενον,
1012 2458 1135 2516 εἶτα
1189 2461 1517 2534 αἰτιώμενον
1560 2461 1654 2515 τοῦ
1699 2460 1834 2514 Θεοὺ

248 2546 353 2617 τὴν
398 2545 655 2616 πρόνοιαν
701 2546 796 2598 καὶ
849 2544 1099 2613 λέγοντα,
1149 2545 1234 2599 ὅτι
1284 2545 1456 2616 τύχης
1501 2545 1595 2598 καὶ
1643 2545 1839 2615 εἱμαρ-

257 2629 426 2701 μένης
455 2629 668 2701 ἀνάγκη
701 2629 799 2683 καὶ
835 2630 1108 2699 δαιμόνων
1132 2629 1408 2702 τυραννίδι
1434 2628 1532 2701 τὴν
1563 2628 1838 2700 ἡμετέραν

256 2712 488 2779 ἐξέδωκε
523 2711 705 2781 φύσιν,
733 2712 828 2766 καὶ
868 2712 1132 2767 πάντοθεν
1173 2713 1273 2783 τὴν
1306 2711 1484 2766 αἰτίαν
1513 2711 1607 2781 ἀφ’
1643 2709 1836 2765 ἑαυτοῦ

257 2796 361 2867 μὲν
393 2795 698 2864 ἀπάγοντα.
729 2795 821 2848 ἐπὶ
849 2794 905 2849 δὲ
932 2794 1025 2848 τὸν
1057 2795 1390 2868 δημιουργὸν
1419 2795 1515 2849 καὶ
1557 2794 1710 2849 τοῦδε
1741 2792 1837 2847 τοῦ

148 2938 153 2943 _
253 2877 460 2941 παντὸς
489 2876 822 2949 προνοοῦντα
870 2879 1280 2949 μεταφέροντα,
1321 2878 1638 2949 ἀπόφραξον
1673 2875 1838 2929 αὑτοῦ

252 2965 319 3014 τὸ
353 2962 546 3031 στόμα,
590 2960 664 3032 μὴ
714 2959 876 3031 λόγῳ,
904 2959 1019 3013 ἀλλ’
1047 2959 1214 3032 ἔργῳ,
1247 2961 1522 3026 ἐπιδείξας
1558 2959 1841 3014 σύνδουλον

252 3045 446 3114 ἓτερον
476 3047 532 3096 ἐν
569 3045 739 3115 ἀρετῇ
778 3045 874 3098 καὶ
914 3044 1189 3114 ἐπιεικείᾳ
1228 3042 1426 3109 ζῶντα.
1457 3045 1533 3097 Οὑ
1564 3042 1723 3114 χρεία
1750 3043 1841 3096 λό-

254 3143 372 3196 γων
425 3127 669 3197 μακρῶν,
712 3127 772 3179 οὑ
812 3127 973 3197 χρεία
1017 3125 1368 3197 κατασκευῆς
1415 3126 1843 3197 συμπεπλεγμέ-

259 3227 384 3280 νης,
428 3209 550 3262 οὑδὲ
580 3208 957 3280 συλλογισμῶν
977 3224 992 3240 ο
1022 3208 1111 3262 διὰ
1152 3209 1259 3261 τῶν
1288 3208 1465 3280 ἔργων
1499 3210 1533 3279 ή
1570 3207 1843 3273 ἀπόδειξις

257 3293 503 3359 γίνεταυ
535 3294 656 3346 είπέ
690 3293 825 3364 πρὸς
860 3292 1021 3345 αὑτόν
1043 3308 1057 3322 ο
1095 3293 1205 3346 Καὶ
1240 3292 1305 3345 σὺ
1343 3290 1551 3354 δοῦλος,
1590 3291 1844 3353 κάκεῖνος

255 3376 481 3440 δοῦλοςο
520 3378 616 3431 καὶ
648 3376 713 3431 σὺ
754 3376 1062 3449 ἅνθρωπος,
1113 3377 1364 3440 κάκεῖνος
1395 3374 1678 3447 ἄνθρωπος
1697 3391 1711 3405 ⁸
1753 3374 1844 3427 τὸν

254 3460 427 3515 αὑτὸν
456 3458 659 3532 κόσμον
708 3461 917 3525 οἰκεῖς,
968 3460 1074 3513 ὑπὸ
1123 3459 1217 3511 τὸν
1268 3458 1431 3513 αὑτὸν
1481 3458 1711 3528 οὑρανὸν
1743 3456 1843 3520 τάς

256 3542 434 3607 αὑτὰς
474 3543 646 3615 τρέφῃ
675 3543 909 3613 τροφάς’
944 3542 1063 3606 πῶς
1092 3543 1156 3595 σὺ
1201 3541 1300 3613 μὲν
1326 3542 1385 3594 ἐν
1418 3541 1674 3611 πονηρίᾳ,
1705 3540 1846 3592 ἐκεῖ·

259 3643 355 3691 νος
383 3628 440 3680 δὲ
466 3628 525 3680 ἐν
554 3628 722 3699 ἀρετῇ
747 3644 762 3694 ;
798 3626 900 3681 Διά
936 3627 1096 3680 τοῦτο
1124 3626 1217 3680 καὶ
1250 3627 1279 3679 6
1310 3624 1444 3687 Θεὸς
1489 3624 1672 3694 ἀφῆκε
1716 3624 1845 3686 τοὺς

261 3712 537 3781 πονηροὺς
565 3714 678 3774 τοῖς
706 3710 933 3779 ἀγαθοῖς
979 3709 1377 3781 ἀναμεμίχθαι,
1410 3708 1506 3761 καὶ
1534 3708 1636 3760 οὑκ
1677 3706 1845 3777 ἀλλην

262 3795 368 3866 μὲν
410 3795 526 3857 τοῖς
571 3796 828 3865 πονηροῖς
868 3794 1035 3847 ἔδωκε
1081 3797 1207 3864 γῆν,
1256 3793 1336 3855 είς
1387 3792 1582 3863 ἑτέραν
1614 3789 1670 3842 δὲ
1720 3792 1846 3852 τοὺς

263 3878 504 3946 ἀγαθοὺς
529 3878 857 3948 οἰκουμένην
880 3876 1182 3947 ἀπῴκισεν,
1209 3875 1345 3929 ἀλλά
1367 3873 1593 3945 ἀνέμιξε
1622 3871 1845 3937 τούτους

263 3961 532 4026 ἐκείνοις,
580 3961 715 4015 πολὺ
751 3961 814 4014 τὸ
864 3962 1135 4031 χρήσιμον
1179 3958 1568 4030 ἐργαζόμενος.
1626 3958 1689 4009 υἱ
1736 3957 1846 4027 γὰρ

263 4044 465 4115 ἀγαθοὶ
491 4044 849 4116 δοκιμώτεροι
877 4044 1176 4112 φαίνονται,
1206 4043 1264 4095 ἐν
1296 4041 1448 4113 μέσῳ
1473 4039 1580 4094 τῶν
1607 4036 1848 4094 κωλυόν-

265 4147 376 4183 των
431 4129 630 4193 αὑτοὺς
673 4128 850 4198 ὀρθῶς
890 4127 989 4200 ζῇν
1039 4129 1133 4181 καὶ
1174 4126 1308 4201 πρὸς
1344 4124 1545 4179 κακίαν
1582 4123 1847 4177 ἑλκόντων

262 4212 421 4277 ὅντες
460 4212 555 4267 καὶ
598 4212 694 4283 τῆς
741 4211 945 4283 ἀρετῆς
992 4209 1540 4281 ἀντιλαμϐανόμενοι.
1571 4206 1673 4260 Δεῖ
1716 4206 1846 4277 γάρ,

268 4296 425 4368 φησὶ,
460 4295 558 4350 καί
602 4295 862 4363 αἱρέσεις
898 4291 1051 4348 εἶναι
1086 4294 1156 4347 ἐν
1196 4291 1359 4363 ὑμῖν,
1393 4292 1496 4346 ἵνα
1522 4294 1576 4345 οἱ
1614 4289 1849 4359 δόκιμοι

266 4379 517 4450 φανεροί
547 4379 834 4450 γένωνται
873 4377 943 4431 ἐν
976 4376 1143 4445 ὑμῖν.

345 4460 556 4516 Οὐκοῦν
582 4462 676 4515 καὶ
710 4461 798 4514 διὰ
822 4460 980 4515 τοῦτο
1006 4461 1133 4523 τοὺς
1162 4457 1436 4529 πονηροὺς
1468 4455 1681 4525 ἀφῆκεν
1709 4451 1849 4508 εἶναι

268 4546 331 4601 ἐν
354 4545 432 4617 τῷ
464 4546 633 4617 μέσῳ,
657 4547 743 4600 ἵνα
767 4546 817 4598 οί
842 4544 1037 4613 ἀγαθοὶ
1064 4542 1411 4613 διαλάμπωσι
1438 4540 1657 4610 μᾶλλον,
1689 4540 1852 4610 Ὁρᾷς

268 4631 333 4685 τὸ
364 4630 552 4700 κέρδος
580 4632 733 4695 δσον;
774 4628 911 4682 Ἀλλ’
941 4628 1002 4682 οὑ
1035 4628 1185 4699 παρά
1209 4625 1317 4678 τῶν
1350 4623 1605 4694 πονηρῶν
1636 4623 1697 4677 τὸ
1729 4625 1852 4696 κέρ-

268 4713 384 4778 δος,
415 4712 551 4766 ἀλλὰ
579 4714 732 4785 παρά
761 4712 861 4782 τῆς
886 4710 1135 4782 ἀνδρείας
1165 4708 1275 4762 τῶν
1302 4706 1544 4777 ἀγαθῶν.
1572 4706 1670 4760 Διά
1696 4705 1853 4759 τοῦτο

271 4797 372 4851 καὶ
402 4796 495 4849 τὸν
527 4796 651 4849 Νῶε
684 4795 1056 4866 θαυμάζομεν,
1099 4791 1197 4863 οὑχ
1227 4793 1307 4847 δτι
1354 4788 1559 4851 δίκαιος
1595 4785 1684 4861 ἦν,
1732 4789 1854 4843 οὑδὲ

268 4882 358 4935 ὅτι
391 4880 596 4944 τέλειος
626 4876 693 4952 ἦν
726 4880 904 4952 μόνον,
930 4878 1044 4933 ἀλλ’
1071 4878 1153 4930 ὃτι
1184 4880 1241 4930 ἐν
1273 4878 1340 4947 τῇ
1368 4874 1531 4945 γενεᾷ
1563 4873 1749 4946 ἐκείνῃ
1784 4874 1851 4944 τῇ

269 4951 678 5038 διεστραμμένη
723 4951 817 5019 καὶ
861 4964 1074 5036 πονηρᾷ
1105 4962 1326 5015 διέσωσε
1372 4960 1470 5031 τήν
1508 4958 1729 5031 ἀρετὴν,
1763 4951 1879 5010 δτε⁹

270 5049 376 5105 οὐκ
404 5044 517 5120 εἶχε
540 5049 890 5119 παράδειγμα
915 5048 1135 5118 ἀρετῆς,
1162 5046 1250 5098 ὅτε
1285 5044 1483 5106 πάντες
1519 5041 1656 5112 πρὸς
1687 5057 1856 5112 πονη-

275 5134 401 5205 ρίαν
451 5132 614 5186 αύτδν
672 5130 1041 5204 παρεκάλουνο
1083 5129 1179 5181 καὶ
1236 5127 1417 5179 πᾶσαν
1475 5126 1571 5177 ἀπ’
1606 5123 1857 5205 ἐναντίας

270 5204 438 5289 ἦλθεν
491 5216 718 5280 ἐκείνοις
741 5256 755 5277 ,
797 5214 1051 5284 καθάπερ
1088 5228 1170 5276 τις
1203 5210 1383 5280 ὁδίτης
1429 5206 1611 5278 πολλῷ
1662 5204 1856 5289 πλήθει

277 5287 428 5373 ῥύμῃ
458 5299 742 5371 φερομένῳ
772 5298 873 5371 τήν
905 5295 1153 5351 ἐναντίαν
1181 5293 1379 5347 ὁδεύων
1409 5291 1547 5345 ὁδόν.
1571 5289 1669 5373 Διά
1698 5287 1859 5342 τοῦτο

273 5386 377 5456 οὑχ
406 5383 594 5448 ἁπλῶς
623 5379 764 5449 εἶπε,
800 5380 927 5437 Νῶε
963 5380 1211 5441 δίκαιος,
1244 5375 1493 5441 τέλειος,
1522 5372 1660 5426 ἀλλά
1689 5389 1860 5456 προσ-

278 5467 500 5539 έθηκεν,
538 5466 607 5520 ἐν
643 5465 721 5535 τῇ
755 5462 933 5535 γενεᾷ
984 5461 1191 5526 αὐτοῦ,
1220 5462 1279 5514 ὲν
1309 5462 1376 5530 τῇ
1415 5455 1821 5539 διεστραμμένη
1840 5495 1869 5521 ,,

275 5552 336 5605 ἐν
360 5534 430 5622 τῇ
472 5534 894 5620 ἀπεγνωσμένῃ,
940 5547 1028 5600 ὅτε
1075 5543 1228 5598 οὐδὲν
1264 5534 1688 5622 ἐμπόρευμαῆν
1730 5539 1862 5622 ἀρε-

272 5621 564 5704 τῆςζτοῖς
599 5633 696 5704 μὲν
733 5629 827 5686 οὖν
857 5630 1085 5701 ἀγαθοῖς
1116 5628 1224 5682 ἀπὸ
1256 5626 1365 5679 τῶν
1405 5621 1659 5694 πονηρῶν
1700 5621 1862 5675 τοῦτο

273 5716 340 5773 τὸ
375 5716 567 5787 κέρδος
610 5713 710 5786 ἦν·
756 5714 899 5769 οὕτω
945 5712 1075 5783 γοῦν
1126 5711 1221 5765 καὶ
1260 5709 1450 5781 δένδρα
1496 5707 1601 5759 ὑπὸ
1636 5704 1852 5787 ἀνέμων

274 5784 536 5856 ἐναντίων
588 5784 912 5871 ῥιπιζόμενα
963 5795 1288 5868 ἰσχυρότερα
1334 5792 1560 5863 γίνεται.
1595 5789 1748 5843 Ἕττι
1799 5784 1853 5839 δὲ

343 5907 370 5936 ⁸
395 5906 520 5969 Reg.
541 5907 570 5963 ἡ
594 5903 865 5969 προαίρεσις
889 5903 976 5967 οὐχ
995 5903 1024 5959 ἡ
1062 5899 1197 5958 αὐτή.

1158 260 1246 318 DE
1285 261 1579 319 DIABOLO
1621 257 2061 317 TENTATORE.
2108 259 2338 318 HOMIL.
2380 258 2468 315 ΙΙΙ.

3390 267 3508 329 266

1924 375 2018 429 καὶ
2055 376 2169 439 τοῖς
2216 377 2475 444 πονηροῖς
2525 371 2714 446 κέρδος
2766 372 2876 428 ἀπὸ
2918 375 3018 446 τῆς
3068 375 3349 448 ἐπιμιξίας
3393 380 3507 435 τῶν

1923 456 2178 528 ἀγαθῶν·
2232 458 2528 523 αἰδοῦνται,
2578 458 2946 530 αίσχύνονται,
2989 459 3318 534 ἐρυθριιῖισιν
3363 462 3505 518 ἐκεί-

1923 559 2068 606 νους,
2100 543 2205 596 κᾶν
2237 542 2313 614 μή
2345 542 2625 596 ἀποστῶσι
2657 543 2759 613 τῆς
2785 541 3007 606 κακίας,
3031 542 3146 597 ἀλλ’
3174 545 3324 615 ὅμως
3364 546 3504 618 μετά

1922 625 2018 681 τοὺ
2048 624 2331 680 λανθάνειν
2363 624 2637 696 τολμῶσιν
2675 624 2823 701 ἅπερ
2847 625 3138 698 τολμῶσιν.
3182 628 3257 683 Οὑ
3308 630 3507 702 μικρὸν

1923 706 1982 761 δὲ
2015 709 2199 775 τοῦτο,
2235 708 2312 781 μὴ
2342 708 2491 780 ἔχειν
2531 711 3095 784 πεπαῤῥησιασμένην
3133 711 3232 784 τήν
3268 730 3506 786 παρανο-

1928 790 2094 862 μίανο
2123 794 2155 845 6
2187 791 2298 865 γάρ
2323 790 2432 846 τῶν
2476 791 2650 848 ἄλλων
2680 794 2793 864 βίος
2821 796 3125 867 κατήγορος
3159 797 3260 868 τῆς
3299 797 3509 853 τούτων

1927 874 2128 940 κακίας
2151 875 2378 945 γίνεται.
2409 877 2676 931 Ἄκουσον
2720 876 2851 947 γοῦν
2885 878 2937 932 τί
2962 896 3094 947 φασι
3126 881 3255 951 περὶ
3288 879 3384 934 τοῦ
3428 881 3507 936 διο

1927 956 2115 1013 καίουσ
2161 961 2360 1030 Βαρύς
2410 960 2581 1015 ἐστιν
2624 960 2771 1031 ἡμῖν
2817 961 2919 1016 καί
2979 963 3383 1035 βλεπόμενος.
3428 965 3504 1019 Ού

1931 1043 2103 1115 μικρά
2135 1042 2193 1096 δὲ
2236 1043 2380 1116 ἀρχὴ
2408 1042 2747 1115 διορθώσεως
2780 1042 2842 1098 τὸ
2883 1044 3172 1101 δάκνεσθαι
3223 1048 3389 1102 αὑτοῦ
3434 1050 3506 1121 τῇ

1928 1125 2233 1199 παρουσίᾳ·
2266 1128 2360 1180 καὶ
2386 1125 2496 1199 γάρ
2529 1127 2576 1179 εί
2605 1126 2680 1198 μὴ
2713 1126 2935 1181 ἔδακνεν
2962 1128 3161 1193 αὑτοὺς
3188 1131 3221 1202 ή
3252 1130 3375 1202 δψις
3408 1131 3507 1186 τοῦ

1928 1209 2160 1273 δικαίου,
2201 1209 2302 1264 οὑκ
2338 1209 2405 1264 ἂν
2443 1209 2601 1265 τοῦτο
2651 1207 2983 1280 ἐφθέγξαντο
3015 1210 3075 1264 τὸ
3123 1212 3294 1284 ῥῆμα·
3345 1214 3405 1268 τὸ
3449 1214 3508 1269 δι

1927 1292 2218 1347 δάκνεσθαι
2244 1293 2336 1347 καὶ
2367 1292 2664 1363 στύφεσθαι
2691 1291 2752 1345 τὸ
2786 1294 3024 1359 συνειδὸς
3048 1295 3155 1349 ἀπὸ
3180 1296 3281 1368 τῆς
3307 1314 3508 1369 παρου-

1931 1377 2054 1442 σίας
2080 1376 2312 1442 ἐκείνου,
2336 1376 2398 1431 οὑ
2436 1377 2631 1449 μικρὸν
2658 1376 2726 1431 ἀν
2757 1379 2842 1449 εῖη
2871 1377 3100 1451 κώλυμα
3123 1379 3218 1433 τοῦ
3252 1380 3329 1452 μή
3369 1379 3510 1452 μετά

1929 1461 2115 1524 ἀδείας
2141 1462 2208 1533 τῇ
2254 1461 2490 1534 πονηρίᾳ
2515 1461 2837 1534 κεχρῆσθαι.
2867 1458 3023 1527 Εἶδες
3051 1464 3217 1518 πόσον
3245 1464 3362 1519 ἐστὶ
3388 1465 3512 1538 κέρ-

1929 1543 2020 1607 δος
2062 1546 2157 1598 καὶ
2199 1547 2315 1610 τοῖς
2360 1545 2587 1614 ἀγαθοῖς
2627 1546 2737 1599 61:6
2781 1545 2891 1600 τῶν
2941 1547 3212 1619 πονηρῶν,
3255 1550 3350 1603 καὶ
3395 1551 3513 1615 τοῖς

1932 1630 2187 1699 πονηροῖς
2230 1628 2341 1682 ἀπὸ
2388 1627 2497 1683 τῶν
2541 1628 2803 1698 ἀγαθῶν;
2847 1629 2935 1684 διὰ
2986 1630 3147 1685 τοῦτο
3201 1632 3264 1687 οὑ
3310 1633 3508 1688 διεῖλεν

1930 1710 2125 1774 αὑτοὺς
2150 1713 2179 1765 6
2202 1710 2354 1775 Θεὸς,
2385 1710 2501 1765 ἀλλ’
2524 1711 2737 1784 ἀφῆκεν
2760 1712 3157 1784 ἀναμεμίχθαι.

2003 1793 2157 1866 [269]
2192 1794 2261 1866 β’.
2313 1795 2373 1848 '0
2399 1794 2563 1858 αὐτὸς
2583 1795 2763 1849 τοίνυν
2785 1797 2917 1867 ή-μῖν
2945 1796 3105 1865 λόγος
3136 1796 3231 1852 καὶ
3262 1797 3390 1869 περὶ
3413 1794 3510 1853 τοῦ

1930 1877 2200 1933 διαϐόλου.
2243 1874 2342 1931 Διά
2392 1876 2502 1949 γάρ
2557 1876 2714 1931 τοῦτο
2766 1880 2863 1932 καὶ
2915 1878 3102 1933 τοῦτον
3155 1880 3367 1951 ἀφῆκεν
3423 1883 3516 1935 ἐν·

1929 1960 2105 2016 ταῦθα
2137 1955 2299 2027 εἶναι,
2330 1960 2417 2014 ἵνα
2443 1961 2502 2015 σὲ
2541 1961 2890 2033 ίσχυρότερον
2915 1963 3238 2035 ἐργάσηται,
3266 1964 3353 2017 ἴνα
3381 1961 3516 2034 λαμ·

1932 2045 2196 2116 πρότερον
2246 2044 2450 2115 ποιήσῃ
2501 2043 2593 2097 τὸν
2656 2044 2918 2117 ἀθλητὴν,
2970 2045 3058 2099 ἵνα
3107 2041 3398 2120 μείζοναῇ
3444 2046 3515 2101 τά

1931 2127 2310 2198 ἀγωνίσματα.
2335 2124 2510 2181 Ὅταν
2541 2122 2634 2180 οὖν
2667 2127 2803 2199 λέγῃ
2830 2146 2934 2191 τις,
2956 2127 3055 2182 Διά
3079 2129 3132 2182 τί
3154 2129 3246 2183 τὸν
3268 2128 3516 2184 διάϐολον

1935 2213 2148 2284 ἀφῆκεν
2173 2214 2202 2267 6
2224 2211 2389 2277 Θεός;
2420 2210 2591 2265 ταῦτα
2612 2211 2738 2281 λέγε
2767 2211 2904 2280 πρὸς
2934 2212 3143 2266 ἐκεῖνον
3169 2212 3239 2266 τά
3261 2213 3328 2284 ῥή
3338 2228 3513 2284 ματαο

1934 2295 2061 2350 Ὅτι
2092 2295 2219 2359 τοὺς
2252 2296 2523 2365 νήφοντας
2558 2294 2655 2347 καὶ
2682 2294 3049 2365 προσέχοντας
3074 2295 3135 2348 οὐ
3171 2295 3330 2365 μόνον
3361 2295 3518 2348 οὐδὲν

1934 2378 2306 2452 παρέϐλαψεν,
2338 2378 2473 2431 ἀλλά
2506 2378 2603 2432 καὶ
2627 2377 2929 2450 ὠφέλησεν,
2972 2377 3033 2431 οὑ
3068 2377 3221 2448 παρά
3256 2377 3357 2448 τὴν
3388 2378 3518 2431 ἐαυοο

1934 2462 2028 2518 τοῦ
2055 2464 2376 2535 προαίρεσιν
2408 2461 2645 2533 (πονηρὰ
2680 2462 2788 2534 γάρ
2831 2461 3023 2533 ἐστιν).
3054 2461 3190 2516 ἀλλά
3232 2460 3382 2532 παρὰ
3416 2463 3518 2534 τὴν

1934 2547 2159 2602 ἐκείνων
2185 2546 2436 2617 ἀνδρείαν
2474 2545 2583 2599 τῶν
2609 2547 2675 2616 τῇ
2721 2545 2955 2616 πονηρίᾳ
2983 2547 3063 2608 είς
3086 2545 3205 2599 δέον
3239 2544 3520 2617 χρησαμέ-

1934 2648 2062 2686 νων.
2106 2630 2261 2684 Ἐπεὶ
2313 2631 2410 2685 καὶ
2465 2628 2542 2700 τῷ
2583 2628 2703 2682 Ἰὼϐ
2738 2628 3096 2701 προσεπλάκη
3156 2630 3276 2700 μὲν,
3322 2631 3382 2683 ού
3428 2630 3519 2685 διὰ

1935 2713 2094 2767 τοῦτο
2142 2714 2221 2779 δέ,
2255 2713 2343 2767 ἵνα
2392 2712 2554 2766 αὑτὸν
2602 2711 2983 2784 λαμπρότερον
3024 2714 3249 2785 ποιήσῃ,
3289 2712 3405 2767 ἀλλ’
3434 2713 3521 2767 ἴνα

1937 2796 2302 2870 ὑποσκελίσῃ·
2351 2796 2441 2850 διὰ
2487 2796 2645 2850 τοῦτο
2693 2795 2951 2867 πονηρὸς,
3000 2795 3087 2849 διὰ
3124 2797 3221 2867 τὴν
3264 2796 3521 2867 τοιαύτην

1937 2881 2164 2952 γνώμην
2196 2882 2291 2935 καὶ
2329 2880 2429 2951 τὴν
2462 2878 2785 2951 προαίρεσιν
2807 2895 2820 2908 ο
2855 2878 2971 2932 ἀλλ’
3004 2880 3153 2949 ὅμως
3189 2879 3341 2933 οὐδὲν
3380 2897 3523 2950 παρ-

1939 2963 2138 3031 έϐλαψε
2177 2964 2267 3016 τὸν
2295 2963 2523 3028 δίκαιον,
2556 2962 2694 3016 ἀλλά
2728 2963 2820 3016 καὶ
2848 2962 3103 3017 ἀπώνατο
3145 2962 3343 3033 μᾶλλον
3374 2963 3520 3014 ἐκεῖ‹

1937 3062 2028 3110 νος
2050 3045 2164 3101 ἀπὸ
2186 3046 2285 3116 τῆς
2311 3045 2511 3116 μάχης,
2535 3047 2672 3117 ὅπερ
2710 3040 2803 3099 οὖν
2834 3047 2928 3099 καὶ
2955 3044 3337 3116 ἀπεδείξαμεν·
3371 3044 3465 3098 καὶ
3493 3046 3524 3097 6

1939 3130 2150 3201 δαίμων
2198 3129 2297 3199 τὴν
2347 3129 2653 3200 πονηρίαν,
2701 3130 2797 3182 καὶ
2835 3129 3090 3192 όδίκαιος
3123 3130 3222 3200 τὴν
3270 3128 3523 3200 ἀνδρείαν

1940 3213 2272 3278 ἐπεδείξατο.
2325 3212 2485 3266 ’Λλλά
2513 3213 2609 3266 καὶ
2658 3211 2999 3278 ὑποσκελίζει
3051 3211 3318 3277 πολλοὺς,
3355 3212 3518 3282 φησί’

1943 3295 2097 3368 παρά
2147 3296 2248 3366 τὴν
2278 3293 2456 3349 αὐτῶν
2491 3294 2815 3359 ἀσθένειαν,
2867 3295 2926 3348 οὑ
2959 3293 3110 3365 παρά
3163 3294 3262 3365 τήν
3314 3295 3524 3348 οἰκείαν

1945 3380 2098 3452 ίσχύν
2118 3397 2131 3409 ·
2156 3381 2250 3433 καὶ
2282 3378 2389 3450 γὰρ
2409 3378 2564 3431 τοῦτο
2598 3378 2891 3449 ἀπεδείχθη
2913 3377 3001 3430 διὰ
3024 3376 3233 3429 πολλῶν
3267 3377 3390 3447 ήδη.
3411 3377 3523 3445 Τὴν

1933 3464 2141 3518 ,σαυτοῦ
2170 3464 2348 3516 τοίνυν
2378 3462 2727 3533 κατόρθωσον
2758 3460 3005 3531 γνώμην,
3035 3461 3128 3514 καὶ
3152 3461 3284 3528 παρ’
3309 3460 3523 3523 οὐδενὸς

1940 3549 2196 3603 οὑδέποτε
2219 3547 2346 3621 δέξῃ
2373 3547 2588 3617 βλάϐος,
2619 3546 2757 3599 ἀλλά
2803 3547 2897 3599 καὶ
2936 3545 3004 3598 τὰ
3049 3543 3282 3614 μέγιστα
3327 3543 3524 3616 κερδα-

1942 3634 2073 3694 νεῖς,
2101 3632 2223 3701 οὑχὶ
2249 3631 2400 3701 παρὰ
2435 3630 2543 3682 τῶν
2571 3627 2794 3697 ἀγαθῶν
2840 3627 3001 3699 μόνον
3026 3669 3039 3690 ,
3069 3627 3204 3680 ἀλλά
3245 3627 3339 3681 καὶ
3373 3625 3527 3697 παρά

1941 3714 2053 3767 τῶν
2080 3713 2355 3786 πονηρῶν.
2399 3713 2498 3766 Διά
2541 3712 2649 3784 γὰρ
2687 3711 2879 3771 τοῦτο,
2915 3711 3173 3780 καθάπερ
3214 3709 3526 3782 ἔμπροσθεν

1942 3792 2117 3859 εἶπον,
2162 3796 2280 3867 μετ’
2305 3795 2549 3866 ἀλλήλων
2573 3794 2786 3864 ἀφῆκεν
2811 3791 2949 3847 εἶναι
2982 3795 3106 3855 τοὺς
3151 3792 3471 3864 ἀνθρώπους
3496 3793 3529 3846 ὁ

1942 3880 2097 3943 Θεὸς,
2132 3880 2227 3932 καὶ
2256 3878 2490 3949 μάλιστα
2510 3877 2636 3940 τοὺς
2657 3877 2895 3945 ἀγαθοὺς
2927 3875 3066 3946 μεεά
3099 3875 3208 3928 τῶν
3247 3874 3522 3946 πονηρῶν,

1943 3963 2032 4016 ἵνα
2059 3960 2344 4033 κάκείνους
2373 3959 2509 4031 πρὸς
2536 3958 2634 4030 τὴν
2661 3958 2870 4011 οἰκείαν
2899 3956 3283 4028 μεταγάγωσιν
3300 3957 3520 4027 ἀρετήν.

1949 4046 2216 4097 ’Ἄκουσον
2273 4041 2404 4110 γοῦν
2438 4041 2492 4095 τί
2541 4058 2674 4111 φησι
2704 4043 2818 4103 τοῖς
2856 4038 3128 4109 μαθηταῖς
3179 4040 3208 4092 6
3253 4037 3522 4110 Χριστός⁹

1955 4127 2237 4198 Ὡμοιώθη
2270 4128 2308 4193 ἡ
2328 4127 2621 4191 βασιλεία
2643 4123 2761 4178 τῶν
2786 4122 3063 4191 οὐρανῶν
3097 4123 3356 4192 γυναικὶ,
3394 4121 3526 4190 ἥτις

1944 4211 2221 4266 λαϐοῦσα
2256 4208 2444 4279 (iuvar
2469 4211 2736 4276 ἔκρυψεν
2763 4210 2849 4273 είς
2882 4207 3144 4274 ἀλεύρου
3186 4206 3343 4260 σάτα
3369 4207 3522 4275 τρία.

1948 4296 2111 4346 Ὥστε
2134 4293 2316 4364 ζύμης
2338 4291 2566 4362 δύναμιν
2590 4290 2804 4362 ἔχουσιν
2827 4291 2876 4343 οί
2909 4289 3130 4351 δίκαιοι,
3167 4288 3253 4341 ἵνα
3278 4288 3413 4359 πρὸς
3426 4287 3526 4357 τὴν

1948 4375 2158 4429 ἐαυτῶν
2188 4375 2449 4446 ποιότητα
2480 4374 2608 4436 106;
2626 4373 2900 4444 πονηροὺς
2920 4372 3352 4442 μεταστήσωσιν.
3388 4370 3527 4423 Ἀλλ’

1947 4460 2120 4528 ὀλίγοι
2158 4461 2207 4511 οἱ
2240 4458 2459 4521 δίκαιοι,
2497 4457 2594 4510 καὶ
2634 4456 2745 4525 γὰρ
2776 4455 2871 4508 καὶ
2915 4457 2949 4527 ή
2986 4452 3134 4525 ζύμη
3173 4453 3378 4524 μικρά’
3410 4452 3526 4507 ἀλλ’

1948 4543 2102 4597 οὐδὲν
2124 4545 2157 4613 ή
2218 4541 2484 4612 μικρότης
2520 4537 2906 4609 παραϐλάπτει
2943 4537 3007 4590 τὸ
3050 4537 3301 4608 φύραμα,
3332 4535 3445 4589 ἀλλ’
3492 4536 3529 4607 ή

1951 4626 2252 4699 σμικρότης
2282 4623 2465 4694 ἐκείνη
2493 4621 2639 4675 ἅπαν
2668 4621 2731 4675 τὸ
2764 4620 2993 4692 ἄλευρον
3015 4621 3151 4690 πρὸς
3169 4617 3366 4690 ἑαυτὴν
3396 4617 3530 4689 μεθ-

1954 4710 2133 4781 ίστησι
2168 4707 2255 4761 διά
2281 4707 2380 4778 τῆς
2411 4704 2637 4773 ἐνούσης
2664 4704 2802 4772 αὑτῇ
2835 4703 3137 4774 δυνάμεως.
3167 4700 3324 4754 οὕτω
3345 4700 3409 4770 δή
3436 4700 3532 4753 καὶ

1950 4795 1985 4863 ἡ
2012 4791 2242 4859 δύναμις
2271 4787 2381 4841 τῶν
2411 4786 2639 4842 δικαίων
2671 4788 2773 4840 οὑκ
2810 4787 2870 4839 ἐν
2901 4788 2969 4857 τῇ
3002 4783 3262 4854 ποσότητι
3286 4782 3382 4835 τοῦ
3409 4782 3533 4853 ἀρι-

1953 4874 2116 4948 θμοῦ,
2147 4874 2261 4928 ἀλλ’
2292 4875 2350 4926 ἐν
2393 4875 2459 4945 τῇ
2512 4871 2602 4925 τοῦ
2638 4870 2956 4940 Πνεύματος
3003 4868 3187 4939 χάριτι
3233 4865 3333 4937 τὴν
3378 4865 3531 4935 ίσχὺν

1953 4960 2087 5032 ἔχει.
2113 4958 2336 5012 Δώδεκα
2365 4953 2504 5029 ἦσαν
2530 4959 2577 5010 οί
2601 4954 2892 5009 ἀπόστολοι
2912 4969 2926 4982 ⁸
2978 4949 3117 5016 εἶδες
3147 4950 3265 5032 πῶς
3292 4951 3464 5021 μικρὰ
3495 4951 3529 5020 ή

1954 5031 2137 5116 ζνύμη;
2167 5040 2264 5113 ὅλη
2295 5044 2329 5114 ἠ
2361 5041 2655 5112 οἰκουμένη
2692 5041 2751 5092 ἐν
2781 5039 3013 5109 ἀπιστίᾳ
3053 5032 3122 5107 ἦν
3143 5054 3155 5067 ·
3191 5031 3331 5097 εἶδες
3366 5033 3529 5086 πόσον

1953 5130 2016 5184 τὸ
2045 5129 2309 5200 φύραμα;
2342 5124 2455 5179 ἀλλ’
2487 5124 2684 5179 ἐκεῖνοι
2706 5125 2757 5177 οί
2780 5121 2989 5177 δώδεκα
3023 5122 3205 5174 πᾶσαν
3223 5119 3322 5189 τὴν
3354 5117 3532 5200 οἰκου-

1958 5196 2134 5283 μένην.
2146 5196 2282 5280 πρὸς
2304 5207 2535 5268 ἑαυτοὺς
2555 5206 2919 5278 ἐπέστρεψαν.
2964 5205 3027 5257 Ἦ
3057 5202 3121 5268 ξύ
3130 5219 3203 5273 μη
3230 5202 3325 5255 καὶ
3344 5196 3529 5283 1619:3-

1958 5282 2108 5371 ραμα
2134 5297 2235 5368 τῆς
2272 5294 2445 5365 αὑτῆς
2484 5291 2719 5363 φύσεως,
2746 5291 2860 5344 ἀλλ’
2890 5290 2952 5344 οὑ
2985 5289 3084 5358 τῆς
3116 5287 3287 5371 αὐτῆς
3310 5282 3530 5371 ποιότη-

1954 5366 2048 5445 τος
2068 5395 2084 5411 ·
2106 5366 2200 5434 διά
2219 5377 2376 5432 τοῦτο
2400 5377 2583 5448 ἀφῆκε
2617 5373 2823 5446 μεταξὺ
2854 5373 2962 5427 τῶν
3002 5369 3230 5423 δικαίων
3262 5366 3388 5423 τοὺς
3430 5381 3531 5418 1:0-

1956 5463 2175 5535 νηροὺς.
2215 5462 2282 5515 ἵν’
2328 5460 2519 5531 ῶσπερ
2559 5458 2660 5528 τῆς
2696 5457 2867 5526 αὑτῆς
2915 5451 3131 5524 φύσεώς
3175 5452 3280 5535 εἰσι
3314 5450 3423 5510 τοῖς
3451 5448 3533 5501 δι-

1956 5531 2155 5610 καίοις.
2187 5544 2331 5599 οὑτω
2357 5542 2568 5611 καὶτῆς
2608 5540 2782 5608 αὑτῆς
2813 5535 3186 5609 προαιρέσεως
3213 5531 3496 5601 γένωνται.

2030 5628 2249 5682 Τούτων
2290 5625 2593 5698 μέμνησθε,
2624 5622 2835 5686 τούτοις
2858 5616 3241 5688 ὲπιστομίζετε
3278 5614 3404 5677 τοὺς
3436 5616 3535 5683 ρᾳ-

1962 5713 2187 5784 θύμους,
2208 5712 2335 5773 τοὺς
2350 5707 2799 5777 διακεχυμένους,
2821 5705 2948 5766 τοὺς
2970 5698 3388 5772 ὀκνηροτέρους,
3411 5699 3535 5784 τοὺς

1964 5778 2358 5867 ἀναδυομένους
2390 5792 2526 5863 πρὸς
2556 5791 2681 5852 τοὺς
2700 5790 2798 5858 τῆς
2815 5787 3019 5860 ἀρετῆς
3043 5786 3261 5849 πόνους,
3296 5783 3419 5838 τοὺς
3439 5778 3536 5867 τού

1968 5861 2447 5935 κοινοῦΔεππότου
2480 5873 2935 5946 κατηγοροῦντας.
2989 5870 3295 5941 Ἥμαρτες,
3348 5861 3532 5935 φησὶν,
