3894 6226
447 203 547 261 261

440 314 786 383 ἡσύχασαν,
826 307 902 379 μὴ
925 305 1168 383 προσθῇς
1196 306 1453 378 δευτέραν
1473 308 1745 378 ἁμαρτίαν
1772 308 2019 379 χαλεπω-

440 382 605 468 τέραν
627 412 641 426 ’
679 394 778 464 οὐχ
809 391 954 445 οὕτω
981 382 1214 461 χαλεπὸν
1249 388 1311 442 τὸ
1332 390 1620 460 ἁμαρτεῖν,
1642 391 1719 457 ὡς
1755 391 1892 462 μετὰ
1919 391 2020 462 τὴν

441 478 715 552 ἁμαρτίαν
754 473 849 530 τοῦ
896 473 1164 527 Δεσπότου
1204 475 1554 544 κατηγορεῖν.
1604 474 1897 541 Ἐπίγνωθι
1928 474 2021 527 τὸν

441 565 612 619 αἴτιον
642 561 742 632 τῆς
773 557 1068 630 ἁμαρτίας,
1103 553 1197 608 καὶ
1242 554 1435 609 οὐδένα
1479 555 1638 610 ἄλλον
1672 556 1947 627 εὑρήσεις,
1983 555 2019 627 ἢ

441 649 533 702 τδν
578 642 933 718 ἡμαρτηκότα
984 640 1067 693 σέ.
1111 638 1394 710 Πανταχοῦ
1443 639 1819 711 προαιρέσεως
1861 639 2025 711 χρεία

443 729 650 800 ἀγαθῆς
673 746 686 759 ·
714 726 892 791 ἔδειξα
924 725 1054 794 ὑμῖν
1079 722 1240 776 τοῦτο
1263 723 1365 775 οὐκ
1392 722 1499 775 ἀπὸ
1525 722 1799 793 λογισμῶν
1825 722 2020 789 ψιλῶν,

445 812 559 867 ἀλλ’
586 810 692 864 ἀπὸ
720 806 1024 862 συνδούλων
1046 805 1157 859 τῶν
1189 807 1247 859 ἐν
1273 804 1422 875 αύτῷ
1450 805 1530 876 τῷ
1558 806 1753 878 κόσμῳ
1780 804 2021 869 ζώντων.

446 893 629 964 Ταύτῃ
655 891 747 946 καὶ
766 890 927 952 αὐτὸς
956 889 1198 961 κέχρησο
1236 890 1305 959 τῇ
1345 888 1618 953 ἀποδείξει
1643 905 1656 918 ·
1702 888 1851 942 οὕτω
1873 889 1966 942 καὶ
1993 889 2023 942 ὁ

444 977 622 1039 κοινὸς
674 976 821 1046 ἡμᾶς
867 975 1047 1046 κρινεῖ
1082 973 1393 1044 Δεσπότης⁹
1431 973 1630 1044 μάθετε
1683 973 1870 1028 τοῦτον
1921 974 2023 1045 τῆς

443 1057 770 1122 ἀποδείξεως
812 1057 904 1111 τὸν
941 1057 1165 1128 τρόπον,
1197 1056 1294 1109 καὶ
1338 1056 1514 1120 οὐδεὶς
1552 1057 1697 1128 ὑμᾶς
1734 1056 2022 1127 δυνήσεται

445 1141 860 1213 συλλογίσασθαι
897 1152 945 1194 ι.
981 1139 1242 1211 Πορνεύει
1288 1157 1401 1204 τις;
1438 1141 1611 1207 δεῖξον
1642 1139 1791 1211 αὑτῷ
1815 1157 2024 1212 σωφρο-

443 1227 639 1282 νοῦντα
685 1225 904 1295 ἕτερον·
962 1223 1278 1276 πλεονεκτεῖ
1310 1222 1464 1296 [270]
1497 1241 1584 1288 τις
1623 1226 1725 1293 ,καὶ
1749 1225 2022 1296 ἀρπάξεις

444 1309 616 1373 δεῖξον
659 1306 808 1377 αὐτῷ
854 1306 948 1360 τὸν
980 1306 1355 1378 ἐλεημοσύνην
1390 1306 1629 1361 διδόντα·
1657 1309 1716 1362 ἐν
1755 1308 2026 1381 βασκανία

444 1392 514 1463 ζῇ
542 1392 635 1447 καὶ
662 1390 871 1461 φθόνῳ;
896 1389 1067 1455 δεῖξον
1100 1389 1249 1460 αύτῷ
1280 1390 1374 1444 τὸν
1401 1392 1641 1463 καθαρὸν
1664 1392 1759 1446 τοῦ
1793 1392 2022 1457 πάθους·

447 1479 539 1533 ὑπ’
562 1477 733 1549 ὀργῆς
759 1478 1072 1548 κρατεῖται;
1096 1473 1188 1528 τὸν
1218 1476 1275 1528 ἐν
1302 1474 1591 1547 φιλοσοφίᾳ
1614 1474 1795 1538 ζῶντα
1824 1479 1904 1542 εἰς
1930 1476 2026 1547 μέ-

449 1577 540 1615 σον
567 1562 760 1630 ἀγαγε.
803 1559 878 1613 Οὐ
905 1557 1015 1628 γὰρ
1039 1557 1120 1609 δεῖ
1144 1558 1305 1628 μόνον
1336 1559 1416 1621 είς
1447 1557 1515 1610 τά
1551 1557 1757 1612 παλαιὰ
1799 1559 2028 1630 ἀνατρέ-

443 1658 564 1711 χειν
596 1645 931 1715 διηγήματα,
962 1640 1102 1696 ἀλλά
1135 1641 1231 1694 καὶ
1267 1640 1375 1694 ἀπὸ
1406 1640 1518 1693 τῶν
1565 1642 1851 1711 παρόντων
1883 1641 2027 1713 λαμ-

449 1729 633 1784 ϐάνειν
671 1726 743 1781 τὰ
774 1724 1235 1797 παραδείγματα·
1271 1725 1365 1777 καὶ
1404 1724 1514 1796 γάρ
1553 1725 1647 1778 καὶ
1672 1725 1913 1795 τήμερον
1938 1726 2028 1779 διὰ

445 1814 548 1884 τὴν
569 1812 663 1867 τοῦ
692 1810 829 1865 Θεοῦ
861 1810 1019 1880 χάριν
1048 1808 1149 1861 οὐκ
1178 1807 1435 1862 ἐλάττονα
1461 1806 1567 1862 τῶν
1598 1807 1880 1880 προτέρων
1911 1810 2030 1863 ἐστὶ

450 1897 519 1951 τὰ
553 1890 977 1965 κατορθώματα.
1010 1891 1271 1955 Ἀπιστός
1300 1892 1416 1944 ἐστι
1446 1891 1540 1944 καὶ
1566 1891 1783 1961 ψευδεῖς
1810 1894 2029 1963 ήγεῖται

448 1978 548 2042 τὰς
575 1975 799 2047 Γραφὰς
839 1970 1012 2036 εἶναι,
1049 1973 1111 2025 οὐ
1148 1973 1417 2038 πιστεύει,
1440 1973 1524 2026 ὅτι
1561 1974 1588 2025 ό
1643 1973 1763 2027 Ἰὼϐ
1792 1974 2031 2039 τοιοῦτος

450 2058 552 2131 ἦνς
581 2059 753 2124 δεῖξον
787 2056 937 2128 αὺτῷ
977 2057 1163 2129 ἕτερον
1210 2056 1498 2127 ἄνθρωπον
1554 2057 1646 2111 τὸν
1681 2058 1892 2112 ἐκείνου
1933 2059 2028 2111 τού

449 2143 659 2199 δικαίου
683 2139 950 2211 ζηλοῦντα
966 2140 1057 2193 τὸν
1074 2139 1207 2209 βίον.
1230 2138 1388 2192 Οὕτω
1415 2140 1509 2193 καὶ
1532 2142 1559 2193 ὁ
1579 2141 1856 2211 Δεσπότης
1880 2143 2031 2212 ἡμᾶς

451 2226 661 2299 κρινεῖ·
697 2221 1015 2283 συνδούλους
1051 2220 1235 2292 ἵστησι
1267 2221 1405 2290 μετά
1437 2221 1765 2288 συνδούλων,
1805 2223 1899 2277 καὶ
1931 2224 2031 2278 οὐκ

451 2310 560 2364 ἀπὺ
582 2308 681 2378 τῆς
716 2305 880 2361 αὑτοῦ
912 2305 1149 2376 κρίσεως
1177 2303 1332 2376 φέρει
1356 2304 1457 2377 τὴν
1486 2305 1689 2375 ψῆφον,
1718 2305 1805 2360 ἵνα
1832 2305 1908 2378 μὴ
1927 2306 2032 2379 ἀρ.

453 2396 611 2464 ξηται
637 2392 817 2459 λέγειν
848 2407 931 2452 τις
962 2388 1146 2452 πάλιν,
1179 2388 1431 2459 καθάπερ
1464 2390 1672 2453 ἐκεῖνος
1700 2391 1729 2442 ό
1757 2391 1974 2460 οίκέτης
2003 2391 2031 2445 ὁ

451 2476 513 2528 τδ
538 2473 799 2528 τάλαντον
831 2470 1164 2535 πιστευθεὶς,
1193 2472 1288 2524 καὶ
1325 2471 1446 2525 ἀντὶ⁵
1489 2471 1758 2526 ταλάντου
1795 2490 2032 2545 κατηγο-

456 2558 577 2631 ρίαν
601 2553 1004 2626 προσενεγκὼν,
1044 2553 1175 2607 Ὅτι
1202 2555 1472 2623 σκληρὸς
1509 2552 1584 2609 εἶ.
1605 2556 1734 2610 Δέον
1773 2556 1883 2628 γάρ
1910 2558 2032 2612 στέο

455 2658 590 2702 νειν.
618 2641 700 2692 ὅτι
740 2638 837 2692 οὐκ
862 2636 1212 2691 ἐδιπλασίασε
1233 2637 1295 2690 τὸ
1317 2637 1598 2704 τάλαντον,
1633 2638 1773 2693 ἀλλά
1808 2641 1905 2693 καὶ
1930 2659 2033 2711 χαι

455 2723 770 2795 λεπωτέραν
800 2721 900 2792 τὴν
928 2721 1203 2792 ἁμαρτίαν
1226 2721 1544 2792 εἰργάσατο,
1572 2721 1671 2791 τήν
1696 2725 2032 2796 κατηγορίαν

457 2808 556 2879 τὴν
585 2804 725 2859 κατά
752 2802 845 2858 τοῦ
870 2803 1133 2857 δεσπότου
1164 2803 1425 2874 προσθεὶς
1452 2806 1515 2876 τῇ
1542 2804 1719 2875 οίκεία
1749 2806 1939 2877 ἀργίᾳ.
1966 2806 2032 2861 Τί

469 2890 569 2962 γάρ
603 2905 768 2961 φησιν
790 2904 805 2953 ;
830 2883 1016 2940 Εῖδόν
1047 2900 1123 2941 σε
1151 2886 1241 2941 ὅτι
1279 2887 1551 2954 σκληρὸς
1575 2883 1647 2942 εἷ.
1676 2884 1747 2944 Ὦ
1770 2887 1922 2946 ἄθλιε
1941 2888 2034 2944 καὶ

459 2971 798 3043 ταλαίπωρε,
838 2966 931 3021 καὶ
943 2965 1289 3040 ἀγνωμονῶν,
1311 2967 1407 3024 καὶ
1424 2965 1646 3042 ὀκνηρέ·
1669 2969 1909 3041 ὀφείλων;
1933 2972 2036 3045 τῆς

462 3052 660 3109 σαυτοῦ
693 3052 1018 3121 κατηγορεῖν
1043 3049 1243 3120 ἀργίας
1271 3050 1367 3103 καὶ
1381 3048 1676 3120 ὑφελέσθαι
1697 3068 1751 3107 τι
1774 3055 1875 3125 τῆς
1903 3071 2036 3128 προ-

461 3137 619 3209 τέρας
642 3134 936 3206 ἁμαρτίας,
972 3132 1036 3186 σὺ
1066 3132 1122 3186 δὲ
1144 3133 1235 3186 ἐπὶ
1259 3133 1350 3187 τὸν
1372 3134 1637 3206 δεσπότην
1665 3137 1765 3209 τὴν
1792 3156 2002 3209 κατηγο
2019 3171 2033 3182 .

459 3222 581 3293 ρίαν
614 3216 977 3291 μετενεγκὼν,
1004 3216 1126 3271 ἀντὶ
1176 3217 1272 3271 τοῦ
1321 3217 1586 3272 ταλάντου
1629 3219 1728 3291 τὴν
1758 3221 2034 3294 ἁμαρτίαν

456 3301 863 3364 ἐδιπλασίασας.

526 3416 594 3479 γ’.
617 3408 716 3463 Διά
731 3406 890 3460 τοῦτο
906 3407 935 3459 δ
954 3404 1086 3468 Θεὸς
1105 3404 1326 3469 δούλους
1341 3406 1438 3460 καὶ
1451 3405 1672 3473 δούλους
1688 3408 1809 3481 ἵστη
1817 3426 1920 3474 σιν,
1948 3408 2036 3465 ἴνα

455 3487 601 3546 οὗτοι
621 3490 863 3552 ἐκείνους
894 3488 1144 3559 κρίνωσι,
1181 3489 1426 3542 κάκεῖνοι
1473 3488 1564 3543 διὰ
1607 3491 1815 3546 τούτων
1850 3492 2036 3563 κρινό-

461 3591 613 3643 μενοι
664 3571 740 3641 μὴ
773 3571 939 3641 ἔχωσι
990 3569 1176 3622 λοιπὸν
1226 3573 1554 3641 κατηγορεῖν
1598 3572 1695 3626 τοῦ
1737 3575 2031 3631 Δεσπότου.

457 3655 559 3710 Διά
585 3653 745 3707 τοῦτό
775 3667 965 3722 φησιν·
1005 3651 1338 3718 Ἔρχεταιό
1387 3653 1520 3718 Υίὸς
1566 3655 1673 3708 τοῦ
1719 3656 2033 3724 ἀνθρώπου

454 3737 553 3791 ἐπὶ
575 3734 683 3804 τῆς
700 3735 889 3803 δόξης
908 3732 1018 3788 τοῦ
1051 3735 1282 3804 Πατρὸς
1314 3736 1523 3790 αὐτοῦ.
1563 3736 1705 3808 Ὅρα
1734 3739 1832 3810 τῆς
1876 3740 2036 3811 δόξης

454 3821 517 3874 τὸ
548 3819 969 3892 ἀπαράλλακτον
990 3834 1002 3848 ·
1036 3818 1139 3871 οὐκ
1186 3814 1363 3881 εἶπεν,
1402 3818 1525 3871 Ἐπὶ
1552 3818 1710 3890 δόξης
1753 3822 1944 3892 ὁμοίας
1968 3826 2033 3896 τῇ

453 3903 582 3978 δόξῃ
608 3902 703 3957 τοῦ
730 3901 963 3974 Πατρὸς,
993 3900 1108 3955 ἀλλ’
1149 3900 1275 3954 Ἐπὶ
1301 3900 1412 3970 τῆς
1437 3899 1623 3970 δόξης
1643 3902 1751 3957 τοῦ
1780 3906 2032 3974 Πατρός,

454 3988 555 4041 καὶ
577 3985 833 4050 συνάξει
856 3985 929 4038 τὰ
948 3982 1093 4051 ἔθνη
1120 3982 1317 4038 πάντα
1333 4001 1347 4015 ·
1379 3984 1609 4057 φοϐερὸν
1638 3985 1700 4040 τὸ
1729 3989 2032 4060 κριτήριον,

454 4070 683 4143 φοϐερὸν
720 4072 833 4132 τοῖς
860 4068 1239 4140 ἁμαρτάνουσι
1273 4069 1369 4122 καὶ
1392 4068 1715 4135 ὑπευθύνοις
1733 4087 1747 4102 ο
1771 4072 1894 4126 ἐπεὶ
1920 4076 2036 4138 τοῖς

455 4154 752 4210 συνειδόσιν
775 4155 987 4217 ἑαυτοῖς
1013 4152 1418 4224 κατορθώματα
1458 4152 1707 4208 ποθεινὸν
1742 4155 1837 4209 καὶ
1864 4173 2027 4226 προσοη

453 4238 614 4310 ηνές·
647 4235 757 4290 Καὶ
783 4235 1000 4301 στήσει
1025 4239 1098 4288 τὰ
1124 4234 1391 4303 πρόϐατα
1439 4234 1509 4289 ἐκ
1533 4234 1769 4301 δεξιῶν,
1824 4239 1922 4291 καὶ
1962 4239 2035 4293 τὰ

451 4321 652 4389 ἐρίφια
671 4318 739 4384 ἐξ
760 4316 1109 4388 εὐωνύμων·
1140 4319 1237 4371 καὶ
1273 4312 1420 4372 οὗτοι
1459 4321 1701 4374 κάκεῖνοι
1728 4320 2028 4393 ἄνθρωποι.

455 4402 556 4457 Διά
598 4401 651 4455 τί
681 4399 775 4458 οὖν
804 4403 999 4454 ἐκεῖνοι
1053 4402 1152 4472 μὲν
1184 4401 1457 4474 πρόϐατα,
1518 4395 1664 4458 οὗτοι
1710 4405 1768 4460 δὲ
1802 4406 2030 4476 ἐρίφια;

454 4484 566 4556 Οὐχ
615 4485 702 4539 ἵνα
752 4485 851 4555 τὴν
883 4484 1186 4553 ἐναλλαγὴν
1238 4485 1338 4556 τῆς
1387 4485 1626 4554 φύσεως,
1674 4488 1792 4542 ἀλλ’
1817 4489 1903 4543 ἵνα
1933 4491 2033 4562 τὴν

454 4569 755 4638 ἐναλλαγὴν
777 4568 878 4639 τῆς
906 4569 1281 4638 προαιρέσεως
1316 4568 1519 4641 μάθῃς.
1548 4570 1650 4625 Διά
1677 4570 1728 4624 τί
1753 4571 1811 4625 δὲ
1853 4574 1905 4626 οί
1956 4575 2031 4645 μή

455 4651 687 4715 διδόντες
720 4650 1090 4721 ἐλεημοσύνην
1109 4650 1334 4719 ἐρίφια;
1371 4650 1493 4706 Ὅτι
1531 4653 1780 4725 ἄκαρπόν
1829 4658 1945 4709 ἐστι
1974 4657 2034 4711 τὸ

455 4732 616 4798 ζῶον,
638 4735 733 4788 καὶ
760 4732 883 4786 οὔτε
930 4733 1029 4803 τὴν
1071 4733 1178 4786 ἀπὸ
1220 4733 1317 4788 τοῦ
1363 4734 1636 4804 γάλακτος
1665 4736 2030 4810 λειτουργίαν,

454 4814 579 4870 οὔτε
605 4816 704 4887 τὴν
747 4815 856 4869 ἀπὸ
899 4815 1004 4868 τῶν
1047 4817 1440 4888 γεννημάτων,
1486 4817 1611 4872 οὔτε
1649 4820 1748 4891 τὴν
1787 4822 1896 4876 ἀπὸ
1924 4821 2031 4876 τῶν

455 4898 657 4969 τριχῶν
688 4898 958 4969 είσφέρειν
983 4899 1206 4954 δύναται
1246 4905 1359 4965 τοῖς
1404 4902 1787 4973 κεκτημένοις,
1820 4922 2031 4959 παντα-

456 4980 612 5052 χόθεν
647 4982 851 5053 ἔρημον
883 4980 941 5035 ὃν
967 4983 1064 5054 τῆς
1091 4983 1348 5056 τοιαύτης
1368 4986 1633 5055 εἰσφορᾶς
1663 4986 1690 5027 δ
1719 4986 1811 5042 διὰ
1835 4987 1898 5041 τὸ
1932 4989 2033 5059 τῆς

454 5065 669 5135 ἡλικίας
689 5065 885 5137 ἄωρον.
914 5066 1016 5120 Διά
1044 5068 1200 5122 τοῦτο
1225 5069 1353 5132 τοὺς
1393 5068 1590 5124 οὐδένα
1648 5072 1857 5140 καρπὸν
1882 5072 2033 5141 ἐλεη-

457 5149 693 5220 μοσύνης
722 5152 985 5221 φέροντας
1034 5152 1292 5207 ἐκάλεσεν
1337 5152 1550 5223 ἐρίφια,
1591 5154 1719 5217 τοὺς
1752 5155 1816 5208 ἐκ
1840 5154 2032 5221 δεξιῶν

454 5232 698 5304 πρόϐατα
717 5249 731 5264 ·
759 5234 866 5288 ἀπὸ
895 5234 1003 5309 γὰρ
1037 5235 1241 5290 τούτων
1272 5235 1495 5308 πολλὴή
1529 5236 1693 5307 φορά,
1721 5238 1785 5290 ἐκ
1815 5237 1914 5307 τῆς
1935 5236 2030 5293 τοῦ

452 5315 600 5387 ἐρίου
632 5317 868 5387 φύσεως,
902 5319 968 5374 ἐκ
998 5320 1106 5375 τῶν
1125 5319 1501 5390 γεννημάτων,
1525 5322 1590 5374 ἐκ
1616 5320 1711 5374 τοῦ
1735 5320 2029 5389 γάλακτος.

454 5399 521 5453 Τί
549 5396 641 5454 οὖν
680 5418 811 5472 φησι
846 5402 978 5474 πρὸς
1003 5403 1236 5471 αύτούς;
1269 5404 1546 5458 Πεινῶντά
1592 5421 1660 5474 με
1690 5404 1860 5461 εἴδετε
1883 5447 1898 5471 ,
1936 5408 2031 5461 καὶ

454 5481 718 5552 ἐθρέψατε
743 5501 758 5516 ·
791 5486 1019 5557 γυμνὸν,
1053 5488 1148 5542 καὶ
1171 5485 1522 5556 περιεϐάλετε
1540 5502 1556 5518 ·
1585 5488 1754 5554 ξένον,
1780 5489 1874 5543 καὶ
1906 5508 2033 5544 συν-

453 5564 708 5636 ηγάγετε.
750 5568 917 5623 Πάλιν
957 5570 1092 5642 πρὸς
1120 5569 1360 5632 ἐκείνους
1379 5569 1448 5623 τὰ
1476 5570 1729 5625 ἐναντία·
1767 5572 1945 5627 καίτοι
1966 5590 2030 5642 γε

453 5652 503 5703 οι
529 5648 682 5703 αὐτοὶ
704 5651 980 5723 ἄνθρωποι
1001 5654 1092 5707 καὶ
1116 5647 1261 5708 οὗτοι
1289 5652 1552 5722 κάκεῖνοι,
1582 5653 1681 5722 τὰς
1712 5654 1883 5721 αὐτὰς
1905 5656 2027 5714 έλα-

514 5739 536 5806 Ϊ
572 5743 689 5806 Reg.
702 5746 1018 5804 συλήσασθαι.

515 5804 549 5846 ll
570 5804 679 5859 υυο
699 5821 814 5855 mss.
839 5808 1055 5867 τοιαύτης
1076 5816 1235 5874 φορᾶς,

1168 194 1226 250 S.
1261 192 1546 251 JOANNIS
1582 193 2067 252 CHRYSOSTOMI
2104 192 2424 251 ARCHIEP.
2472 189 3025 251 CONSTANTINOP.

3599 192 3731 249 εεε

2129 310 2223 364 ϐον
2245 308 2577 378 ἐπαγγελίας
2601 307 2697 361 καὶ
2733 300 2880 362 οὗτοι
2906 307 3171 373 κάκεῖνοι,
3215 305 3285 361 τὰ
3317 302 3456 361 αὐτὰ
3497 304 3729 362 ἔπαθλα

2125 392 2458 464 ἀμφοτέροις
2512 391 2802 464 προέκειτο
2849 389 3286 462 κατορθώσασιν,
3320 400 3352 455 ο
3394 388 3560 453 αὐτὸς
3618 389 3737 443 καὶ

2126 475 2262 546 πρὸς
2280 476 2502 539 τούτους
2533 475 2629 529 καὶ
2663 474 2801 545 πρὸς
2827 474 3077 538 ἐκείνους
3103 468 3257 546 ἦλθε,
3306 472 3448 546 μετά
3475 473 3573 543 τῆς
3609 473 3733 527 αύ-

2125 559 2224 627 τῆς
2251 558 2591 630 γυμνότητος
2624 559 2720 614 καὶ
2750 558 2889 629 πρὸς
2910 557 3134 622 τούτους
3160 559 3256 612 καὶ
3286 556 3423 629 πρὸς
3443 557 3731 619 ἐκείνους,

2130 640 2267 713 μετά
2293 642 2392 711 τῆς
2425 641 2596 711 αὐτῆς
2620 641 2830 712 πείνης,
2848 640 2944 697 καὶ
2971 640 3121 707 ξένος
3144 639 3345 712 ὁμοίως
3364 656 3380 671 ·
3413 639 3593 694 πάντα
3614 641 3735 701 ,ἶσα

2126 724 2402 789 κάκείνοις
2430 726 2524 779 καὶ
2556 724 2791 789 τούτοις.

2199 809 2323 872 Πῶς
2348 804 2441 864 οὖν
2468 809 2530 863 τὸ
2555 809 2706 872 τέλος
2729 810 2829 864 οὐκ
2856 809 3002 874 rem;
3033 809 3157 863 Ὀτι
3194 808 3227 878 ή
3259 805 3582 879 προαίρεσις
3612 807 3731 862 οὐκ

2127 892 2371 963 ἀφῆκεν·
2395 893 2534 965 αὕτη
2580 892 2693 964 γὰρ
2727 893 2864 964 μόνη
2899 892 3001 963 τὴν
3042 891 3305 966 διαίρεσιν
3344 890 3494 963 [371]
3522 892 3734 961 ἐποιή-

2130 993 2282 1031 σατο.
2315 977 2417 1030 Διά
2437 976 2597 1030 τοῦτο
2621 977 2820 1029 ἐκεῖνοι
2855 975 2957 1044 μὲν
2979 976 3060 1038 είς
3093 976 3339 1044 γέενναν,
3370 970 3515 1030 οὗτοι
3542 975 3603 1030 δὲ
3635 978 3731 1038 εἰς
3852 970 3853 1035 Ξ

2131 1056 2406 1128 βασιλείαν
2428 1074 2440 1089 ·
2476 1060 2525 1114 εί
2557 1058 2619 1112 δέ
2649 1061 2678 1112 ό
2705 1057 2952 1121 διάϐολος
2994 1052 3066 1128 ἧν
3111 1057 3298 1120 αὐτοῖς
3325 1056 3435 1110 τῶν
3461 1058 3734 1129 ἀμαρτηο

2132 1142 2319 1211 μάτων
2342 1142 2370 1195 ὁ
2395 1142 2587 1205 αῐτιος,
2618 1142 2721 1196 οὐκ
2750 1138 2838 1205 ἃν,
2870 1140 3033 1195 ἄλλον
3062 1140 3404 1212 ἁμαρτόντος
3429 1140 3523 1194 καὶ
3563 1138 3727 1210 ὠθήο

2132 1239 2345 1288 σαντος,
2370 1218 2516 1278 οὗτοι
2540 1223 2768 1295 ἔμελλον
2806 1220 3154 1288 κολάζεσθαι.
3182 1218 3336 1286 Εἶδες
3359 1221 3599 1277 ἐνταῦθα
3619 1222 3731 1277 καὶ

2130 1307 2256 1371 τοὺς
2302 1306 2672 1377 ἁμαρτόντας,
2726 1307 2982 1370 καὶτοὺς
3036 1303 3530 1375 κατορθώσανταςς
3571 1299 3726 1369 εἶδες

2131 1389 2250 1455 πῶς
2288 1389 2492 1453 ίδόντες
2514 1389 2645 1453 τοὺς
2677 1389 2996 1455 συνδούλους
3030 1387 3543 1459 ἐπεστομίσθησαν;
3576 1388 3727 1457 Φέρε

2133 1488 2219 1525 σοι
2247 1473 2342 1527 καὶ
2367 1473 2452 1542 ἐφ’
2483 1473 2671 1544 ἕτερον
2697 1473 3051 1544 παράδειγμα
3076 1471 3172 1525 τὸν
3203 1470 3362 1539 λόγον
3389 1471 3726 1541 ἀγάγωμεν.

2132 1554 2420 1626 Παρθένοι,
2450 1556 2634 1627 φησὶν,
2664 1551 2809 1628 ἦσαν
2835 1555 2993 1610 δέκα.
3019 1554 3193 1610 Πάλιν
3230 1552 3468 1609 ἐνταῦθα
3498 1553 3556 1608 αἱ
3579 1569 3728 1625 πρα-

2133 1637 2377 1707 αιρέσεις
2404 1638 2464 1692 αί
2511 1638 2953 1710 κατορθώσασαι,
3004 1637 3167 1692 πάλιν
3205 1639 3262 1692 αἱ
3291 1634 3729 1708 διαμαρτοῦσαι,

2134 1720 2223 1774 ἵνα
2256 1722 2321 1774 ἐκ
2349 1721 2702 1794 παραλλήλου
2733 1723 2829 1777 καὶ
2855 1723 3060 1779 τούτων
3083 1720 3154 1775 τὰ
3174 1721 3552 1793 ἁμαρτήματα
3578 1719 3728 1791 ῐδῃς,

2134 1804 2404 1859 κάκείνων
2428 1805 2497 1859 τὰ
2526 1805 2966 1878 κατορθώματα·
2997 1807 3032 1878 ή
3075 1805 3186 1876 γάρ
3229 1804 3514 1873 σύγκρισις
3549 1802 3733 1871 σαφέο

2137 1904 2304 1959 στερα
2334 1887 2510 1942 ταῦτα
2547 1893 2712 1943 ποιεῖ.
2760 1889 2873 1944 Καὶ
2920 1881 3080 1943 αὗται
3112 1888 3373 1960 παρθένοι
3420 1887 3679 1941 κάκεῖναι
3708 1920 3729 1950 ι,

2136 1971 2232 2024 καὶ
2259 1963 2418 2025 αὗται
2440 1970 2602 2025 πέντε
2626 1972 2876 2025 κάκεῖναι
2896 1988 2910 2001 ·
2943 1971 3233 2048 λαμπάδας
3250 1967 3395 2042 εἶχον
3421 1971 3519 2023 καὶ
3553 1960 3730 2022 αὗται

2137 2054 2411 2108 κάκεῖναι·
2450 2053 2541 2107 τὸν
2577 2054 2810 2124 νυμφίον
2840 2047 3101 2124 ἀνέμενον
3135 2055 3326 2107 πᾶσαι.
3365 2053 3491 2117 Πῶς
3536 2047 3634 2104 οὖν
3669 2050 3731 2103 al

2141 2138 2240 2208 μὲν
2269 2137 2540 2208 είσῆλθον,
2569 2139 2625 2192 αί
2655 2137 2712 2190 δέ
2736 2139 2837 2192 οὐκ
2866 2138 3115 2209 εἰσῆλθον
3141 2156 3157 2204 ;
3179 2138 3303 2191 ’Ὁτι
3341 2137 3399 2190 αἱ
3427 2136 3524 2207 μὲν
3545 2134 3732 2189 ἀπάν-

2138 2216 2528 2293 θρωποιήσαν,
2563 2222 2621 2274 αῖ
2654 2220 2713 2275 δὲ
2738 2222 2938 2294 ἥμεροι
2982 2222 3076 2275 καὶ
3117 2219 3513 2292 φιλάνθρωποι.
3554 2217 3733 2288 Ὀρᾷς

2138 2304 2301 2358 πάλιν
2335 2303 2434 2375 τὴν
2486 2302 2806 2374 προαίρεσιν
2836 2302 2930 2356 τοῦ
2971 2302 3159 2367 τέλους
3188 2302 3369 2358 αίτίαν
3400 2301 3729 2371 γινομένην,

2137 2388 2261 2458 οὐχὶ
2290 2387 2381 2441 τὸν
2411 2386 2687 2452 διάϐολον;
2710 2383 2851 2452 εἶδες
2871 2388 2935 2441 ἐκ
2963 2386 3314 2459 παραλλήλου
3341 2387 3443 2449 τὰς
3483 2385 3730 2455 κρίσεις,

2140 2472 2233 2527 καὶ
2262 2472 2329 2525 ἐκ
2352 2469 2461 2526 τῶν
2488 2471 2694 2543 ὁμοίων
2720 2471 3025 2544 φερομένην
3053 2471 3155 2543 τὴν
3191 2470 3403 2541 ψῆφονς
3436 2468 3733 2522 Σύνδουλοι

2140 2551 2462 2617 συνδούλους
2505 2553 2776 2625 κρινοῦσι.
2820 2553 3010 2607 Βούλει
3056 2570 3140 2607 σοι
3181 2553 3340 2619 δείξω
3379 2552 3476 2606 καὶ
3517 2551 3576 2616 ἐξ
3626 2551 3733 2605 ἀν·

2138 2636 2341 2708 ομοίων
2366 2637 2660 2708 γινομένην
2689 2636 3012 2709 σύγκρισιν;
3037 2636 3246 2707 γίνεται
3270 2637 3377 2709 γὰρ
3414 2636 3511 2691 καὶ
3532 2635 3594 2701 ἐξ
3625 2637 3733 2690 ἀν-

2139 2723 2362 2793 ομοίων,
2396 2722 2538 2776 ὥστε
2570 2720 2670 2792 τὴν
2700 2721 3026 2793 κατάκρισιν
3065 2721 3318 2791 γενέσθαι
3358 2720 3727 2791 σαφεστέραν.

2144 2804 2387 2875 Ἄνδρες
2410 2805 2737 2873 Νινευῒται,
2762 2807 2948 2877 φησὶν,
2993 2804 3448 2871 ἀναστήσονται
3481 2804 3577 2858 καί
3613 2820 3731 2858 κα-

2141 2889 2494 2957 τακρινοῦσι
2532 2890 2648 2959 τὴν
2691 2889 2906 2961 γενεὰν
2941 2890 3189 2957 ταύτην.
3234 2888 3432 2943 Οὐκέτι
3470 2889 3649 2959 ὅμοιοι
3672 2889 3733 2941 ot

2140 2974 2454 3046 κρινόμενοι
2473 2990 2488 3005 ο
2518 2975 2566 3028 οί
2602 2974 2701 3046 μὲν
2732 2973 2841 3045 γὰρ
2863 2973 3152 3045 βάρϐαροι,
3183 2973 3235 3026 οί
3270 2972 3327 3027 δέ
3368 2971 3612 3027 Ἰουδαῖοι
3634 2988 3648 3003 ·
3674 2970 3731 3025 οῖ

2146 3057 2245 3129 μὲν
2274 3056 2618 3128 προφητικῖκ
2640 3056 2963 3126 ἀπήλαυσαν
3000 3056 3369 3119 διδασκαλίας,
3400 3056 3451 3108 οἱ
3487 3054 3544 3107 δὲ
3571 3054 3736 3108 οὐδέ-

2143 3156 2275 3193 ποτε
2308 3139 2568 3210 μετέσχον
2597 3138 2749 3202 θείας
2784 3140 3120 3209 ἀκροάσεως.
3173 3139 3248 3191 Οὐ
3283 3137 3442 3191 τοῦτο
3466 3136 3523 3191 δέ
3562 3137 3733 3206 μόνον

2141 3224 2259 3276 ἐστὶ
2282 3222 2344 3275 τὸ
2373 3222 2652 3294 διάφορον.
2677 3221 2793 3275 ἀλλ’
2823 3222 2907 3277 ὅτι
2950 3224 3068 3276 ἐκεῖ
3099 3220 3198 3293 μὲν
3230 3219 3416 3282 δοῦλος
3454 3218 3728 3289 ἀπῆλθεν,

2142 3306 2379 3361 ἐνταῦθα
2402 3306 2459 3360 δὲ
2509 3308 2539 3361 δ
2574 3307 2883 3378 Δεσπότης·
2929 3306 3180 3369 κάκεῖνος
3215 3304 3314 3376 μὲν
3341 3302 3733 3374 καταστροφὴν

2142 3389 2410 3461 ἐκήρυττε
2440 3389 2905 3462 παραγενόμενος,
2923 3385 3076 3453 οὗτος
3094 3388 3152 3441 δέ
3175 3386 3451 3458 βασιλείαν
3472 3386 3732 3454 οὐρανῶν

2143 3470 2544 3542 εὐηγγελίζετο.
2567 3472 2730 3535 Τίνας
2756 3466 2851 3525 οὖν
2880 3471 3026 3535 είκδς
3066 3466 3136 3542 ἦν
3170 3469 3459 3524 πιστεῦσαι
3495 3468 3727 3539 μᾶλλον,

2141 3554 2267 3617 τοὺς
2292 3553 2600 3626 βαρϐάρους
2619 3554 2715 3608 καὶ
2740 3555 2998 3625 ἀνοήτους
3016 3553 3110 3608 καὶ
3130 3553 3400 3625 μηδέποτε
3428 3551 3730 3622 μετασχόν-

2140 3653 2239 3700 τας
2263 3635 2413 3701 θείας
2432 3636 2798 3701 διδασκαλίας,
2823 3636 2858 3705 ἢ
2880 3637 3006 3700 τοὺς
3024 3637 3090 3690 ἐκ
3113 3635 3337 3708 πρώτης
3357 3634 3569 3705 ήλικίας
3585 3651 3726 3706 προ-

2142 3721 2401 3788 φητικαῖς
2428 3719 2794 3789 ἐντραφέντας
2821 3718 3058 3790 βίϐλοις;
3081 3717 3253 3773 Παντὶ
3281 3716 3458 3788 δῆλον,
3480 3716 3564 3769 ὅτι
3591 3716 3725 3780 τοὺς

2155 3801 2442 3866 Ἰουδαίους
2475 3801 2677 3873 μᾶλλον
2694 3819 2708 3834 ο
2727 3800 2865 3855 ἀλλά
2894 3801 3084 3870 γέγονε
3109 3798 3439 3854 τούναντίον.
3478 3798 3591 3852 Καὶ
3622 3791 3721 3851 οὖ-

2140 3901 2226 3938 τοι
2256 3885 2356 3955 μέν
2402 3885 2715 3957 ⁴ἠπίστησαν
2761 3883 2841 3954 τῷ
2881 3884 3125 3956 Δεσπότῃ
3164 3882 3439 3955 βασιλείαν
3475 3880 3723 3953 οὐρανῶν

2096 3999 2098 4001 ›
2142 3966 2488 4039 κηρύττοντι,
2507 3970 2704 4022 ἐκεῖνοι
2730 3969 2788 4022 δέ
2810 3968 3140 4022 ἐπίστευσαν
3161 3967 3240 4039 τῷ
3261 3965 3530 4036 συνδούλῳ
3556 3980 3723 4019 κατα-

2144 4053 2383 4123 στροφὴν
2415 4051 2744 4114 ἀπειλοῦντι,
2773 4052 2861 4107 ἴνα
2893 4051 3155 4123 μειζόνως
3180 4052 3452 4106 κάκείνων
3478 4052 3512 4120 ή
3539 4048 3719 4103 ἐπιεί-

2141 4151 2264 4188 κεια
2301 4137 2395 4190 καὶ
2433 4136 2639 4189 τούτων
2685 4139 2719 4209 ή
2761 4135 3121 4208 ἀγνωμοσύνη
3167 4136 3496 4206 φανήσηται.
3532 4134 3626 4204 Μή
3664 4150 3721 4189 τε

2141 4217 2380 4289 δαίμωνς
2410 4220 2483 4291 μή
2516 4236 2570 4273 τι
2607 4219 2891 4285 διάϐολος;
2925 4222 2997 4290 μή
3032 4236 3087 4271 τι
3108 4219 3280 4289 τύχη;
3321 4219 3395 4290 μή
3433 4234 3488 4271 τι
3519 4218 3720 4287 είμαρ-

2144 4303 2309 4372 μένης
2343 4304 2462 4373 οὐχ).
2482 4303 2710 4365 ἕκαστος
2743 4302 2925 4375 ἐαυτῷ
2950 4298 3124 4366 αἴτιος
3150 4303 3246 4356 καὶ
3271 4301 3369 4373 τῆς
3393 4300 3594 4365 κακίας
3620 4301 3722 4354 καὶ

2139 4384 2241 4454 τῆς
2265 4386 2465 4455 ἀρετῆς
2492 4386 2730 4454 ἐγίνετο;
2758 4386 2823 4440 Εί
2854 4387 2962 4456 γάρ
2998 4385 3075 4457 μὴ
3112 4386 3269 4439 αὐτοὶ
3296 4383 3520 4455 ἔμελλον
3551 4382 3720 4438 ὑπεύ-

2140 4466 2288 4522 θυνοι
2326 4467 2564 4533 ἔσεσθαι,
2595 4468 2696 4524 οὐκ
2722 4468 2789 4524 ἀν
2823 4464 2996 4536 εἶπεν,
3029 4470 3114 4524 ὅτι
3148 4467 3583 4539 Κατακρινοῦσι
3601 4465 3719 4534 τὴν

2139 4551 2354 4621 γενεὰν
2382 4552 2605 4620 ταύτην
2624 4567 2639 4583 ·
2672 4553 2773 4605 οὐκ
2800 4553 2865 4606 ἂν
2894 4553 2988 4607 καὶ
3026 4551 3123 4623 τὴν
3160 4551 3477 4623 βασίλισσαν
3507 4548 3601 4603 τοῦ
3632 4548 3719 4604 νόν

2139 4651 2233 4687 του
2264 4633 2613 4707 κατακρίνειν
2641 4636 2770 4699 τοὺς
2806 4634 3095 4701 Ἰουδαίους
3124 4636 3251 4704 ἔφη.
3285 4633 3361 4687 Οὐ
3399 4632 3509 4704 γὰρ
3533 4631 3598 4703 δή
3626 4630 3717 4702 δῆ-

2142 4734 2232 4787 μοι
2265 4718 2470 4788 δήμους
2503 4719 2661 4788 μόνον
2712 4716 3103 4787 κατακρινοῦσι
3154 4717 3296 4783 τότε,
3331 4715 3469 4771 ἀλλὰ
3512 4716 3604 4768 καὶ
3631 4708 3715 4777 εἷς

2138 4800 2426 4872 ἄνθρωπος
2453 4801 2624 4872 δῆμον
2661 4801 2954 4873 ὀλόκληρον
3008 4800 3289 4865 πολλάκις,
3318 4802 3446 4855 ὅταν
3477 4799 3571 4863 οὓς
3611 4798 3713 4870 μὲν

2139 4884 2414 4955 ἐνεδέχετο
2450 4885 2648 4956 μᾶλλον
2679 4885 3057 4957 ἀπατηθῆναι,
3101 4885 3382 4955 φαίνονται
3431 4884 3713 4955 μείναντες

2138 4965 2559 5038 ἀνεξαπάτητοι,
2590 4969 2639 5022 οἱ
2669 4969 2726 5022 δὲ
2764 4970 2827 5023 ἐκ
2862 4968 3063 5034 παντὸς
3097 4967 3300 5039 τρόπον
3329 4967 3713 5040 περιγενέσθαι

2139 5050 2463 5119 ὀφείλοντες,
2494 5051 2822 5123 ἡττηθέντες
2848 5051 3073 5123 τύχωσι.
3127 5050 3227 5106 Διά
3268 5048 3426 5104 τοῦτο
3474 5051 3570 5104 καὶ
3613 5048 3711 5105 τοῦ

2152 5134 2324 5204 Ἀδὰμ
2346 5134 2440 5187 καὶ
2460 5133 2555 5188 τοῦ
2603 5133 2723 5187 Ἰὼϐ
2749 5136 3100 5207 ἐμνήσθημεν
3118 5152 3132 5165 ·
3157 5135 3368 5204 ἀνάγκη
3397 5133 3506 5206 γάρ
3550 5133 3711 5187 πάλιν

2139 5215 2454 5270 ἐπανελθεῖν
2497 5216 2591 5269 ἐπὶ
2635 5216 2734 5288 τὴν
2765 5218 3020 5272 ὑπόθεσιν
3058 5216 3274 5287 ἐκείνην
3294 5258 3310 5279 ,
3342 5216 3482 5270 ὥστε
3502 5215 3573 5269 τά
3603 5215 3708 5269 λεί-

2138 5298 2284 5369 ψανα
2311 5299 2601 5354 ἀποδοῦναι
2622 5299 2699 5371 τῷ
2723 5301 2886 5372 λόγῳ.
2916 5300 3006 5372 Τῷ
3042 5303 3141 5372 μὲν
3164 5297 3260 5355 οὖν
3296 5301 3468 5372 Ἀδάμ
3493 5300 3579 5354 διά
3607 5301 3707 5370 9n-

2142 5382 2326 5453 μάτων
2352 5382 2656 5454 προσέϐαλε
2678 5382 2870 5453 ψιλῶν,
2900 5384 2978 5456 τῷ
3000 5384 3061 5438 δὲ
3088 5383 3208 5440 Ἰὼϐ
3230 5386 3323 5439 καὶ
3340 5384 3429 5438 διὰ
3456 5383 3707 5454 πραγμά-

2137 5485 2275 5521 των·
2308 5467 2399 5521 τδν
2433 5469 2533 5536 μὲν
2554 5467 2663 5539 γάρ
2692 5468 2787 5523 τοῦ
2819 5468 3051 5523 πλούτου
3081 5468 3282 5532 παντὸς
3304 5468 3585 5540 ἐγύμνωσε
3611 5466 3705 5521 καὶ

2136 5549 2246 5605 τῶν
2282 5551 2488 5606 παίδων
2532 5551 2910 5621 ἀπεστέρησε·
2961 5552 3153 5606 τούτου
3194 5551 3252 5605 δὲ
3287 5552 3347 5605 οὐ
3402 5550 3614 5621 μικρὸν,
3644 5549 3705 5604 οὗ

2142 5633 2285 5705 μέγα
2315 5651 2368 5687 τι
2394 5633 2502 5687 τῶν
2539 5635 2707 5688 όντων
2745 5633 3011 5705 ἀφείλετο.
3036 5635 3252 5691 Μᾶλλον
3278 5635 3335 5688 δὲ
3361 5635 3455 5688 καὶ
3481 5635 3620 5689 αύτά
3642 5634 3707 5689 τά

2138 5719 2361 5789 ῥήματα
2389 5716 2752 5789 ἐξετάσωμεν,
2785 5717 2936 5791 [272]
2970 5719 3064 5773 καὶ
3098 5719 3198 5789 τῆς
3240 5717 3498 5789 ἐπιϐολῆς
3529 5725 3566 5757 ⁴
3616 5718 3708 5769 τὸν

2200 5812 2451 5862 ⁸5εινὶ1ἱυδ
2471 5820 2552 5872 τῆς
2572 5815 2838 5874 eumeum,
2854 5821 2904 5863 et
2929 5815 2999 5866 sic
3024 5818 3238 5879 interpr.
