3896 6230
271 284 392 338 ﬁt}?

276 398 370 451 cli.
411 392 504 449 2t.
536 391 589 465 1)
629 409 643 447 :
678 404 784 447 non
830 389 901 444 ita
941 402 1099 459 grave
1136 394 1218 442 est
1257 399 1516 456 peccare,
1557 398 1714 456 quam
1757 390 1874 452 post

278 487 579 542 admissum
633 490 908 554 peccatum
967 477 1248 534 Dominum
1305 491 1578 532 accusare.
1637 476 1880 545 Agnosm

279 578 492 651 peccati
517 585 812 639 auctorem,
840 574 1152 643 nullumque
1176 572 1336 627 alium
1364 569 1622 641 reperies,
1649 582 1805 638 quam
1829 573 1881 622 te

276 674 375 744 qui
407 671 659 743 peccasti.
696 669 900 739 Ubique
926 666 1067 722 bono
1095 680 1230 736 opus
1264 673 1345 720 est
1388 662 1658 735 proposito
1691 661 1879 717 volun-

280 767 445 829 tatis;
480 764 529 819 id
556 770 732 817 autem
761 760 913 815 vobis
946 756 1309 828 comprobavi,
1339 771 1444 810 non
1474 756 1642 811 solum
1671 753 1883 809 ratioci-

281 856 391 911 niis
411 896 426 918 ,
459 853 554 909 sed
583 851 835 920 exemplo
858 862 1239 904 conservorum
1261 887 1280 913 ,
1312 847 1401 916 qui
1446 846 1497 898 in
1541 844 1643 899 hoc
1682 842 1882 899 mundo

288 947 554 1001 vivebant.
588 943 698 998 llac
721 951 775 997 et
797 949 850 995 tu
877 952 1029 995 utere
1049 936 1500 994 demonstratione
1528 952 1541 988 :
1565 935 1642 990 sic
1661 943 1717 990 et
1737 948 1883 988 com-

284 1037 469 1092 munis
510 1034 762 1090 Dominus
790 1046 889 1087 nos
910 1029 1168 1100 iudicabit
1194 1046 1208 1082 :
1240 1027 1383 1082 hunc
1411 1024 1882 1082 demonstrationis

284 1129 508 1184 inodum
543 1128 763 1192 discite,
788 1135 847 1180 et
884 1138 1044 1180 nemo
1080 1121 1229 1177 nobis
1272 1120 1467 1191 poterit
1495 1120 1656 1176 verba
1686 1118 1815 1174 dare
1830 1118 1880 1199 ξ.

280 1220 607 1277 Fornicatur
631 1216 935 1289 quiSpiam?
962 1213 1186 1270 ostende
1228 1213 1301 1267 illi
1344 1212 1505 1266 alium
1546 1211 1883 1266 continenter

281 1322 557 1385 agentem.
601 1310 807 1365 Avarus
847 1316 931 1363 est
972 1306 1107 1359 alius
1147 1313 1201 1359 et
1242 1303 1448 1374 rapax?
1486 1302 1881 1373 eleemosynam

280 1410 597 1473 erogantem
637 1399 713 1454 illi
757 1398 969 1454 exhibe.
1003 1396 1059 1451 lu
1096 1395 1266 1450 livore
1295 1403 1350 1449 et
1384 1393 1579 1448 invidia
1605 1393 1885 1448 versatur?

280 1495 356 1549 ab
385 1494 487 1549 hoc
516 1491 703 1547 morbo
731 1489 955 1544 liberum
989 1488 1039 1542 ei
1073 1485 1322 1541 ostende.
1363 1484 1650 1539 Iracundus
1678 1484 1800 1538 est?
1831 1484 1883 1539 in

278 1585 525 1641 medium
555 1582 729 1637 adduc
758 1596 911 1646 cum,
939 1578 1029 1651 qui
1061 1594 1185 1634 cum
1221 1576 1556 1647 philosophia
1589 1576 1738 1631 vivit.
1767 1576 1884 1631 Non

277 1678 432 1731 enim
469 1684 675 1729 veteres
704 1672 876 1726 solum
916 1669 1168 1725 historias
1202 1676 1446 1739 repetere
1473 1678 1558 1724 est
1586 1682 1719 1738 opus
1743 1684 1759 1732 ;
1789 1666 1885 1724 sed

277 1782 319 1821 a
352 1764 702 1836 praesentibus
729 1762 969 1831 exempla
1000 1759 1259 1816 sumenda
1288 1768 1432 1814 sunt.
1460 1757 1593 1814 Nam
1620 1758 1886 1828 hodieque

284 1875 390 1928 per
420 1857 511 1913 Dei
534 1855 759 1927 gratiam
786 1869 891 1909 non
922 1853 1130 1908 minora
1160 1851 1430 1922 prioribus
1468 1858 1594 1906 sunt
1630 1850 1885 1920 praeclara

277 1964 474 2018 opera.
505 1946 813 2003 lncredulus
837 1954 952 2010 est,
983 1953 1038 2000 et
1070 1943 1354 2000 mendaces
1391 1951 1541 2013 putat
1582 1956 1702 1998 esse
1741 1940 1889 1997 Scri-

282 2041 512 2111 pturas?
556 2054 662 2094 non
700 2038 874 2093 credit
913 2037 1104 2093 Jobum
1137 2036 1296 2091 talem
1325 2033 1532 2089 fuisse?
1560 2033 1783 2089 ostende
1810 2032 1887 2087 illi

280 2135 458 2189 alium
490 2134 781 2198 hominem,
813 2131 902 2201 qui
930 2130 1070 2186 illius
1094 2128 1225 2199 justi
1254 2128 1492 2184 imitetur
1513 2126 1697 2182 vitam.
1722 2125 1812 2181 Sic
1835 2134 1888 2182 et

282 2242 394 2281 nos
415 2225 673 2281 Dominus
691 2222 953 2293 judicabit
974 2238 988 2275 :
1011 2233 1301 2276 conservos
1321 2233 1441 2273 cum
1464 2217 1739 2273 conservis
1759 2231 1887 2271 con-

285 2317 486 2382 stituit,
518 2303 618 2371 nec
644 2329 741 2369 suo
765 2312 966 2385 judicio
1003 2310 1104 2367 fert
1138 2309 1478 2376 sententiam,
1508 2322 1575 2362 ne
1600 2307 1720 2378 quis
1745 2305 1889 2361 dicat

287 2410 525 2473 iterum,
565 2403 1013 2477 quemadmodum
1058 2402 1150 2457 ille
1194 2400 1453 2467 famulus,
1497 2399 1583 2454 cui
1627 2399 1888 2453 talentum

284 2502 557 2558 creditum
585 2498 777 2564 fuerat,
806 2506 860 2553 et
886 2512 986 2569 pro
1016 2495 1217 2551 talento
1246 2492 1637 2549 accusationem
1664 2490 1845 2546 retulit
1871 2506 1887 2546 :

289 2595 432 2663 Quia
469 2600 695 2648 austeras
721 2608 775 2646 es
808 2588 1030 2662 (Matth.
1056 2586 1147 2641 25.
1174 2584 1292 2654 24).
1324 2584 1460 2640 Cum
1492 2583 1633 2639 enim
1665 2582 1889 2653 ingemi-

290 2701 449 2743 scere
493 2683 847 2756 oportuisset,
888 2680 1033 2752 quod
1080 2680 1334 2735 talentum
1374 2692 1480 2732 non
1526 2675 1887 2745 duplicasset,

284 2779 512 2850 gravius
539 2775 751 2830 admisit
794 2783 1067 2843 peccatum
1091 2811 1109 2838 ,
1138 2769 1369 2840 propria:
1402 2768 1643 2840 segnitiei
1671 2781 1891 2822 accusa-

293 2873 496 2925 tionem
543 2876 728 2923 contra
777 2863 1050 2920 dominum
1097 2861 1372 2931 adjiciens.
1414 2859 1551 2928 Quid
1593 2858 1734 2913 enim
1776 2857 1893 2912 ait?

290 2961 535 3017 Sciebam
563 2958 682 3030 quia
705 2968 937 3011 austeras
967 2971 1038 3009 es.
1062 2953 1106 3009 Ο
1132 2953 1314 3015 miser,
1344 2966 1376 3005 ο
1404 2950 1583 3005 infelix
1606 2959 1665 3004 et
1687 2949 1893 3019 ingrate

290 3064 353 3109 et
387 3052 606 3122 ignave!
635 3064 756 3105 cum
797 3047 1060 3118 ignaviam
1090 3054 1232 3100 tuam
1263 3056 1516 3098 accusare
1544 3041 1771 3097 deberes
1793 3081 1808 3106 ,
1839 3048 1896 3095 et

298 3150 384 3202 sic
415 3145 558 3215 prius
594 3149 867 3213 peccatum
896 3139 1169 3203 minuere,
1203 3145 1258 3191 tu
1285 3144 1470 3190 contra
1499 3134 1773 3188 dominum
1801 3148 1893 3187 ac-

293 3239 633 3294 cusationem
660 3244 898 3299 vertens,
929 3232 1048 3287 loco
1076 3230 1256 3285 talenti
1290 3237 1563 3298 peccatum
1590 3226 1890 3295 duplicasti.

373 3333 428 3388 5.
457 3329 659 3385 Idcirco
689 3328 829 3382 Deus
857 3339 1043 3381 servos
1073 3333 1124 3378 et
1162 3335 1348 3378 servos
1377 3320 1580 3388 statuit,
1609 3329 1668 3373 ut
1695 3319 1747 3373 hi
1776 3318 1895 3374 illos

298 3422 558 3493 judicent,
583 3428 637 3474 et
660 3419 732 3473 illi
754 3418 822 3472 ab
844 3417 925 3471 his
944 3414 1185 3485 judicati,
1215 3429 1321 3467 non
1347 3410 1579 3467 habeant
1597 3410 1732 3465 ultra
1753 3409 1896 3465 unde

300 3512 591 3577 Dominum
620 3515 890 3565 accusent.
921 3506 1207 3575 Propterea
1231 3504 1359 3559 dicit
1390 3520 1402 3556 :
1445 3501 1588 3556 Venit
1613 3500 1785 3555 Filius
1805 3500 1898 3554 ho-

300 3608 457 3662 minis
481 3605 531 3659 in
555 3605 719 3676 gloria
745 3602 919 3656 Patris
947 3603 1026 3656 sui
1054 3598 1265 3672 (Matth.
1294 3596 1386 3652 16.
1411 3594 1529 3665 27).
1555 3593 1689 3651 Vide
1714 3594 1898 3664 gloria:

302 3698 663 3770 aequalitatem
684 3712 823 3754 :non
846 3696 1003 3763 dixit,
1022 3692 1081 3748 In
1103 3689 1272 3760 gloria
1296 3686 1458 3742 simili
1485 3686 1669 3756 gloria:
1694 3683 1895 3748 Patris,

299 3788 434 3853 sed,
477 3786 543 3840 In
584 3785 748 3856 gloria
784 3781 986 3848 Patria,
1032 3789 1079 3834 et
1119 3777 1439 3850 congregabit
1480 3786 1648 3848 gentes
1686 3790 1857 3829 omnes
1878 3790 1898 3827 :

300 3880 545 3937 terribile
570 3875 822 3944 tribunal,
855 3873 1091 3930 terribile
1119 3870 1490 3942 peccatoribus
1513 3878 1570 3925 et
1596 3868 1702 3923 rcis
1731 3885 1744 3921 :
1773 3881 1895 3921 nam

302 3972 409 4027 sibi
452 3968 682 4026 consciis
721 3966 790 4022 de
835 3966 979 4021 bono
1016 3977 1180 4033 opere
1203 4004 1219 4027 ,
1250 3959 1604 4016 desiderabile
1641 3958 1900 4026 dulceque

300 4074 391 4123 est
419 4083 433 4120 :
461 4064 529 4119 Et
564 4062 829 4117 constituet
862 4074 975 4114 oves
1008 4074 1040 4110 a
1076 4056 1299 4120 dextris,
1338 4065 1386 4108 et
1426 4052 1598 4107 haedos
1623 4068 1656 4105 a
1681 4050 1901 4105 sinistris

306 4156 523 4232 (Hattlt.
563 4154 654 4209 25.
825 4168 838 4205 :
869 4158 925 4205 et
947 4148 1001 4204 hi
1031 4154 1085 4202 et
1111 4147 1184 4201 illi
1215 4146 1460 4200 homines
1488 4152 1630 4199 sunt.
1663 4142 1769 4197 Cur
1798 4140 1899 4195 ita-

305 4265 416 4320 que
443 4249 515 4302 illi
549 4259 679 4302 oves
699 4286 714 4310 ,
744 4242 798 4296 hi
838 4239 1016 4297 haedi?
1053 4239 1168 4294 Non
1199 4246 1256 4292 ut
1281 4235 1635 4292 differentiam
1664 4242 1898 4298 natura,

306 4340 407 4398 sed
433 4349 491 4395 ut
517 4335 805 4393 voluntatis
828 4332 1114 4388 discrimen
1138 4328 1365 4385 ediscas.
1390 4326 1495 4383 Cur
1522 4337 1700 4383 autem
1731 4325 1788 4390 ii,
1809 4323 1901 4395 qui

305 4435 707 4502 eleemosynam
734 4442 840 4483 non
867 4431 1175 4495 erogarunt,
1209 4421 1352 4478 haedi
1380 4420 1542 4475 sunt?
1569 4419 1703 4489 Quia
1732 4417 1902 4473 infruc

305 4533 556 4580 ctuosum
582 4530 667 4576 est
692 4517 930 4583 animal,
959 4512 1101 4585 quod
1128 4527 1304 4581 neque
1329 4512 1482 4573 lactis
1512 4510 1864 4567 ministerium
1884 4550 1900 4575 ,

310 4633 489 4688 neque
515 4614 740 4685 prolem,
769 4626 940 4681 neque
966 4609 1191 4679 pilorum
1214 4605 1497 4661 utilitatem
1522 4603 1692 4675 possit
1711 4602 1905 4659 aﬂ’erre

310 4706 570 4770 dominis,
590 4704 713 4775 quia
739 4701 808 4757 ob
832 4707 1207 4771 prtematuram
1233 4702 1445 4759 aetatem
1472 4694 1593 4755 talis
1616 4701 1904 4764 proventus

310 4814 514 4872 expers
535 4805 639 4855 est.
669 4796 795 4852 Ideo
819 4808 916 4850 eos
939 4790 1031 4863 qui
1059 4790 1263 4847 nullum
1293 4788 1647 4859 eleemosynae
1675 4785 1903 4841 fructum

312 4896 513 4959 ierunt,
544 4890 733 4947 hmdos
755 4886 998 4951 vocavit;
1019 4899 1112 4943 eos
1135 4890 1312 4939 autem
1338 4881 1426 4952 qui
1454 4895 1483 4935 a
1509 4879 1730 4946 dextris,
1752 4893 1902 4934 oves.

309 4990 396 5046 Ab
424 4988 530 5044 illis
553 4985 698 5042 enim
728 4983 915 5053 ingens
945 4986 1236 5049 proventus
1262 4992 1326 5032 ex
1348 4975 1476 5039 lana
1495 5015 1509 5040 ,
1538 4989 1603 5030 ex
1631 4973 1809 5044 prole,
1838 4987 1903 5028 ex

309 5085 475 5140 lacte.
505 5078 644 5146 Quid
691 5076 849 5148 igitur
888 5075 964 5129 ait
998 5072 1104 5129 illis
1133 5089 1149 5125 :
1178 5069 1513 5129 Esurientcm
1543 5082 1631 5131 me
1660 5066 1865 5122 vidistis
1888 5107 1903 5131 ,

310 5187 369 5233 et
395 5172 697 5230 nutrivistis
726 5185 812 5224 me
836 5183 851 5234 ;
888 5166 1109 5229 nudum,
1138 5173 1193 5220 et
1220 5162 1465 5218 induistis
1483 5160 1820 5230 rhuspitent,
1851 5166 1907 5214 et

304 5264 605 5337 collegistis
635 5260 849 5333 (Matth.
879 5259 973 5314 εδ.
1003 5256 1116 5327 35).
1149 5256 1377 5314 Rursum
1421 5252 1488 5308 ad
1528 5253 1645 5308 illos
1684 5261 1902 5307 contra-

310 5360 391 5416 ria
421 5375 436 5413 :
464 5367 519 5412 et
546 5353 761 5426 quidem
794 5361 901 5406 tam
936 5350 1009 5405 illi
1037 5363 1194 5420 quam
1227 5346 1280 5402 hi
1311 5344 1555 5401 homines
1581 5352 1752 5411 erant,
1783 5359 1903 5399 eas-

308 5452 436 5506 dem
462 5447 673 5517 utrique
694 5451 1010 5514 aeceperant
1029 5438 1431 5510 promissiones,
1455 5436 1644 5493 eadem
1670 5435 1908 5506 utrisque

309 5548 450 5599 bene
470 5538 814 5611 operantibus
837 5535 1056 5608 praemia
1075 5532 1346 5604 proposita
1369 5548 1383 5585 :
1406 5529 1544 5585 idem
1571 5529 1686 5599 ipse
1709 5542 1803 5597 pro
1824 5527 1907 5582 his

309 5646 365 5693 et
397 5649 495 5706 pro
525 5632 627 5686 illis
665 5630 840 5696 venit,
867 5626 1057 5683 eadem
1095 5639 1216 5680 cum
1259 5622 1498 5678 nuditate
1523 5620 1589 5675 ad
1620 5627 1906 5690 utrosque,

377 5748 395 5780 ι
431 5753 575 5806 Begu
595 5755 675 5794 vos
697 5754 886 5807 capere,
921 5754 1023 5804 pro,
1050 5738 1181 5789 vobis
1203 5737 1347 5789 verba
1368 5736 1508 5787 dare.

644 5832 889 5886 Parnm,
958 5828 1075 5905 (in.
1118 5825 1347 5888 XLIX.

1281 272 1369 328 or:
1408 247 1700 329 ntan’hm
1739 272 1892 328 τεκτ

1999 273 2176 330 Γοῐὶῐζ.
2209 272 2440 330 liOMlL.
2481 272 2572 330 111.
3456 286 3562 342 268

1988 384 2174 439 eadem
2202 384 2358 452 fame,
2390 384 2583 456 hospes
2610 383 2791 439 itidem
2816 398 2829 435 :
2851 382 3028 437 omnia
3053 391 3173 437 sunt
3199 390 3252 437 et
3281 380 3361 436 his
3385 391 3439 438 et
3462 387 3577 440 illis

1987 478 2229 548 mqualia.

2059 571 2140 626 Ea:
2168 571 2436 625 voluntatis
2465 571 2720 640 proposito
2750 571 2865 624 boni
2909 568 2986 624 vel
3032 568 3154 623 mali
3177 566 3576 623 δίωνται-(Σω-

1987 679 2114 733 ergo
2161 663 2278 716 linis
2300 678 2403 717 non
2433 664 2662 718 siinilis?
2689 663 2819 731 Quia
2842 662 2894 717 id
2917 662 3201 717 voluntatis
3245 661 3577 732 propositum

1988 771 2091 810 non
2116 755 2354 826 permisit
2373 773 2384 808 :
2405 755 2531 809 illud
2561 755 2701 808 enim
2719 755 2888 808 solum
2910 753 3302 808 distinctionem
3328 753 3471 807 illam
3495 752 3581 808 fe-

1989 849 2078 902 cit.
2137 847 2304 917 llnjus
2352 861 2509 901 causa
2566 847 2639 900 illi
2672 848 2721 900 in
2748 846 3065 916 gehennam.
3118 844 3171 898 hi
3221 845 3276 899 in
3328 861 3573 915 regnum,

1989 948 2252 1010 pergunt:
2281 938 2423 1008 quod
2462 938 2506 993 si
2552 937 2793 992 diabolus
2823 939 2952 1007 ipsis
3001 946 3187 991 auctor
3234 947 3575 1006 peccatorum

1988 1041 2151 1099 esset,
2179 1047 2287 1087 non
2320 1033 2517 1101 utique.
2568 1031 2674 1087 alio
2702 1042 2952 1101 peccante
2973 1040 3026 1086 et
3054 1031 3120 1086 ad
3166 1039 3440 1100 peccatum
3471 1031 3572 1084 im-

1990 1125 2250 1194 pellente,
2296 1124 2349 1177 hi
2374 1123 2633 1194 supplieio
2661 1122 2922 1178 alliciendi
2954 1133 3125 1179 erant.
3155 1123 3347 1179 Viden'
3378 1123 3462 1180 hic
3517 1133 3576 1178 et

1988 1217 2076 1287 qui
2107 1227 2459 1288 peccaverunt
2487 1227 2542 1272 et
2560 1218 2652 1287 qui
2682 1217 2818 1271 bene
2834 1215 3092 1286 egerunt?
3116 1215 3284 1270 viden‘
3308 1215 3577 1286 quomodo

1989 1326 2282 1367 conservos
2305 1312 2568 1376 videntes,
2590 1310 2992 1367 obmutuerunt?
3018 1313 3128 1380 Age
3145 1310 3208 1364 ad
3235 1309 3374 1364 aliud
3400 1324 3578 1365 exem-

1990 1403 2135 1473 plum
2156 1417 2455 1457 sermonem
2477 1401 2880 1458 transferamus.
2899 1402 3160 1471 Virgines,
3182 1401 3371 1471 inquit,
3390 1400 3573 1454 decem

1991 1503 2144 1549 erant
2165 1493 2374 1565 (Matth.
2406 1493 2523 1566 25).
2549 1494 2644 1551 llic
2672 1506 2857 1549 rursus
2881 1494 3182 1549 voluntates
3207 1504 3330 1547 sunt
3347 1508 3465 1563 qua:
3484 1491 3578 1547 be-

1989 1601 2057 1641 ne
2078 1595 2383 1656 operantur,
2400 1593 2452 1641 et
2473 1601 2590 1656 qua:
2611 1586 2945 1656 delinquunt,
2970 1594 3026 1640 nt
3045 1602 3112 1640 ex
3140 1585 3384 1656 apposito
3410 1594 3463 1640 et
3485 1584 3579 1640 lia-

1991 1695 2108 1734 rum
2140 1691 2356 1748 peccata
2377 1678 2575 1745 videas,
2597 1690 2652 1734 et
2672 1679 2882 1734 illarum
2906 1680 3043 1734 bona
3062 1694 3223 1749 Opera
3256 1697 3269 1734 :
3298 1694 3577 1748 compara-

1992 1774 2222 1829 tioenim
2283 1773 2400 1829 lucc
2425 1774 2570 1829 clare
2602 1773 2837 1829 exhibet.
2862 1773 2929 1827 Et
2967 1773 3051 1827 h:e
3094 1783 3147 1828 et
3196 1773 3299 1828 illae
3324 1773 3575 1842 virgines,

1996 1873 2051 1919 et
2092 1865 2174 1918 hae
2195 1872 2250 1919 et
2279 1863 2384 1919 illa:
2415 1879 2463 1933 qi
2486 1863 2678 1933 inque;
2711 1862 2982 1933 lampadas
3008 1873 3248 1934 utrmque
3284 1864 3577 1926 habebant.

1989 1968 2177 2009 omnes
2202 1967 2457 2023 Sponsum
2485 1952 2995 2023 exspectabanl.Cur
3018 1954 3134 2009 alia:
3158 1954 3428 2024 ingressze,
3460 1955 3582 2009 alite

1990 2062 2098 2102 non
2125 2047 2375 2117 ingressas
2392 2046 2553 2101 sunt?
2572 2047 2707 2113 Quia
2729 2046 2832 2102 illa:
2849 2046 3062 2118 quidem
3085 2047 3387 2102 inhumana:
3404 2056 3577 2111 erant.

1992 2136 2074 2190 ha:
2100 2150 2226 2191 vero
2256 2146 2546 2192 mansueta:
2568 2145 2623 2191 et
2650 2135 2918 2195 humanm.
2950 2137 3137 2193 Viden‘
3154 2152 3365 2193 rursum
3392 2140 3578 2194 voluno

1993 2229 2115 2283 tatis
2166 2227 2494 2298 propositum
2519 2243 2733 2284 causam
2766 2227 2931 2283 fuisse
2959 2227 3099 2292 linis,
3132 2244 3237 2283 non
3263 2239 3439 2283 autem
3460 2228 3547 2282 dia
3570 2258 3583 2271 -

1991 2317 2213 2372 bolum?
2244 2318 2394 2373 vides
2427 2334 2497 2373 ex
2521 2320 2765 2389 opposito
2789 2318 3007 2389 judicia.
3026 2326 3079 2373 et
3102 2334 3165 2374 ex
3188 2319 3446 2374 similibus
3471 2320 3578 2375 Cal—

1993 2409 2143 2464 culos
2169 2407 2332 2463 fcrri?
2358 2407 2613 2464 Conservi
2639 2423 2928 2464 conservos
2950 2409 3278 2479 judicabant.
3300 2408 3461 2465 Visne
3483 2410 3579 2464 tibi

1992 2501 2270 2557 ostendam
2298 2501 2457 2556 etiam
2479 2516 2545 2556 ex
2567 2500 2915 2556 dissimilibus
2944 2499 3060 2555 fieri
3089 2500 3581 2570 comparationem?

1994 2593 2055 2649 lit
2074 2595 2215 2650 enim
2242 2604 2301 2649 et
2321 2610 2386 2649 ex
2409 2593 2780 2659 dissimilibus,
2802 2602 2861 2648 ut
2879 2592 3256 2649 condemnatio
3276 2595 3345 2648 sit
3364 2593 3579 2650 clarior.

2004 2684 2114 2739 Viri
2150 2683 2415 2752 Ninivitte,
2450 2685 2636 2756 inquit,
2652 2694 2856 2757 turgent
2880 2694 2926 2738 et
2950 2684 3351 2740 condemnabam
3369 2701 3583 2756 genera-

1995 2776 2180 2832 tionem
2199 2776 2331 2830 hanc
2349 2774 2558 2849 (Matth.
2581 2775 2669 2831 19..
2692 2776 2804 2846 41).
2822 2775 2937 2831 Non
2956 2776 3092 2830 ultra
3112 2776 3314 2830 similes
3333 2784 3457 2830 sunt
3472 2775 3503 2828 ii
3517 2776 3585 2829 de

1995 2868 2187 2939 quibus
2207 2867 2466 2938 judicium
2488 2868 2655 2922 fertur
2680 2885 2692 2921 :
2718 2882 2840 2921 nam
2863 2867 2951 2921 alii
2972 2866 3183 2922 barbari
3209 2876 3354 2932 sunt,
3371 2866 3460 2920 alii
3486 2866 3582 2921 .ln-

1997 2961 2120 3016 daei:
2152 2960 2205 3014 hi
2236 2959 2601 3031 prepheticam
2628 2960 2928 3015 doctrinam
2956 2960 3227 3030 assequuli
3278 2970 3448 3026 erant,
3492 2959 3585 3014 alii

1996 3067 2284 3123 numquam
2316 3051 2384 3106 de
2408 3051 2605 3107 divinis
2626 3051 2921 3106 audierant.
2946 3051 3131 3122 Neque
3149 3051 3251 3106 hoc
3276 3059 3477 3106 tantum
3506 3052 3587 3105 in-

1999 3153 2162 3201 terest
2203 3144 2548 3211 discriminis,
2580 3143 2673 3199 sed
2698 3142 2840 3214 quod
2866 3141 2933 3198 ad
2972 3143 3093 3199 illos
3121 3158 3306 3198 servus
3326 3185 3341 3209 ,
3367 3142 3431 3197 ad
3485 3143 3586 3197 hos

2000 3238 2256 3292 Dominus
2284 3236 2491 3292 venerit
2522 3253 2536 3289 :
2567 3245 2623 3290 et
2649 3235 2736 3290 ille
2765 3234 2978 3305 quidem
3011 3234 3239 3289 futuram
3282 3235 3589 3289 subversio-

1998 3345 2121 3384 nem
2140 3329 2555 3400 przcnuntiabat,
2584 3327 2672 3382 hic
2704 3342 2832 3382 vero
2853 3342 3075 3397 regnum
3105 3327 3364 3383 caelorum
3391 3326 3587 3395 pratuli-

1999 3421 2173 3477 cabat.
2196 3421 2341 3489 Quos
2368 3435 2496 3491 ergo
2539 3419 2836 3485 credituros
2881 3433 3002 3473 esse
3048 3417 3390 3473 verisimilius
3439 3429 3585 3483 erat,

2000 3513 2324 3568 barbarosne
2354 3512 2507 3576 illos,
2560 3511 2890 3582 insipientes,
2924 3510 3014 3581 qui
3060 3525 3348 3581 numquam
3397 3510 3591 3565 divinze

1999 3604 2257 3660 doctrina:
2272 3604 2553 3674 participes
2567 3603 2795 3670 fuerant,
2817 3617 2886 3657 an
2909 3616 3002 3658 eos
3023 3601 3156 3673 quia
3177 3600 3373 3657 teneris
3395 3602 3447 3655 in
3465 3616 3592 3671 pro-

2003 3694 2228 3766 pheticis
2268 3694 2419 3751 libris
2464 3694 2673 3750 educati
2703 3693 2947 3749 fuerant?
2976 3693 3202 3755 .Ncmini
3232 3708 3340 3749 non
3378 3693 3594 3749 videtur

2000 3786 2214 3842 Iudaeos
2238 3787 2414 3857 potius
2433 3785 2765 3849 credituros;
2792 3786 2888 3841 sed
2909 3787 3234 3841 contrarium
3267 3787 3478 3842 accidit.
3529 3787 3593 3840 lli

2001 3879 2217 3951 quidem
2263 3894 2368 3933 nou
2403 3878 2748 3933 crediderunt
2795 3878 3019 3933 Domino
3066 3893 3287 3948 regnum
3335 3878 3591 3933 eiciorqu

2005 3971 2339 4044 praedicanti,
2370 3971 2445 4026 illi
2474 3986 2602 4025 vero
2630 3969 2976 4026 crediderunt
2999 3982 3260 4024 conservo
3286 3968 3593 4023 subversio-

2004 4079 2126 4119 nem
2153 4062 2519 4127 comminanli,
2536 4070 2597 4117 ut
2619 4062 2815 4118 clarius
2838 4070 2895 4116 et
2917 4076 3106 4115 eorum
3135 4060 3379 4132 aequitas,
3403 4069 3456 4116 et
3486 4060 3588 4115 ho-

2005 4171 2123 4211 rum
2146 4153 2461 4224 improbitas
2490 4161 2796 4224 appareret.
2828 4151 3097 4222 Numquid
3145 4150 3393 4206 dzemon?
3431 4167 3591 4208 num-

2004 4246 2131 4318 quid
2174 4245 2455 4302 diabolus?
2484 4245 2741 4316 numquid
2782 4243 3032 4300 fortuna?
3082 4242 3338 4313 numquid
3391 4243 3594 4298 fatum?

2006 4337 2261 4408 numquid
2310 4338 2410 4393 sibi
2431 4337 2656 4409 quisque
2683 4351 2843 4392 causa
2887 4334 2987 4391 fuit
3015 4344 3125 4390 tum
3164 4333 3450 4405 nequitiae,
3481 4343 3593 4389 tum

2004 4430 2252 4486 virtutis?
2279 4429 2395 4485 Nisi
2424 4429 2567 4485 enim
2598 4428 2674 4484 illi
2713 4428 2790 4484 rei
2842 4427 3000 4481 futuri
3028 4434 3226 4491 essent,
3260 4440 3593 4495 nequaquam

2004 4523 2227 4580 dixisset
2243 4540 2255 4575 :
2269 4520 2683 4578 Condemnabunt
2702 4520 3072 4590 generationem
3092 4517 3591 4587 hancmequaquam

2004 4615 2231 4670 dixisset
2257 4613 2494 4683 reginam
2518 4613 2698 4668 Austri
2719 4610 3191 4675 condemnaturam
3214 4607 3428 4663 Judzros
3447 4622 3589 4664 esse.

2007 4705 2125 4761 Non
2149 4705 2322 4760 solum
2343 4704 2483 4760 enim
2514 4702 2691 4773 pepuli
2711 4702 2953 4772 populos.
2984 4700 3079 4756 sed
3106 4714 3242 4754 unus
3267 4699 3426 4753 homo
3451 4714 3593 4768 stupe

2009 4798 2273 4868 integrum
2318 4794 2573 4868 populum
2604 4793 2928 4857 condemnat
2957 4809 2970 4846 :
3002 4789 3216 4861 quando
3242 4790 3299 4858 ii,
3323 4789 3415 4861 qui
3441 4790 3591 4846 facile

2007 4888 2183 4960 decipi
2214 4903 2369 4961 posse
2398 4886 2729 4953 videbantur,
2753 4899 2864 4940 non
2879 4883 3087 4954 decepti
3112 4881 3278 4939 fuisse
3295 4882 3593 4955 deprehen-

2009 4983 2222 5048 duntur,
2266 4991 2320 5038 et
2347 4981 2437 5052 qui
2461 4978 2608 5036 omni
2637 4978 2796 5034 modo
2836 4978 3054 5033 vincere
3082 4976 3376 5043 debebant,
3415 4984 3595 5031 tamen

2011 5084 2345 5146 superantur.
2364 5073 2489 5130 Ideo
2519 5072 2706 5129 Adami
2735 5081 2790 5128 et
2818 5071 2938 5128 Jobi
2974 5070 3302 5128 mentionem
3332 5069 3590 5126 fecimus:

2007 5171 2117 5242 jam
2135 5169 2277 5225 enim
2306 5167 2372 5222 ad
2394 5166 2526 5223 illud
2552 5175 2921 5238 argumentum
2945 5164 3123 5222 redire
3150 5177 3373 5221 necesse
3399 5171 3499 5226 est,
3536 5169 3594 5214 ut

2013 5261 2153 5334 quod
2171 5261 2429 5333 reliquum
2457 5268 2539 5315 est
2558 5258 2922 5329 expediamus.
2950 5256 3213 5312 Adamum
3239 5253 3395 5322 igitur
3436 5249 3591 5315 nudis

2015 5365 2217 5411 tantum
2235 5354 2430 5416 verbis,
2456 5351 2648 5409 Jobum
2669 5349 2819 5407 factis
2835 5362 3117 5419 aggressus
3136 5355 3218 5400 est
3240 5362 3253 5397 :
3287 5343 3428 5407 hunc
3447 5342 3592 5396 enim

2013 5446 2261 5509 omnibus
2298 5443 2497 5501 divitiis
2539 5441 2786 5514 spoliavit
2831 5441 3061 5508 ﬁliisque
3101 5434 3333 5496 orbavit,
3389 5431 3464 5486 illi
3495 5447 3597 5487 nec

2012 5537 2292 5601 minimum
2326 5551 2425 5592 nec
2458 5548 2708 5604 magnum
2746 5529 3015 5602 quidpiam
3046 5526 3283 5593 abstulit.
3326 5521 3464 5591 Quin
3496 5538 3593 5594 po-

2014 5631 2119 5686 tius
2156 5629 2269 5698 ipsa
2296 5627 2459 5683 verba
2486 5624 2892 5696 perpendamus,
2933 5629 2987 5674 et
3017 5616 3322 5686 insidiarum
3355 5614 3592 5670 modum.

2012 5718 2447 5790 Accessiginquit,
2471 5734 2693 5787 set-peis,
2718 5713 2902 5768 etdixit
2929 5712 3122 5767 mulieri
3145 5729 3161 5766 :
3187 5709 3291 5764 Cur
3310 5710 3435 5764 dixit
3460 5704 3600 5763 vobis
