3896 6230
438 242 544 300 9.69

428 349 587 410 Deus,
621 344 739 400 Non
768 344 1035 400 comedetis
1058 360 1122 399 ex
1147 332 1283 398 omni
1309 345 1443 415 ligno
1464 386 1478 411 ,
1505 345 1639 415 quod
1667 351 1739 398 est
1773 344 1825 397 in
1864 358 2013 414 para-

427 443 539 495 diso
561 438 709 511 (Gen.
738 441 792 495 5.
828 441 879 511 1)
903 440 925 491 ?
958 439 1051 493 llic
1076 452 1318 507 serpens,
1347 439 1453 492 illic
1484 452 1622 492 uxor
1645 436 1780 492 Jobo
1803 434 2017 489 insidia-

429 541 515 586 tur
543 548 559 585 :
585 531 669 584 hic
697 530 1149 585 multumiuterest
1171 527 1307 583 inter
1327 528 1658 595 consiliarios
1674 527 2015 582 discriminis.

428 621 561 676 Nam
614 621 702 676 ille
751 620 961 690 quidem
1006 633 1188 674 servus
1212 662 1227 686 ,
1278 620 1392 675 lucc
1417 620 1537 674 vitze
1564 620 1830 691 particeps
1860 637 1870 670 :
1905 617 2020 672 hare

430 713 748 775 auxiliatrix,
780 712 872 765 ille
910 725 1036 764 vero
1063 710 1308 766 subditus
1336 720 1470 766 eral.
1503 710 1688 767 Videu’
1716 724 1872 779 quam
1898 708 2019 762 nul-

431 805 512 858 lus
559 806 627 857 sit
655 803 822 857 venite
864 803 1056 857 locus?
1086 802 1230 857 illam
1258 804 1398 858 enim
1450 804 1692 857 subditus
1736 818 1797 857 ac
1835 816 2021 856 servus

430 892 625 945 devicit
653 909 666 945 :
696 892 840 945 illum
865 906 930 945 ne
943 891 1155 961 quidem
1170 906 1389 947 consors
1409 900 1463 946 et
1490 893 1786 947 auxiliutrix
1813 893 2021 945 vincere

434 982 620 1050 potuit.
646 983 714 1035 At
762 981 1035 1037 videamus
1062 982 1187 1052 quid
1216 982 1358 1037 dicat
1385 1000 1398 1037 :
1432 983 1533 1037 Cur
1546 983 1681 1036 dixit
1706 982 1840 1036 vobis
1864 982 2017 1047 Deus,

434 1071 557 1126 Non
584 1074 848 1127 comedetis
873 1089 935 1127 ea:
954 1074 1089 1127 omni
1115 1073 1291 1144 tigno?
1310 1074 1466 1144 Atqui
1496 1089 1598 1127 non
1631 1073 1680 1127 id
1708 1074 1846 1127 Deus
1866 1072 2020 1127 dixe-

437 1173 541 1229 rat,
572 1163 666 1217 sed
697 1178 912 1232 prorsus
936 1164 1285 1218 contrarium.
1312 1164 1605 1219 Considera
1646 1163 1823 1234 itaque
1863 1163 2022 1217 vafri-

437 1255 773 1311 tiemdiaboli
797 1273 810 1308 :
834 1255 971 1310 dixit
1011 1255 1151 1327 quod
1180 1272 1287 1311 non
1308 1255 1505 1310 dictum
1532 1255 1788 1321 fuerat,ut
1811 1255 2019 1310 edisce-

434 1358 511 1401 ret
540 1348 678 1417 quod
698 1349 896 1403 dictum
925 1349 1112 1402 fuerat.
1142 1347 1276 1415 Quid
1306 1349 1463 1418 igitur
1478 1347 1702 1402 mulier?
1728 1361 2021 1414 cumOpor-

438 1442 628 1496 tuissct
672 1441 745 1495 illi
783 1457 843 1495 os
871 1441 1150 1506 obturare,
1180 1440 1285 1495 vel
1314 1456 1417 1495 non
1468 1439 1792 1510 respondere
1812 1480 1825 1504 ,
1861 1440 2022 1491 Stulte

374 1542 381 1547 '
436 1532 752 1587 dominicam
779 1530 1095 1587 sententiam
1126 1530 1331 1599 aperuit
1360 1529 1635 1600 :‘hiucque
1660 1530 1739 1584 illi
1778 1543 2020 1598 magnam

438 1622 664 1691 prmbnit
688 1637 893 1677 ansam.

499 1712 553 1767 4.
586 1712 720 1767 Vide
747 1722 1000 1783 quantum
1032 1715 1229 1768 malum
1256 1714 1325 1769 sit
1351 1728 1469 1769 sese
1492 1721 1692 1769 temere
1719 1712 1946 1767 inimicis
1966 1722 2023 1767 et

442 1802 841 1858 insidiatoribus
874 1804 1085 1859 tradere
1115 1823 1128 1859 :
1158 1806 1278 1860 ideo
1309 1804 1549 1861 Christus
1576 1804 1785 1858 dicebat
1810 1822 1823 1857 :
1852 1802 2026 1857 Nolite

439 1893 562 1948 dare
584 1904 757 1947 sancta
780 1897 1004 1961 canibus,
1033 1912 1189 1965 neque
1214 1897 1491 1967 projiciatis
1519 1896 1815 1965 margaritas
1837 1903 2024 1948 vestras

438 1994 557 2038 ante
590 2001 788 2056 porcos,
818 2002 880 2039 ne
919 1990 1049 2058 forte
1088 1986 1311 2040 conversi
1355 1986 1671 2055 disrumpant
1702 2000 1783 2038 vos
1808 1983 2019 2055 (Matth.

439 2075 492 2127 7.
518 2074 593 2143 ϐ).
626 2074 737 2129 lloc
762 2084 938 2130 autem
969 2075 1096 2129 Evae
1125 2076 1342 2146 contigit
1376 2094 1389 2130 :
1420 2076 1567 2130 dedit
1595 2084 1773 2143 sancta
1802 2075 1941 2141 cani,
1969 2083 2025 2128 et

440 2178 632 2234 porco;
665 2164 752 2219 ille
779 2165 940 2220 verba
986 2166 1337 2231 conculcavu,
1369 2174 1422 2220 et
1446 2181 1734 2220 conversus
1774 2165 2021 2220 feminam

439 2256 686 2327 disrupit.
734 2255 1115 2312 Animadverte
1163 2267 1339 2312 autem
1382 2273 1538 2327 quam
1571 2256 1714 2311 vafre
1741 2258 2018 2325 loquatur:

440 2347 751 2403 Non‘morte
778 2349 1060 2403 moriemini
1077 2348 1229 2422 (Gen.
1258 2350 1401 2420 δαί),
1434 2349 1619 2420 inquit.
1644 2349 1738 2403 llic
1760 2363 1885 2402 vero
1905 2348 2022 2401 ani-

437 2457 583 2495 mum
616 2440 879 2519 advertite
909 2459 921 2495 :
952 2443 1127 2513 potuit
1172 2443 1364 2498 mulier
1395 2442 1633 2498 fraudem
1680 2443 1975 2512 intelligere
2005 2461 2019 2497 :

438 2534 616 2587 statim
638 2533 781 2588 enim
811 2533 1138 2588 inimicitiam
1169 2544 1223 2589 et
1244 2534 1441 2589 bellum
1464 2534 1723 2589 adversus
1749 2534 1912 2589 Deum
1941 2534 2024 2588 de-

438 2626 717 2693 nuntiavit,
750 2626 929 2682 statim
959 2628 1008 2681 ei
1064 2628 1401 2682 contradixit.
1426 2628 1574 2692 Esto,
1602 2633 1746 2698 prius
1778 2628 1867 2683 Dei
1895 2643 2022 2683 seu-

422 2715 657 2771 ~tentiam
698 2715 940 2773 ediscere
970 2717 1167 2773 volenti
1196 2717 1447 2784 dicebas;
1476 2728 1527 2772 at
1555 2719 1723 2787 ipsum
1755 2719 2020 2773 contraria

441 2816 618 2878 postea
643 2808 905 2864 dicentem
950 2824 1045 2865 cur
1071 2810 1639 2880 sequebarisiDixerat
1667 2811 1830 2878 Deus,
1859 2811 2023 2865 Morte

428 2900 724 2953 moriemini
748 2899 865 2955 :his
894 2901 1209 2955 contradixit
1251 2902 1336 2956 ille
1364 2902 1446 2957 his
1473 2903 1667 2967 verbis,
1692 2901 2024 2972 Nequaquam

436 3000 597 3045 morte
629 2991 1080 3058 moriemini.Quid
1114 2991 1216 3047 hoc
1243 2993 1381 3048 bello
1407 2992 1624 3048 clarius?
1647 2993 1907 3048 undenam
1928 3007 2023 3063 po-

436 3089 573 3135 terat
612 3081 801 3136 melius
828 3084 1075 3152 cognosci
1136 3083 1384 3138 inimicus
1412 3092 1461 3138 et
1489 3083 1675 3151 hostis,
1703 3099 1859 3154 quam
1881 3084 2022 3155 quod

434 3173 699 3227 contraria
729 3173 837 3229 Deo
862 3174 1197 3245 loqueretur?
1222 3174 1515 3230 Confestim
1559 3190 1685 3247 ergo
1724 3176 2020 3246 decipulam

435 3262 572 3318 hanc
588 3263 871 3334 confugere
886 3280 980 3335 par
1001 3265 1119 3331 fuit,
1144 3281 1171 3319 a
1192 3266 1382 3336 laqueo
1405 3265 1614 3322 resilire
1630 3268 1880 3335 oportuit.
1908 3265 2018 3322 Ne-

432 3371 679 3425 quaquam
695 3367 852 3411 morte
871 3357 1166 3422 moriemini,
1187 3358 1356 3428 inquit
1379 3375 1391 3410 :
1410 3359 1501 3411 scit
1512 3359 1696 3429 quippe
1714 3356 1869 3424 Deus,
1886 3359 2020 3429 quod

432 3460 533 3514 qua
560 3445 654 3499 die
702 3446 1035 3512 camederitis,
1087 3447 1380 3516 aperientur
1427 3447 1561 3502 oculi
1601 3449 1767 3515 vestri,
1799 3457 1846 3501 et
1883 3448 2021 3502 eritis

432 3535 560 3587 sicut
578 3534 670 3589 dii.
693 3534 801 3603 Spe
828 3536 1048 3606 majoris
1069 3537 1313 3606 promissi
1338 3538 1498 3592 etiam
1517 3538 1675 3607 bona,
1697 3555 1815 3609 qua:
1832 3540 1884 3593 in
1906 3554 2020 3594 ma-

434 3623 593 3678 nibus
622 3635 794 3691 erant,
817 3625 1051 3695 perdidit
1077 3642 1091 3680 :
1116 3628 1431 3697 promiserat
1459 3630 1549 3685 ille
1598 3644 1656 3685 se
1693 3631 1824 3687 deos
1872 3632 2010 3687 effe-

432 3724 727 3781 cturum,et
757 3716 809 3770 in
833 3716 1022 3771 mortis
1054 3718 1386 3789 tyrannidem
1417 3720 1663 3790 coniecit.
1687 3720 1839 3777 Unde
1867 3738 2017 3794 ergo,

433 3806 643 3872 mulier,
659 3806 870 3863 diabolo
889 3807 1044 3863 fidem
1061 3808 1327 3865 habuisti?
1350 3811 1474 3881 quid
1496 3811 1618 3866 boui
1637 3814 2019 3883 perspiciebas?

433 3912 610 3952 annon
650 3906 732 3952 sat
767 3898 860 3953 tibi
903 3909 1020 3954 erat
1047 3902 1336 3954 auctoritas
1374 3901 1688 3972 lcgislatoris
1711 3945 1726 3970 ,
1772 3904 2019 3975 quodque

435 3989 573 4045 Deus
599 3999 809 4046 creator
833 4000 887 4047 et
915 3990 1091 4061 epifex
1116 4002 1279 4057 esset,
1302 3992 1392 4046 ille
1418 4008 1545 4048 vero
1568 3992 1813 4049 diabolus
1838 4003 1893 4050 et
1913 3996 2017 4049 ini-

434 4080 643 4136 micus?
670 4081 904 4136 Necdum
944 4082 1212 4138 diabolum
1239 4083 1465 4138 dixerim
1485 4126 1501 4151 ,
1530 4094 1829 4155 serpentem
1872 4086 2014 4141 enim

436 4182 779 4230 tantum-csse
806 4175 1060 4244 putabas:
1094 4184 1469 4246 serpentemne
1491 4178 1618 4231 tanti
1651 4179 1823 4234 facere
1851 4194 2015 4248 opor-

432 4267 552 4329 tuit,
578 4275 636 4320 ut
652 4266 978 4321 Dominieam
1002 4269 1100 4338 ipsi
1113 4271 1429 4325 sententiam
1446 4270 1786 4326 demmtiares
1812 4272 1835 4326 ἲ
1860 4272 2016 4328 Vides

434 4356 669 4427 potuisse
696 4358 936 4414 fraudem
964 4360 1177 4429 videre;
1208 4370 1263 4415 at
1290 4362 1461 4416 noluit
1502 4363 1633 4433 ipsa.
1668 4365 1825 4434 Atqui
1877 4365 2016 4420 Deus

431 4450 539 4523 jam
566 4449 727 4505 multa
760 4450 1123 4507 beneficentia:
1143 4468 1252 4508 Sita:
1273 4465 1579 4524 argumenta
1604 4454 1857 4522 dederat,
1881 4470 2014 4525 ope-

432 4542 683 4610 ribusque
712 4541 1096 4611 providentiam
1118 4559 1405 4616 curamque
1433 4561 1582 4601 suam
1609 4546 2014 4603 demonstrave-

402 4660 407 4667 -
432 4642 535 4686 rat.
559 4631 795 4704 Namque
818 4633 1107 4701 hominem,
1127 4638 1214 4707 qui
1231 4647 1384 4693 antea
1401 4654 1505 4693 non
1531 4648 1666 4707 erat,
1690 4640 2010 4709 cffurtnavit,

431 4724 661 4779 animam
684 4726 782 4797 ipsi
803 4727 1097 4798 inspiravit,
1116 4729 1182 4783 ad
1199 4730 1478 4802 imaginem
1510 4746 1659 4786 suam
1688 4733 1835 4788 illum
1866 4733 2010 4800 fecit,

429 4817 724 4888 principem
762 4820 1001 4874 omnium
1022 4860 1036 4885 ,
1069 4836 1188 4892 quae
1221 4823 1271 4877 in
1297 4832 1437 4878 terra
1467 4833 1648 4879 essent
1670 4866 1685 4891 ,
1715 4825 2010 4892 constituit,

429 4910 744 4981 adiutricem
766 4910 1258 4986 dedit,-paradisum
1275 4917 1554 4986 plantavit,
1587 4927 1639 4972 et
1666 4933 1763 4972 usu
1792 4928 2014 4974 emtore—

430 5019 548 5060 rum
572 5004 832 5075 lignorum
856 5019 1135 5075 concesso,
1160 5024 1326 5063 unum
1361 5017 1565 5063 tantum
1597 5025 1665 5063 ne
1692 5010 2015 5079 attingerent

428 5094 638 5150 vetuit:
667 5096 810 5167 quod
841 5096 1013 5168 ipsum
1040 5097 1107 5155 ad
1134 5099 1370 5169 ipsorum
1400 5100 1682 5154 utilitatem
1717 5100 2009 5170 prohibuit.

431 5188 683 5245 Diabolus
720 5204 849 5244 vero
874 5205 1046 5261 neque
1072 5190 1370 5249 minimum.
1396 5205 1567 5261 neque
1595 5206 1842 5260 magnum
1860 5192 2014 5261 quid-

429 5279 568 5351 piam
615 5281 741 5337 boni
766 5296 926 5352 opere
966 5282 1245 5351 pratstitit;
1280 5281 1373 5336 sed
1421 5282 1576 5336 nudis
1601 5291 1804 5336 tantum
1836 5283 2012 5337 verbis

428 5370 669 5427 mulieris
691 5374 925 5427 animum
952 5373 1235 5439 extollens,
1286 5386 1527 5441 vanaque
1550 5386 1644 5441 spe
1688 5370 1898 5440 iuuans,
1938 5373 2011 5429 ita

425 5466 811 5535 deccpit.Qn:e
866 5460 1045 5523 tamen
1091 5464 1363 5523 diabolum
1414 5466 1523 5522 Deo
1564 5465 1668 5522 fide
1709 5466 2010 5538 digniorem

421 5556 768 5623 existimavit,
788 5557 890 5613 etsi
917 5558 1057 5615 Deus
1084 5557 1337 5629 operibus
1390 5556 1815 5615 benevolentiam
1859 5575 2010 5616 suam

419 5645 848 5705 demonstrasset
877 5666 891 5706 :
919 5650 990 5718 ei,
1040 5652 1130 5724 qui
1175 5649 1321 5707 nuda
1367 5651 1525 5708 verba
1584 5650 1818 5723 nihilque
1867 5669 2008 5725 prae-

1168 232 1223 289 S.
1261 228 1540 289 JOANNIS
1577 224 2017 284 CURYSOSTOM

2118 224 2404 281 ιΙῖΟΙΙιΕΡ.
2422 225 2979 284 ὊΟΝΞΤᾹΝΉΝΟΡ.

3612 226 3745 283 Ξτῦ

2125 351 2269 396 terea
2295 339 2506 408 obtulit,
2559 338 2718 395 fidem
2756 338 2943 395 habuit
2970 339 3174 393 mulier.
3200 337 3400 392 <\"rdcu'
3427 352 3496 392 ex
3542 339 3749 392 stulti—

2125 434 2194 486 tia
2227 440 2427 485 tantum
2450 439 2503 486 et
2528 431 2753 501 ignavia,
2792 445 2900 485 non
2945 438 3124 485 autem
3152 430 3196 485 vi
3222 428 3471 483 "fraudem
3530 426 3740 495 proie-

2122 531 2262 578 ctam
2289 523 2447 577 esse?
2473 521 2647 592 thue
2666 522 2862 576 clarius
2880 521 3108 584 ediscas,
3131 519 3252 574 audi
3273 517 3545 590 quomodo
3564 517 3743 573 Scri-

2125 624 2277 684 ptura
2299 613 2572 668 nmlierem
2593 623 2826 668 accuset.
2849 614 2963 668 Non
2982 615 3121 669 enim
3140 614 3291 679 dixit,
3320 612 3569 683 Decepta,
3598 612 3741 679 sed.

2123 705 2438 776 Conspicata
2475 706 2695 775 lignum,
2749 705 2889 775 quod
2923 706 3195 775 pulchrum
3225 711 3399 768 esset,
3455 702 3744 757 comedit.

2127 800 2309 869 Itaque
2338 799 2539 853 crimen
2572 798 2705 853 illud
2727 797 3126 867 intemperantis
3155 805 3402 866 aspectus
3443 804 3576 862 erat,
3615 809 3748 848 non

2128 889 2347 945 fallacia:
2379 890 2655 945 diabolica:
2685 897 2926 943 tantum:
2950 904 2980 942 a
3009 888 3220 957 propria
3250 900 3477 956 namque
3510 899 3751 939 concu-

2127 984 2409 1055 piscentia,
2440 998 2546 1038 non
2575 998 2605 1036 a
2626 981 2886 1036 dwmonis
2913 980 3114 1036 malitia
3158 987 3405 1049 superata
3446 987 3547 1031 est.
3595 976 3754 1031 Ideo

2126 1078 2334 1133 veniam
2364 1092 2468 1132 non
2489 1084 2573 1133 est
2598 1084 2943 1145 consequuta,
2974 1074 3067 1129 sed
3090 1088 3210 1129 cum
3230 1073 3474 1140 dixisset,
3493 1071 3751 1141 Serpens

2128 1168 2320 1239 decepit
2348 1184 2443 1233 me,
2485 1176 2754 1223 extremas
2782 1175 2961 1220 tamen
2997 1179 3182 1234 poenas
3202 1164 3301 1218 luit
3330 1181 3342 1216 :
3369 1178 3535 1232 penes
3564 1162 3747 1217 illam

2127 1261 2267 1314 enim
2295 1269 2407 1314 erat
2428 1275 2532 1313 non
2559 1258 2770 1313 cadere.
2798 1256 2948 1323 Quod
2980 1266 3035 1310 ut
3062 1256 3259 1310 clarius
3279 1256 3499 1312 evadat.
3526 1270 3636 1324 age
3666 1259 3747 1307 ad

2128 1350 2319 1405 Jobum
2348 1364 2649 1405 sermonem
2667 1357 3061 1413 couvertamus,
3088 1361 3118 1400 a
3147 1346 3302 1401 victis
3328 1346 3395 1400 ad
3428 1347 3745 1410 victorem,

2128 1458 2156 1496 a
2184 1442 2444 1512 superatis
2468 1440 2534 1495 ad
2561 1449 2899 1510 superantem
2926 1456 2939 1491 :
2969 1438 3059 1494 ille
3087 1453 3314 1508 namque
3345 1438 3588 1507 majores
3633 1453 3749 1491 ηο-

2130 1533 2212 1588 his
2238 1534 2446 1588 animos
2478 1532 2651 1596 faciet,
2686 1542 2739 1586 ut
2762 1546 2947 1586 manus
2967 1545 3087 1585 cum
3109 1529 3322 1585 diabolo
3346 1544 3743 1584 conseramus.

2131 1626 2241 1681 [llic
2267 1640 2490 1696 serpens
2505 1634 2639 1689 erat,
2667 1625 2753 1694 qui
2778 1624 3092 1694 decipiebat,
3119 1631 3172 1677 ct
3197 1622 3325 1676 vicit
3349 1638 3363 1687 ;
3387 1623 3474 1676 hic
3502 1622 3743 1691 mulier,

2130 1732 2249 1787 quze
2279 1732 2384 1771 non
2411 1716 2708 1787 praevaluit,
2735 1717 2943 1769 tametsi
2970 1714 3035 1769 ad
3062 1713 3489 1784 persuadendum
3519 1713 3745 1782 aptior.

2128 1808 2416 1879 quamille.
2462 1808 2539 1862 Ac
2565 1806 2701 1862 Joho
2744 1805 2958 1877 quidem
3003 1813 3123 1875 post
3152 1804 3501 1874 pecuniarum
3546 1803 3748 1873 jactu-

2129 1916 2263 1964 ratn,
2284 1900 2522 1954 'filiorum
2544 1898 2906 1962 amissionem,
2934 1910 3141 1951 necnon
3166 1895 3433 1949 honorum
3452 1896 3743 1957 omnium,

2128 1991 2370 2046 machina
2402 1990 2813 2053 admovebatur;
2842 1988 2947 2042 illic
2963 2003 3091 2042 vero
3111 1986 3238 2041 nihil
3266 1994 3380 2041 erat
3407 1985 3687 2055 ejusmodi
3722 2002 3743 2038 :

2132 2083 2266 2138 filios
2297 2098 2403 2137 nou
2424 2084 2677 2137 amiserat
2704 2096 2801 2136 nec
2823 2081 3074 2150 pecunias
3100 2079 3288 2141 Adam,
3313 2093 3490 2148 neque
3511 2079 3561 2131 iu
3588 2078 3747 2131 timo

2128 2173 2369 2239 sedebat,
2403 2173 2495 2227 sed
2529 2171 2582 2226 in
2606 2172 2850 2242 paradiso
2879 2170 3163 2239 voluptatis
3186 2169 3478 2233 habitabat,
3502 2177 3560 2222 et
3607 2183 3745 2221 om-

2129 2265 2211 2320 nis
2239 2264 2449 2334 generis
2474 2263 2735 2333 lignorum
2762 2260 2913 2332 copia
2936 2259 3227 2323 fruebatur,
3247 2259 3582 2323 'fonteitem,
3616 2257 3743 2311 Iin-

2128 2357 2245 2423 viis,
2287 2356 2509 2425 aliisque
2551 2353 2800 2408 omnibus
2854 2351 3191 2408 commodis:
3222 2365 3486 2418 nusquam
3540 2349 3741 2415 labor,

2127 2462 2232 2502 non
2265 2446 2496 2512 tristitia,
2531 2459 2634 2499 non
2664 2458 2883 2510 mmror,
2936 2457 3040 2496 nou
3069 2440 3406 2495 contumelia:
3436 2449 3489 2495 et
3528 2441 3735 2493 com-i-

2127 2539 2227 2604 cia,
2246 2552 2418 2607 neque
2437 2536 2709 2590 innumera
2733 2534 2820 2589 illa
2844 2535 3000 2599 mala,
3023 2519 3139 2602 quae
3153 2532 3285 2586 Jobo
3309 2531 3548 2586 immissa
3563 2542 3733 2596 sunt;

2090 2654 2097 2657 -
2126 2638 2358 2682 attamen
2387 2642 2509 2681 cum
2537 2626 2663 2680 nihil
2692 2624 2904 2681 adesset
2929 2621 3250 2693 hujusmodi,
3281 2622 3465 2691 lapsus
3489 2629 3545 2675 et
3590 2635 3736 2689 sup—

2129 2721 2393 2790 plantatus
2418 2728 2519 2774 est.
2551 2720 2741 2773 Annon
2791 2717 2957 2787 liquet
2996 2716 3047 2769 id
3073 2730 3136 2770 ex
3168 2715 3372 2785 ignavia
3418 2714 3735 2770 accidisse?

2127 2809 2327 2864 Eodem
2361 2810 2517 2865 modo
2545 2825 2665 2864 cum
2698 2809 2785 2864 ille
2810 2808 2875 2864 iis
2898 2806 3141 2862 omnibus
3174 2806 3494 2859 instantibus
3515 2815 3573 2860 et
3607 2822 3734 2875 pre.

2125 2901 2403 2965 mentibus,
2435 2899 2640 2956 fortiter
2660 2900 2825 2961 stetit,
2849 2912 3021 2953 annon
3044 2898 3261 2968 planum
3278 2907 3361 2952 est
3382 2896 3433 2951 id
3454 2910 3525 2952 ex
3547 2897 3732 2952 animi

2123 2991 2388 3061 vigilantia
2415 3000 2588 3046 ortum
2616 2991 2774 3046 esse?

2195 3157 2247 3211 5.
2286 3155 2405 3209 Jobi
2431 3156 2687 3225 patientia
2740 3154 3310 3209 munibus-consolatio.
3333 3151 3719 3220 —{T‘tr'nque

2121 3247 2304 3319 igitur,
2342 3248 2640 3312 carissime,
2685 3264 2939 3320 magnum
2987 3246 3194 3301 lucrum
3233 3246 3532 3314 decerpere
3572 3261 3718 3314 pas-

2118 3336 2197 3391 sis
2222 3354 2235 3391 :
2266 3336 2524 3391 Adamum
2552 3337 2772 3390 imiteris
2792 3350 3140 3404 cave,gnarus
3170 3342 3363 3403 quanta
3382 3350 3451 3387 ex
3476 3338 3719 3403 segnitie

2117 3432 2255 3488 mala
2293 3431 2531 3487 oriantur
2565 3430 2717 3485 :Johi
2750 3430 3000 3499 pietatem
3024 3428 3261 3493 imitare,
3302 3441 3427 3481 cum
3450 3427 3716 3481 didiceris

2116 3530 2312 3592 quanta
2341 3537 2407 3577 ex
2444 3520 2716 3591 diligentia
2763 3520 2895 3574 bona
2948 3527 3274 3574 nascantur:
3306 3518 3450 3574 hunc
3487 3535 3717 3588 semper

2118 3622 2291 3668 tecum
2309 3621 2495 3683 reputa
2518 3613 2772 3666 victorem
2794 3619 3125 3674 coronatum,
3148 3619 3307 3680 atque
3326 3608 3377 3663 in
3395 3610 3593 3680 quovis
3609 3611 3714 3663 do-

2116 3706 2229 3762 lore
2274 3714 2328 3761 et
2355 3706 2653 3760 calamitate
2708 3719 2951 3774 magnam
2999 3702 3709 3758 habebis-consolationem.

2114 3797 2569 3867 Quemadmodum
2594 3797 2736 3852 enim
2763 3798 2814 3851 in
2851 3795 3117 3849 communi
3143 3794 3287 3849 orbis
3316 3793 3531 3849 theatro
3566 3810 3711 3850 cou-

2113 3891 2328 3945 stitutus
2352 3889 2537 3944 beatus
2566 3903 2628 3943 ac
2656 3900 2947 3958 generosus
2968 3885 3076 3950 ille,
3102 3899 3414 3956 omnes-per
3431 3901 3711 3942 aerumnas

2113 3998 2237 4038 suas
2263 3983 2522 4047 hortatur,
2550 3990 2607 4035 ut
2635 3997 2750 4051 quae
2776 3980 3023 4034 accidunt
3049 3978 3223 4032 omnia
3260 3977 3479 4034 fortiter
3503 3981 3705 4045 ferant,

2113 4089 2288 4145 neque
2307 4073 2694 4127 calamitatibus
2716 4070 3082 4142 ingruentibus
3109 4069 3320 4125 cedant.
3346 4068 3467 4123 Non
3498 4080 3585 4125 est
3615 4071 3706 4125 ul-

2112 4164 2242 4229 lum,
2273 4179 2376 4217 non
2400 4170 2502 4230 est,
2526 4162 2759 4233 inquam,
2790 4162 2950 4215 ullum
2975 4160 3096 4214 mali
3122 4174 3308 4230 genus,
3356 4160 3411 4214 in
3436 4177 3541 4229 quo
3593 4177 3701 4217 non

2113 4256 2377 4327 possimus
2406 4255 2527 4310 inde
2555 4254 2972 4309 consolationem
2999 4252 3246 4307 mutuari.
3264 4250 3471 4308 Omnes
3500 4254 3703 4324 quippe

2110 4350 2163 4403 in
2193 4356 2304 4403 toto
2328 4362 2533 4418 sparsae
2569 4346 2700 4402 orbe
2735 4360 2986 4401 azrumnce
3036 4346 3088 4399 in
3136 4343 3240 4398 hoc
3287 4359 3455 4399 unum
3497 4361 3703 4416 corpus

2108 4451 2374 4511 congestae
2398 4447 2541 4495 sunt.
2571 4439 2699 4508 Quae
2724 4439 2882 4509 igitur
2904 4438 3051 4492 venia
3071 4437 3139 4501 ei,
3163 4436 3254 4505 qui
3277 4452 3383 4490 non
3412 4446 3596 4507 potest
3614 4439 3698 4496 vel

2108 4545 2312 4606 partem
2332 4534 2624 4606 quamdam
2645 4548 2851 4599 eorum,
2881 4547 3000 4603 qua:
3036 4531 3133 4600 ipsi
3156 4528 3352 4585 inflicta
3382 4540 3538 4596 sunt,
3569 4547 3695 4587 cunt

2106 4629 2393 4699 gratiarum
2419 4626 2812 4692 actione'ferre,
2830 4640 2956 4680 cum
2985 4623 3073 4679 ille
3100 4637 3205 4679 non
3244 4631 3455 4692 partem
3482 4624 3660 4679 solum
3681 4666 3701 4692 ,

2108 4720 2199 4775 sed
2224 4721 2473 4775 universa
2497 4718 2770 4774 hominum
2800 4716 2937 4773 mala
2963 4713 3247 4787 pertulisse
3290 4713 3575 4769 videatur?
3624 4717 3702 4769 Ac

2108 4827 2176 4868 ne
2202 4828 2287 4868 me
2317 4821 2374 4867 ut
2398 4811 2557 4867 nimia
2577 4810 2842 4866 dicentem
2859 4807 3102 4874 damnes,
3125 4819 3222 4875 age
3241 4804 3483 4874 singulas
3508 4821 3703 4860 aerum-

2109 4923 2206 4964 nas
2228 4914 2633 4978 pcrtractantes,
2661 4904 2820 4959 dictis
2846 4901 3005 4956 fidem
3026 4899 3303 4955 faciamus.
3326 4898 3396 4953 Et
3422 4898 3466 4953 si
3491 4899 3696 4968 placet,

2105 4997 2245 5069 quod
2273 4997 2511 5053 omnium
2531 4994 2761 5051 maxime
2775 4990 3105 5048 intolerabile
3121 4989 3351 5054 videtur,
3386 4989 3440 5042 in
3456 4989 3698 5045 medium

2106 5089 2466 5154 adducamus,
2496 5093 2882 5158 paupertatem,
2914 5083 3149 5155 inquam,
3182 5088 3245 5137 et
3276 5079 3524 5135 dolorem
3572 5080 3698 5135 inde

2107 5190 2292 5234 naLum
2330 5198 2344 5235 :
2396 5181 2447 5238 id
2478 5181 2619 5237 enim
2675 5178 2920 5234 homines
2970 5176 3165 5244 ubique
3209 5172 3520 5242 deplorant.
3553 5174 3694 5243 Quid

2107 5289 2235 5343 ergo
2253 5273 2389 5328 .lobo
2412 5273 2693 5343 pauperius
2717 5270 2813 5326 fuit
2855 5310 2870 5336 ,
2895 5268 2982 5339 qui
3003 5268 3161 5322 etiam
3186 5265 3269 5330 iis,
3292 5265 3384 5334 qui
3402 5265 3459 5318 in
3487 5264 3694 5320 balneis

2107 5367 2298 5435 abjecti
2326 5377 2469 5433 sunt,
2499 5367 2581 5421 vel
2612 5365 2663 5419 in
2693 5363 2872 5418 cinere
2900 5358 3091 5416 camini
3117 5358 3336 5422 cubant,
3360 5366 3420 5421 et
3444 5358 3693 5412 omnibus

2110 5473 2328 5529 prorsus
2356 5457 2658 5512 hominibus
2682 5453 2965 5526 pauperior
2999 5449 3151 5506 erat?
3181 5448 3248 5504 lli
3292 5449 3441 5505 enim
3486 5460 3688 5505 vestem

2108 5550 2294 5605 saltem
2324 5550 2543 5606 scissam
2581 5528 2772 5602 habent
2797 5587 2811 5609 ,
2849 5545 2939 5600 ille
2982 5556 3109 5598 vero
3136 5541 3309 5597 nudus
3351 5542 3608 5608 sedebat,
3634 5551 3690 5597 et

2108 5644 2248 5719 quod
2278 5645 2449 5702 solum
2490 5659 2522 5699 a
2549 5653 2732 5699 natura
2771 5639 3146 5698 vestimentum
3190 5634 3460 5706 habebat,
3513 5634 3692 5692 carnis
