3896 6230
176 346 290 406 εον

182 463 408 536 τρόπον.
446 463 786 533 Προσίξλθε,
811 461 1054 532 φησιν.,ό
1081 463 1236 532 ὄφις,
1267 461 1366 519 καὶ
1404 460 1536 515 εἷπε
1561 456 1637 528 τῇ
1665 476 1768 528 γυ-

185 547 386 602 ναικί·
426 546 488 602 Τί
540 545 628 600 ὅτι
657 541 829 600 εἶπεν
857 547 889 600 ό
929 544 1092 612 Θεὸς,
1137 548 1219 600 Οὐ
1251 545 1343 615 μὴ
1378 540 1608 614 φάγητε
1652 541 1772 595 ἀπὸ

186 629 421 696 ,παντὸς
467 629 658 695 ξύλου
706 629 813 685 τοῦ
845 629 917 683 ἐν
969 627 1050 695 τῷ
1093 629 1470 698 παραδείσφ;
1511 623 1774 680 Ἐνταῦθα

186 713 335 783 ὄφις,
367 715 486 767 ἐκεῖ
515 712 654 785 γυνὴ
687 713 782 766 ἐπὶ
817 711 914 765 τοῦ
956 711 1105 766 Ἰὼϐ·
1131 713 1272 775 τέως
1299 711 1434 764 πολῦ
1475 709 1585 763 τῶν
1635 724 1772 776 συμ-

190 795 402 851 ϐούλων
429 795 490 850 τὸ
518 795 706 868 μέσον.
751 795 814 846 Ἰ)
859 788 958 866 μέν
989 794 1098 867 γάρ
1127 793 1332 858 δοῦλος,
1367 796 1401 865 ἡ
1423 793 1480 846 δέ
1513 788 1772 852 κοινωνὸς

189 882 285 936 τοῦ
321 881 437 953 βίου
462 897 476 912 ⁸
498 882 533 950 ὴ
583 879 683 951 μὲν
715 877 942 952 βοηθὸς,
973 879 1002 932 6
1045 879 1104 933 δέ
1136 879 1490 936 ὐπετέτακτο.
1528 872 1682 940 Εἶδες
1711 873 1773 928 τὸ

182 965 582 1038 ἀσύγγνωστον
631 965 792 1032 ὄσον;
836 963 936 1034 τὴν
969 963 1066 1034 μὲν
1110 963 1221 1034 γὰρ
1257 964 1286 1016 6
1323 960 1773 1032 ’ὐποτεταγμένος

190 1053 288 1106 καὶ
317 1048 584 1104 δουλεύων
608 1047 913 1119 ἠπάτησεν,
948 1047 1155 1100 ἐκεῖνον
1182 1046 1240 1101 δέ
1277 1045 1397 1099 οὐδὲ
1440 1047 1474 1116 ὴ
1516 1043 1773 1105 κοινωνὸς

180 1137 290 1190 οιαὶ
325 1133 518 1206 βοηθὸς
541 1129 899 1186 ὐποσκελίσαι
923 1129 1162 1200 ἴσχυσεν.
1201 1129 1342 1182 Ἀλλ’
1369 1129 1568 1200 ἴδωμεν
1594 1128 1688 1180 καὶ
1721 1125 1774 1180 τί

188 1235 360 1292 φησιο
402 1218 464 1274 Τί
515 1217 606 1270 ὅτι
655 1211 825 1268 εἶπεν
855 1216 889 1268 ό
939 1213 1104 1280 Θεὸς,
1259 1211 1346 1282 μὴ
1375 1211 1604 1282 φάγητε
1652 1211 1772 1266 ἀπὸ

173 1303 420 1368 παντὸς
463 1301 690 1366 ξύλου;
747 1298 859 1350 Kal
909 1297 1018 1369 μὴν
1063 1297 1164 1350 οὐκ
1194 1291 1346 1350 εἶπεν
1379 1298 1408 1350 6
1430 1295 1563 1360 Θεὸς
1593 1293 1771 1356 τοῦτο,

185 1385 329 1440 ἀλλά
358 1383 420 1438 τὸ
440 1382 698 1440 ἐναντίον.
723 1381 866 1450 Ὅρα
893 1375 986 1434 οὖν
1011 1377 1347 1450 κακουργίαν
1373 1379 1467 1432 τοῦ
1489 1377 1738 1432 διαϐόλου
1755 1393 1771 1408 ο

189 1467 316 1526 εἷπε
340 1468 403 1522 τὸ
435 1467 511 1540 μὴ
535 1465 848 1540 εἰρημένον,
879 1465 968 1519 ἵνα
993 1463 1139 1536 μάθῃ
1165 1464 1226 1517 τὸ
1249 1462 1560 1535 εἰρημένον.
1585 1461 1651 1515 Τί
1679 1457 1773 1515 οὐν

184 1557 228 1626 ὴ
263 1553 399 1624 γυνή
423 1568 438 1617 ;
461 1551 588 1604 Δέον
607 1547 982 1620 ἐπιστομίσαι..
1000 1546 1119 1600 δέον
1137 1547 1214 1618 μὴ
1236 1543 1560 1618 μεταδοῦναι
1575 1545 1770 1615 λόγου,

189 1641 302 1694 ὐπὸ
332 1635 516 1699 ἀνοίας
547 1632 838 1704 ἐξελάλησε
865 1630 964 1702 τὴν
997 1629 1223 1702 γνώμην
1255 1631 1355 1702 τὴν
1397 1632 1732 1702 Δεσποτικήν
1757 1647 1770 1661 ·

187 1723 286 1780 διὰ
309 1720 466 1776 τοῦτο
491 1717 766 1790 παρέσχεν
797 1715 947 1786 αὐτῷ
979 1714 1152 1787 λαϐὴν
1179 1716 1425 1786 ἰσχυράν.

263 1808 328 1862 δ’.
352 1807 496 1874 Ὅρα
516 1804 640 1856 ὅσον
661 1800 830 1854 κακόν
857 1801 972 1852 ἐστι
1001 1798 1062 1852 τὸ
1093 1797 1278 1862 ἁπλῶς
1299 1801 1412 1864 τοῖς
1440 1797 1658 1870 ἐχθροῖς
1680 1797 1776 1852 καὶ

186 1895 309 1956 τοῖς
339 1885 644 1949 ἐπιϐούλοις
669 1883 896 1946 ἐαυτούς
919 1881 1270 1955 ἐγχειρίζειν.
1294 1882 1394 1936 Διά
1417 1881 1574 1936 τοῦτο
1598 1882 1628 1934 6
1651 1882 1776 1953 Χρι-

191 1975 322 2039 στδς
350 1973 503 2040 ἐλεγε
519 1985 532 1999 ·
552 1967 651 2036 Μὴ
675 1966 816 2020 δότε
835 1965 908 2020 τά
935 1965 1074 2034 ἅγια
1093 1963 1218 2031 τοῖς
1233 1963 1402 2030 κυσί,
1425 1963 1580 2035 μηδὲ
1590 1965 1776 2032 ﬂigi-n-

190 2076 260 2115 τε
281 2055 421 2122 τοὺς
440 2051 808 2124 μαργαρίτας
833 2047 1003 2119 ὑμῶν
1025 2049 1367 2119 ἔμπροσθεν
1395 2046 1516 2102 τῶν
1534 2047 1772 2117 χοίρων,

177 2141 424 2214 ,μήποτε
465 2131 1131 2214 στραφέντεςρήξωσιν
1161 2129 1336 2214 ὑμᾶς.
1373 2129 1541 2185 Τοῦτο
1651 2131 1776 2214 ἐγέ-

191 2207 318 2282 νετο
345 2223 438 2277 ἐπὶ
468 2219 568 2291 τῆς
591 2207 738 2282 Εὐας
759 2232 775 2248 ·
820 2215 988 2269 ἔδωκε
1017 2214 1086 2268 τά
1117 2213 1249 2284 ἀγια
1271 2213 1350 2286 τῷ
1381 2215 1524 2280 κυνὶ,
1549 2213 1626 2286 τῷ
1663 2213 1776 2284 χοί-

178 2325 312 2384 ,ρῳο
356 2304 738 2372 κατεπάτησεν
769 2301 976 2384 ἐκεῖνος
1006 2299 1360 2384 τάῌρήματα,
1393 2299 1654 2370 στραφεὶς
1682 2299 1776 2371 έρ-

189 2381 330 2464 ρηξε
355 2390 454 2461 τὴν
475 2389 729 2456 γυναῖκα.
769 2384 881 2437 Καὶ
903 2383 1006 2455 δρα
1035 2381 1152 2446 πῶς
1181 2385 1510 2454 κακουργεῖ·
1563 2385 1646 2438 οὐ
1677 2388 1778 2440 θα.

191 2474 356 2540 νότῳ
379 2468 798 2531 ἀποθανεῖσθε,
825 2465 959 2538 φησί
984 2497 1012 2520 ι.
1042 2464 1308 2520 Ἐνταῦοά
1336 2481 1426 2534 μοι
1456 2467 1775 2537 προσέχετε,

191 2559 279 2612 ὃτι
305 2553 502 2625 δυνατὴ
527 2547 596 2624 ἦν
618 2553 653 2622 ή
678 2549 817 2622 γυνὴ
849 2562 876 2590 ι
899 2549 1130 2601 συνιδεῖν
1158 2547 1257 2621 τὴν
1289 2549 1528 2620 ἀπάτην.
1559 2549 1778 2613 Εὐθέως

191 2641 308 2714 γὰρ
331 2638 430 2710 τὴν
457 2635 655 2708 ἔχθραν
689 2634 787 2688 καὶ
835 2631 929 2686 τὸν
973 2631 1207 2703 πόλεμον
1265 2633 1640 2706 προεκήρυττε
1686 2631 1780 2686 τὸν

192 2724 335 2796 πρὸς
355 2722 447 2774 τὸν
467 2719 620 2785 Θεὸν,
646 2716 849 2780 εὐθέως
871 2715 1204 2779 ἀπεναντίας
1231 2715 1552 2786 ἐφθέγξατο.
1574 2715 1776 2769 Ἐστω’

190 2809 307 2882 πρὸ
335 2805 524 2860 τούτου
558 2799 872 2874 βουλομένῳ
917 2799 1109 2871 μαθεῖν
1149 2799 1248 2871 τὴν
1285 2799 1512 2871 γνώμην
1553 2799 1738 2882 ἔλεγες
1761 2814 1776 2831 ο

193 2877 343 2962 μετά
367 2887 540 2943 ταῦτα
572 2884 793 2940 ἐναντία
824 2883 1036 2937 εἰπόντι
1056 2881 1110 2936 τί
1156 2881 1512 2954 ἠκολούθειςς
1547 2877 1718 2938 Εἶπεν
1750 2884 1780 2938 6

189 2974 353 3039 θεός·
387 2970 630 3038 Θανάτῳ
649 2965 1050 3025 ἀποθανεῖσθε
1071 2983 1087 2999 ο
1133 2967 1538 3036 ἀντεφθέγξατο
1569 2967 1780 3034 τούτοις

177 3061 426 3122 ἐκεῖνος,
455 3055 552 3109 καὶ
581 3048 734 3107 εἶπεν
750 3067 768 3084 υ
787 3053 870 3106 Οὐ
905 3048 1137 3116 θανάτῳ
1159 3050 1578 3105 ἀποθανεῖσθε.
1601 3051 1666 3103 Τί
1686 3049 1780 3106 τοῦ

191 3140 437 3212 πολέμου
461 3137 656 3192 τούτου
687 3134 1065 3206 σαφέστερον;
1093 3132 1260 3186 πόθεν
1279 3131 1505 3188 ἄλλοθεν
1537 3133 1646 3188 ἔδει
1674 3151 1774 3206 μα-

179 3225 312 3279 -Θεῖν
331 3223 426 3276 τὸν
463 3219 655 3292 ἐχθρὸν
685 3219 777 3274 καὶ
811 3218 1092 3290 πολέμιον,
1115 3216 1286 3288 ἀλλ’ἢ
1320 3216 1570 3271 ἐντεῦθεν
1599 3219 1666 3272 ἐκ
1686 3218 1781 3272 τοῦ

178 3303 655 3376 ἀντιφθέγξασθαι
683 3301 763 3373 τῷ
791 3300 910 3372 Θεῷ
933 3319 950 3369 ;
979 3301 1130 3355 Ἔδει
1149 3299 1330 3354 τοίνυν
1365 3303 1558 3370 φυγεῖν
1580 3301 1783 3366 εὐθέως

190 3393 258 3447 τὸ
271 3391 487 3460 δέλεαρ,
509 3387 617 3441 ἔδει
648 3387 750 3456 τῆς
775 3385 1001 3454 παγίδος
1025 3385 1402 3456 ἀποπηδῆσαν..
1427 3387 1508 3439 Οὐ
1547 3384 1784 3453 θανάτῳ

177 3471 616 3536 ἀποθανεῖσθε,
637 3468 820 3540 φησίψ
843 3469 969 3538 ᾐδει
987 3467 1094 3538 γὰρ
1111 3472 1143 3522 ὀ
1167 3467 1331 3535 Θεὸς,
1347 3462 1488 3540 ὅτιῇ
1502 3467 1580 3523 ἂν
1593 3469 1785 3540 ἡμέρῃ

192 3557 444 3630 φάγητε,
472 3550 1000 3622 διανοιχθήσονται
1041 3549 1208 3618 ὑμῶν
1230 3554 1286 3606 οἱ
1319 3552 1637 3622 ὀφθαλμοὶ,
1683 3551 1784 3607 καὶ

191 3641 420 3696 ἔσεσθε
463 3639 544 3704 ὡς
591 3636 736 3692 θεοί.
780 3635 986 3688 Ἐλπίδι
1029 3633 1276 3706 μείζονος
1313 3635 1660 3706 ὑποσχέσεως
1689 3637 1785 3690 καὶ

193 3726 266 3779 τὰ
304 3725 363 3776 ἐν
389 3721 575 3794 χερσὶν
608 3717 860 3787 ἐξέϐαλεν
893 3717 1108 3786 ἀγαθά⁶
1141 3717 1508 3788 ἐπηγγείλατο
1535 3719 1783 3791 ποιήσειν

197 3809 379 3871 θεοὺς,
407 3805 502 3860 καὶ
524 3801 826 3858 κατέϐαλεν
855 3803 934 3866 είς
968 3801 1068 3872 τὴν
1093 3801 1187 3855 τοῦ
1211 3799 1443 3856 θανάτου
1470 3802 1780 3873 τυραννίδα.

189 3889 374 3947 ,Πόθεν
407 3883 501 3942 οὖν
533 3887 880 3952 ἐπίστευσας,
904 3879 1150 3954 ὧγύναι,
1175 3883 1254 3956 τῷ
1278 3883 1512 3956 διαϐόλῳ
1535 3901 1551 3950 ;
1584 3884 1638 3939 τί
1661 3903 1786 3940 συν-

193 3976 339 4036 εῖδες
367 3971 606 4042 ἀγαθόν;
636 3969 737 4024 οὐκ
763 3969 922 4042 ἤρκει
945 3970 979 4041 ἡ
1010 3967 1320 4034 ἀξιοπιστία
1339 3968 1434 4022 τοῦ
1467 3968 1781 4038 νομοθέτου,

193 4061 282 4114 ὃτι
313 4059 341 4110 6
368 4057 466 4129 μὲν
495 4055 628 4118 Θεὸς
653 4054 748 4109 καί¹
773 4053 1107 4124 δημιουργὸς
1131 4052 1228 4106 καὶ
1257 4051 1505 4124 ποιητὴς,
1528 4054 1557 4106 6
1585 4052 1644 4107 δέ
1669 4052 1785 4107 διά-

194 4141 358 4204 ϐολος
395 4139 491 4195 καὶ
539 4136 768 4210 ἐχθρός;
809 4137 920 4190 Καὶ
951 4133 1106 4190 οὔπω
1141 4134 1285 4204 λέγω
1329 4135 1576 4190 διάϐολον
1597 4151 1610 4166 ·
1659 4135 1785 4206 ὅφιν

189 4224 366 4278 αὐτὸν
387 4222 632 4294 ἐνόμιζες
661 4217 800 4274 εἶναι
823 4219 1010 4290 ψιλόνο
1043 4218 1168 4288 ὅφιν
1196 4215 1310 4284 οὖν,
1343 4220 1464 4274 εἰπέ
1493 4237 1624 4292 μοι,
1657 4237 1785 4274 τοσ-

189 4308 375 4379 αύτης
408 4305 691 4378 ἰσηγορίας
719 4303 954 4370 ἀξιῶσαι
983 4303 1174 4374 ἐχρῆν,
1205 4303 1282 4366 ὡς
1325 4305 1420 4356 καὶ
1443 4305 1782 4375 Δεσποτικὴν

193 4391 426 4463 γνώμην
454 4387 768 4458 ἐξαγγεῖλαι
797 4385 982 4458 αὐτῶς
1026 4387 1187 4458 Ὁρᾷς
1211 4387 1292 4440 ὅτι
1315 4385 1540 4440 δυνατὸν
1563 4381 1632 4458 ἦν
1657 4404 1783 4441 συν-

192 4477 335 4532 ιδεῖν
373 4475 470 4547 τὴν
498 4473 736 4544 ἀπάτην,
773 4470 887 4524 ἀλλ’
917 4471 1018 4523 οὐκ
1050 4469 1315 4538 ἠθέλησεν
1347 4468 1508 4540 αὐτη.
1537 4470 1732 4524 Καίτοι
1757 4473 1786 4524 6

187 4561 304 4632 μὲν
341 4558 473 4622 Θεὸς
501 4555 694 4618 ἱκανάς
732 4554 901 4608 ἔδωκε
930 4553 1030 4624 τῇς
1069 4551 1389 4624 εὐεργεσίας
1438 4554 1538 4625 τῆς
1584 4554 1783 4608 ἑαυτοῦ

191 4642 302 4707 τὰς
326 4639 654 4706 ἀποδείξεις,
688 4639 782 4693 καὶ
822 4637 912 4692 διὰ
949 4635 1060 4690 τῶν
1089 4635 1266 4708 ἔργων
1310 4635 1410 4708 τὴν
1459 4637 1786 4708 κηδεμονίαν

191 4724 542 4792 ἐπεδείξατοο
569 4723 670 4777 καὶ
699 4721 807 4795 γὰρ
838 4721 940 4774 οὐκ
967 4719 1098 4774 δντα
1118 4719 1212 4772 τὸν
1237 4719 1526 4790 ἄνθρωπον
1555 4721 1783 4789 ἔπλασε,

188 4810 298 4866 καί
325 4807 503 4880 ψυχὴν
521 4807 832 4870 ἐνέπνευσε,
856 4803 952 4858 καὶ
967 4805 1088 4858 κατ’
1103 4803 1290 4858 είκὸνα
1311 4803 1474 4859 αὐτὸν
1505 4806 1780 4878 ἐποίησεν,

187 4897 442 4967 ἄρχοντα
468 4890 575 4946 τῶν
601 4890 695 4943 ἐπὶ
720 4890 824 4960 γῆς
855 4889 1088 4959 ποιήσας
1127 4887 1413 4955 ἁπάντων,
1448 4891 1546 4944 καὶ
1589 4891 1784 4964 βοηθὸν

191 4975 518 5049 ἐχαρίσατο,
554 4974 652 5028 καὶ
679 4972 1006 5044 παράδεισον
1032 4971 1318 5042 ἐφύτευσε,
1349 4975 1444 5028 καὶ
1461 4973 1562 5049 τὴν
1589 4977 1786 5052 χρῆσιν

187 5062 308 5117 τῶν
336 5059 543 5114 λοιπῶν
575 5057 875 5131 ἐπιτρέψας
897 5057 1150 5128 δένδρων,
1170 5059 1290 5124 ἐνὸς
1323 5061 1674 5134 ἀπηγόρευσε
1707 5063 1784 5135 μὴ

191 5145 446 5218 εψασθαι
467 5143 622 5218 [275]
653 5143 852 5216 μόνον’
897 5141 992 5196 καὶ
1031 5141 1192 5195 τοῦτο
1219 5141 1278 5196 δὲ
1322 5144 1456 5198 αὐτὸ
1495 5145 1786 5218 χρησίμως

188 5227 500 5283 ἐκώλυσεν.
535 5226 594 5280 '0
622 5226 678 5280 δέ
703 5225 949 5289 διάϐολος
974 5223 1120 5297 ἔργῳ
1140 5225 1240 5296 μέν
1261 5224 1385 5280 οὐτε
1415 5229 1634 5300 μικρὸν,
1659 5228 1784 5284 οὗτε

190 5311 349 5386 μέγα
400 5311 712 5378 ἐπεδείξατο
741 5310 968 5381 ἀγαθὸν,
1001 5311 1212 5382 ῥήμασι
1240 5311 1298 5364 δέ
1345 5311 1522 5382 ψιλοῖς
1571 5313 1786 5386 ἐπάρας

187 5399 297 5470 τὴν
328 5399 580 5467 γυναῖκα,
621 5396 717 5450 καὶ
766 5397 1020 5467 φυσήσας
1072 5396 1193 5459 ταῖς
1238 5397 1498 5468 ματαίαις
1551 5397 1784 5466 ἐλπίσιν,

188 5480 375 5546 οὕτως
405 5479 710 5552 ἠπάτησεν.
752 5479 896 5534 Ἀλλ’
923 5481 1073 5550 ὅμως
1099 5479 1194 5534 τοῦ
1228 5480 1364 5534 Θεοῦ
1405 5481 1499 5535 τὸν
1539 5481 1786 5538 διάϐολον

190 5563 646 5636 ἀξιοπιστότερον
668 5558 809 5618 εἶναι
835 5563 1078 5636 ἐνόμισε,
1117 5563 1295 5620 καίτοι
1333 5565 1421 5620 διά
1453 5565 1562 5622 τῶν
1605 5566 1786 5639 ἔργων

253 5819 275 5846 ⁸
302 5820 434 5885 Reg.
457 5820 530 5870 ὅτι
556 5821 750 5871 δυνατὸν
764 5820 826 5882 ἦν
844 5826 901 5885 τῇ
923 5823 1123 5884 γυναικί.

1165 342 1264 398 .DE
1299 337 1600 398 DIABOLO
1639 335 2084 394 TENTATORE.
2127 337 2359 399 IIOMIL.
2401 342 2490 397 ιιι.

3345 343 3454 400 ῗτθ

1875 457 2290 532 ἐπιδειξαμένου
2323 461 2422 534 τὴν
2451 460 2683 516 εὔνοιαν·
2743 461 2813 516 τά
2853 463 3076 534 ῥήματα
3118 461 3250 532 ψιλὰ
3281 407 3463 530 προσέ

1875 544 2154 612 ενεγκόντι
2179 546 2316 616 μόνα
2337 587 2352 610 ,
2401 546 2528 602 ἄλλο
2555 544 2614 599 δὲ
2640 545 2815 610 οὐδὲν,
2852 547 3171 601 ἐπίστευσεν
3209 548 3242 619 ἡ
3294 549 3455 619 γυνή.

1885 624 2050 696 Ὁρᾷς
2068 627 2218 691 ὅπως
2241 627 2300 694 ἐξ
2326 629 2514 693 ἀνοίας
2545 629 2714 700 μόνης
2752 629 2846 682 καὶ
2871 629 3177 701 ῥᾳθυμίας,
3217 630 3317 684 οὐκ
3349 630 3460 684 ἀπὸ

1856 706 2049 780 ’βίαςή
2084 709 2268 782 ἀπάτη
2291 711 2485 780 γέγονε
2511 729 2526 776 ;
2558 714 2669 767 Καὶ
2702 713 2788 766 ἵνα
2808 711 2994 786 μάθῃς
3021 713 3154 767 αὐτὸ
3189 713 3458 783 σαφέστε-

1879 807 1991 862 ρον,
2025 791 2276 858 ἄκουσον,
2310 795 2428 858 πῶς
2459 795 2554 849 καὶ
2601 797 2634 868 ἡ
2668 798 2858 869 Γραφὴ
2894 801 3194 870 κατηγορεῖ
3237 799 3338 869 τῆς
3367 816 3462 868 γυ-

1874 875 2081 940 ναικός.
2113 879 2186 930 Οὐ
2216 878 2326 947 γάρ
2352 873 2529 943 εἶπεν,
2567 878 2954 952 Ἀπατηθεῖσα,
2982 881 3119 944 ἀλλ’,
3168 881 3372 937 ’ἰδοῦσα
3397 883 3460 936 τὸ

1877 956 2052 1024 ξύλον,
2087 959 2170 1013 ὄτι
2207 959 2410 1030 ὡραῖόν
2459 961 2630 1026 ἐστιν,
2677 962 2900 1032 ἔφαγεν.
2939 964 3103 1018 Ὥστε
3152 965 3251 1036 τῆς
3281 965 3460 1036 ὅψεως

1874 1045 1974 1116 τῆς
2002 1043 2274 1112 ἀκρατοῦς
2306 1044 2368 1098 τὸ
2397 1043 2670 1115 ἔγκλημα,
2705 1047 2766 1100 οὐ
2793 1049 2894 1118 τῆς
2923 1049 3140 1120 ἀπάτης
3173 1051 3270 1120 τῆς
3307 1051 3461 1122 παρά

1873 1125 1970 1182 τοῦ
1997 1125 2245 1180 διαϐόλου
2269 1127 2446 1198 μόνης
2469 1145 2482 1159 ⁸
2519 1129 2622 1183 67:6
2651 1129 2759 1202 γάρ
2787 1131 2886 1201 τῆς
2926 1131 3221 1202 ἐπιθυμίας
3249 1133 3460 1206 ἡττήθη

1873 1210 1975 1280 τῆς
2007 1211 2236 1275 οἰκείας,
2266 1212 2368 1283 οὐχ
2395 1211 2502 1266 ὐπὸ
2528 1213 2626 1283 τῆς
2650 1213 2914 1284 πονηρίας
2947 1213 3040 1268 τοῦ
3062 1215 3334 1286 δαίμονος.
3360 1215 3460 1270 Διά

1875 1292 2034 1348 τοῦτο
2059 1293 2181 1346 οὐδὲ
2216 1293 2547 1366 συγγνώμης
2573 1295 2911 1367 ἁπήλαυσεν,
2947 1296 3061 1350 ἀλλ’
3093 1297 3344 1364 εἰποῦσα,
3376 1299 3460 1352 ὅτι

1887 1377 1942 1431 '0
1983 1377 2120 1446 ὄφις
2157 1375 2438 1446 ἠπάτησέ
2491 1395 2588 1448 με.
2623 1379 2719 1433 καὶ
2775 1377 2918 1434 οὕτω
2972 1379 3128 1452 δίκην
3151 1380 3316 1435 ἔδωκε
3359 1380 3460 1453 τὴν

1876 1462 2111 1534 ἐσχάτην
2131 1479 2145 1492 ο
2174 1463 2232 1516 ἐν
2260 1462 2396 1535 αὐτῇ
2432 1463 2539 1534 γὰρ
2564 1457 2632 1534 ἦν
2657 1463 2718 1516 τὺ
2755 1465 2830 1535 μὴ
2857 1467 3064 1518 πεσεῖν.
3100 1465 3211 1520 Καὶ
3245 1465 3328 1520 ἵνα
3352 1467 3459 1537 μά-

1877 1543 1976 1618 θῃς
2004 1544 2164 1600 τοῦτο
2188 1545 2544 1617 σαφέστερον,
2587 1546 2718 1617 φέρε
2743 1547 2838 1600 ἐπὶ
2877 1549 2968 1602 τὸν
3015 1547 3135 1602 Ἰὼϐ
3171 1550 3264 1603 τὸν
3301 1549 3460 1619 λόγον

1873 1629 2196 1700 ἀγάγωμεν,
2221 1629 2329 1682 ἀπὸ
2351 1628 2459 1682 τῶν
2482 1631 2824 1701 ἡττηθέντων
2849 1633 2946 1686 ἐπὶ
2973 1633 3062 1686 τὸν
3084 1635 3456 1706 κρατήσαντα,

1877 1711 1984 1767 ἀπὸ
2011 1711 2121 1766 τῶν
2147 1713 2517 1783 νενικημένων
2555 1713 2649 1768 ἐπὶ
2689 1713 2778 1768 τὸν
2813 1715 3136 1787 νενικηκότα
3156 1733 3170 1749 ο
3217 1715 3313 1770 καὶ
3349 1717 3460 1787 γὰρ

1877 1795 2100 1851 πλείονα
2143 1797 2276 1868 ἡμῖν
2308 1788 2464 1860 οὗτος
2489 1795 2652 1849 δώσει
2684 1797 3013 1868 προθυμίαν,
3057 1798 3198 1852 ὥστε
3229 1800 3460 1872 ἀντᾶραι

1877 1882 2067 1950 χεῖρας
2098 1877 2239 1933 κατά
2276 1877 2370 1932 τοῦ
2403 1877 2671 1932 διαϐόλου.
2713 1880 2860 1934 Ἐκεῖ
2889 1881 3010 1950 ὄφις
3048 1877 3115 1952 ἦν
3138 1882 3166 1933 ὁ
3206 1882 3456 1944 ἀπατῶν,

1879 1963 1972 2018 καὶ
1991 1963 2291 2034 ἐκράτησεν
2309 1979 2322 1992 ·
2347 1961 2582 2017 ἐνταῦθα
2603 1963 2763 2036 γυνὴ,
2789 1963 2880 2018 καὶ
2899 1965 2998 2018 οὐκ
3025 1963 3212 2035 ἴσχυσε
3233 1980 3248 1994 ο
3280 1965 3460 2019 καίτοι

1878 2063 1942 2115 γε
1964 2045 2104 2117 αὕτη
2135 2045 2316 2116 πολλῷ
2337 2045 2681 2117 πιθανωτέρα
2701 2046 2935 2102 ἐκείνου.
2967 2048 3078 2101 Καὶ
3098 2046 3178 2118 τῷ
3213 2048 3312 2120 μὲν
3339 2047 3461 2101 Ἰὼϐ

1882 2129 2020 2200 μετά
2047 2129 2145 2202 τὴν
2175 2129 2452 2183 ἀπώλειαν
2487 2128 2598 2182 τῶν
2621 2129 2940 2201 χρημάτων,
2974 2131 3114 2200 μετά
3140 2129 3238 2202 τὴν
3270 2130 3462 2185 ἀποϐο-

1879 2213 1976 2286 λὴν
1995 2214 2104 2267 τῶν
2143 2212 2349 2267 παίδων
2381 2212 2476 2266 καὶ
2505 2212 2603 2284 τὴν
2626 2212 2907 2284 γύμνωσιν
2944 2213 3053 2268 τῶν
3090 2214 3261 2268 ὄντων
3287 2215 3462 2270 ἀπάν-

1878 2315 1986 2354 των
2012 2301 2045 2369 ή
2089 2296 2304 2368 μηχανὴ
2331 2297 2640 2369 προσήγετο
2661 2314 2675 2330 ο
2697 2297 2890 2352 ἐκείδέ
2921 2299 3072 2354 οὐδὲν
3099 2300 3338 2355 τοιοῦτον
3365 2295 3455 2372 ἦν’

1877 2382 1978 2435 οὐκ
2005 2380 2243 2434 ἀπέϐαλε
2266 2381 2482 2444 παῖδας,
2514 2381 2615 2434 οὐκ
2635 2379 2886 2434 ἀπώλεσε
2919 2383 3180 2453 χρήματα
3207 2383 3236 2436 6
3265 2383 3458 2455 Ἀδὰμ,

1878 2465 1978 2520 οὐκ
2006 2463 2100 2518 ἐπὶ
2125 2464 2357 2536 κοπρίας
2383 2463 2636 2534 ἐκάθητο,
2659 2463 2795 2518 ἁ).λά
2823 2464 3150 2534 παράδεισον
3178 2465 3310 2538 ᾤκει
3331 2483 3462 2538 τρυ-

1880 2549 2010 2619 φῆς,
2059 2547 2153 2602 καὶ
2185 2547 2414 2619 δένδρων
2463 2548 2708 2618 ἀπῄλαυε
2759 2546 3112 2602 παντοδαπῶν
3153 2551 3247 2602 καὶ
3280 2551 3464 2622 πηγῆς

1881 2633 1976 2686 καὶ
1997 2631 2255 2702 ποταμῶν
2288 2631 2382 2685 καὶ
2411 2631 2510 2702 τῆς
2531 2631 2698 2702 ἄλλης
2727 2631 2908 2696 ἀδείας
2930 2633 3170 2703 ἀπάσης.
3207 2633 3462 2705 Οὐδαμοῢ

1881 2715 2045 2778 πόνος
2067 2714 2188 2768 οὐδέ
2217 2713 2398 2786 ὀδύνη.
2433 2714 2556 2768 οὐδέ
2601 2713 2809 2784 ἀθυμία
2850 2715 2944 2769 καὶ
2979 2714 3291 2788 φροντίδες,
3341 2717 3467 2770 οὐδέ

1881 2798 2055 2870 ὀνείδη
2087 2798 2180 2851 καὶ
2199 2797 2477 2870 λοιδορίαι,
2508 2797 2627 2850 οὐδέ
2660 2797 2729 2852 τά
2757 2797 2934 2870 μυρία
2957 2798 3124 2863 κακά,
3155 2797 3301 2869 άπερ
3331 2816 3465 2853 κατ-

1882 2881 2120 2952 έσκηψεν
2149 2882 2230 2944 εἰς
2251 2880 2342 2934 τὸν
2384 2881 2502 2934 Ἰώϐ
2527 2898 2540 2910 ·
2567 2880 2680 2934 ἀλλ’
2715 2881 2864 2951 ὅμως
2905 2881 3117 2944 οὐδενὸς
3155 2881 3310 2946 ὄντος
3355 2899 3465 2936 τοι·

1881 2965 2060 3032 ούτου,
2083 2965 2354 3020 κατέπεσε
2381 2966 2477 3019 καὶ
2504 2963 2894 3034 ὐπεσκελίσθη.
2939 2963 3056 3020 Οὐκ
3099 2964 3339 3039 εὔδηλον,
3379 2967 3464 3021 ὅτι

1882 3047 1972 3102 διὰ
2021 3047 2336 3119 ῥαθυμίανς
2387 3047 2596 3119 Ὥσπερ
2629 3043 2721 3101 οὖν
2773 3049 2980 3113 ἐκεῖνος
3009 3049 3226 3104 πάντων
3259 3051 3465 3105 τούτων

1882 3133 2246 3200 ἐπικειμένων
2274 3129 2368 3185 καὶ
2418 3129 2730 3208 βαρούντων
2783 3131 2916 3203 ἐστη
2947 3133 3232 3201 γενναίως,
3261 3135 3356 3188 καὶ
3399 3135 3462 3188 οὐ

1883 3216 2207 3284 κατέπεσεν,
2224 3215 2324 3269 οὐκ
2343 3209 2564 3285 εὔδηλον
2577 3215 2658 3268 ὅτι
2679 3215 2772 3268 καὶ
2792 3209 2948 3279 οὗτος
2963 3216 3051 3269 διὰ
3070 3217 3230 3288 νῆψιν
3249 3217 3460 3289 ψυχῆς

1986 3306 2049 3356 ε’.
2081 3295 2450 3369 Ἐκατέρωθεν
2463 3293 2575 3364 οὖν,
2593 3297 2863 3372 ἀγαπητέ,
2881 3299 3173 3372 κάρπωσαι
3206 3301 3466 3371 μέγιστον

1887 3383 2096 3458 κέρδος,
2135 3381 2230 3436 καὶ
2257 3380 2396 3451 φύγε
2444 3381 2536 3433 τὸν
2580 3380 2672 3434 τοῦ
2719 3381 2890 3452 ’Λδάμ
2943 3381 3124 3452 ζῆλον,
3177 3383 3332 3448 εἰδὼς
3361 3384 3464 3437 ὅσα

1885 3467 1995 3523 ἀπὸ
2015 3467 2112 3537 τῆς
2143 3464 2412 3538 ῥᾳθυμίας
2441 3464 2589 3518 τίκτε
2602 3481 2680 3518 ται
2695 3465 2875 3518 κακά·
2897 3463 3139 3537 ζήλωσον
3157 3465 3214 3520 δέ
3242 3466 3340 3538 τὴν
3366 3465 3462 3520 τοῦ

1897 3551 2016 3606 Ἰὼϐ
2038 3549 2344 3614 εὐλάϐειαν,
2373 3542 2560 3621 μαθὼν
2589 3550 2689 3602 ὃσα
2713 3548 2821 3604 ἀπὸ
2849 3549 2948 3622 τῆς
2975 3549 3211 3621 σπουδῆς
3227 3549 3464 3621 βλαστά-

1885 3653 1964 3689 νει
1991 3633 2156 3688 καλά’
2190 3631 2379 3688 τοῦτον
2406 3631 2696 3696 διαπαντὸς
2729 3631 2946 3702 λογίζου
2981 3633 3074 3686 τὸν
3115 3634 3463 3706 στεφανίτην,

1886 3719 1982 3773 καὶ
2003 3718 2180 3788 πάσης
2199 3715 2392 3788 ὀδύνης
2413 3716 2507 3770 καὶ
2527 3716 2900 3787 περιστάσεως
2919 3717 3108 3788 ἱκανὴν
3125 3717 3268 3784 ἕξεις
3292 3735 3467 3786 παρα·

1880 3803 2106 3876 μυθίαν.
2124 3799 2388 3872 Καθάπερ
2401 3799 2508 3872 γάρ
2526 3801 2582 3853 ἐν
2599 3801 2762 3872 κοινῷ
2786 3800 2996 3874 θεάτρῳ
3016 3802 3118 3872 τῆς
3141 3803 3467 3874 οἰκουμένης

1887 3885 2058 3952 ἑστὼς
2074 3888 2110 3940 -ὁ
2130 3885 2397 3959 μακάριος
2423 3885 2517 3938 καὶ
2536 3887 2784 3953 γενναῖος
2805 3886 3030 3950 ἐκεῖνος,
3049 3885 3221 3938 άπασι
3251 3886 3340 3940 διὰ
3359 3888 3470 3940 τῶν

1889 3969 2310 4042 συμϐεϐηκότων
2343 3965 2492 4038 αὐτῷ
2519 3965 2708 4022 παθῶν
2737 3967 3042 4036 διαλέγεται
3075 3968 3250 4022 πάντα
3279 3969 3468 4040 φέρειν

1885 4053 1955 4108 τὰ
1987 4053 2368 4123 συμπίπτοντα
2391 4051 2672 4120 γενναίως,
2706 4052 2802 4104 καὶ
2836 4051 2973 4122 πρὸς
3003 4051 3171 4122 μηδὲν
3207 4051 3467 4106 ἐνδιδόναι

1883 4138 1990 4192 τῶν
2013 4138 2274 4191 ἐπιόντων
2302 4135 2512 4190 δεινῶν.
2542 4135 2616 4190 Οὐ
2643 4134 2750 4206 γάρ
2779 4134 2946 4200 ἔστιν,
2997 4135 3098 4190 οὐκ
3132 4135 3278 4190 ἔστιν
3314 4137 3468 4191 οὐδὲν

1885 4223 2224 4295 ἀνθρώπινον
2245 4219 2436 4285 πάθος,
2458 4219 2488 4274 6
2515 4219 2588 4292 μὴ
2617 4219 2836 4275 δύναται
2869 4221 3226 4293 παραμυθίαν
3253 4221 3466 4276 ἐκεῖθεν

1884 4307 2138 4374 δέξασθαι
2157 4323 2170 4336 ·
2201 4304 2236 4360 ἃ
2267 4303 2376 4377 γὰρ
2407 4305 2466 4358 ἐν
2498 4304 2646 4377 πάσῃ
2701 4305 2768 4375 τῇ
2812 4305 3104 4378 οἰκουμένῃ
3145 4305 3469 4378 διέσπαρται

1889 4392 2059 4464 πάθη,
2083 4390 2252 4444 ταῦτα
2278 4387 2415 4460 ὁμοῦ
2443 4387 2764 4441 συνελθόντα
2781 4389 2862 4450 είς
2887 4387 2944 4443 ἒν
2967 4387 3125 4460 σῶμα
3153 4389 3468 4460 κατέσκηψε

1884 4479 1946 4532 τὸ
1971 4477 2200 4530 ἐκείνου.
2233 4475 2328 4538 Τίς
2349 4469 2441 4528 οὖν
2463 4472 2615 4526 ἔσται
2645 4473 2941 4544 συγγνώμη
2970 4473 3046 4544 τῷ
3073 4473 3151 4546 μὴ
3185 4475 3469 4546 δυναμένῳ

1885 4582 1938 4618 τι
1971 4563 2133 4635 μέρος
2153 4561 2261 4613 τῶν
2289 4556 2636 4629 ἐπαχθέντων
2663 4557 2857 4628 ἐκείνῳ
2880 4557 3069 4612 δεινῶν
3097 4559 3214 4630 μετ’
3242 4560 3470 4632 εὐχαρι-

1886 4648 2042 4712 στίας
2068 4643 2220 4720 [274]
2241 4645 2506 4712 ἐνεγκεῖν,
2528 4642 2588 4706 ὃς
2614 4641 2690 4714 μὴ
2724 4643 2888 4715 μέρος
2919 4645 3100 4716 μόνον,
3117 4643 3474 4715 ἀλλ’ὁλόκλη-

1889 4750 1960 4806 ρα
1984 4731 2233 4802 φαίνεται
2259 4729 2326 4783 τὰ
2359 4727 2576 4782 πάντων
2603 4727 2907 4800 ἀνθρώπων
2937 4729 3120 4804 φέρων
3148 4729 3326 4792 κακὰς
3363 4731 3473 4786 Καὶ

1888 4818 1974 4872 ἴνα
1997 4815 2076 4888 μὴ
2095 4811 2380 4884 καταγνῷς
2400 4810 2706 4883 ὑπερϐολὴν
2723 4811 2818 4866 τοῦ
2838 4812 3021 4881 λόγου,
3039 4813 3172 4886 φέρε
3197 4814 3322 4870 καθ’
3350 4816 3474 4871 ἐκα.

1890 4917 2014 4956 στον
2071 4897 2550 4970 προχειρισάμενοι
2606 4895 2716 4948 τῶν
2765 4895 3100 4952 ἐπελθόντων
3145 4897 3314 4970 αὐτῷ,
3371 4898 3474 4970 τὴν

1888 4985 2182 5056 ὑπόσχεσιν
2211 4981 2417 5053 ταύτην
2442 4981 2758 5060 ἐπάγωμεν.
2785 4981 2914 5046 Καὶ,
2948 4984 2998 5036 εί
3019 4980 3219 5054 βούλει,
3250 4984 3312 5039 τὸ
3337 4984 3474 5039 πάνυ

1885 5085 1994 5122 των
2026 5065 2432 5139 ἀφορητότερον
2463 5059 2606 5119 εἶναι
2635 5059 2860 5129 δοκοῦν,
2903 5065 3120 5136 πρῶτον
3172 5069 3254 5132 είς
3304 5069 3472 5140 μέσον

1889 5151 2206 5222 ἀγάγωμεν,
2241 5149 2341 5222 τὴν
2368 5148 2560 5204 πενίαν
2587 5147 2750 5218 λέγω,
2787 5147 2886 5202 καὶ
2906 5150 3008 5220 τὴν
3039 5151 3104 5204 ἐκ
3126 5149 3326 5222 ταύτης
3355 5150 3476 5206 ὀδύ-

1888 5251 1986 5307 νην
2007 5251 2020 5265 ·
2049 5233 2210 5288 τοῦτο
2232 5234 2341 5304 γὰρ
2365 5231 2646 5302 πανταχοῦ
2676 5231 2878 5296 πάντες
2893 5232 3168 5305 ἄνθρωποι
3190 5232 3470 5304 θρηνοῦσι.

1889 5317 1954 5372 Τί
1982 5312 2075 5372 οὖν
2102 5316 2198 5372 τοῦ
2239 5315 2362 5370 Ἰὼϐ
2393 5317 2716 5389 πενέστερον
2747 5317 2775 5358 1³
2806 5317 3049 5386 γέγονεν,
3075 5317 3135 5382 ὃς
3159 5316 3252 5371 καὶ
3277 5317 3388 5372 τῶν
3413 5319 3474 5372 ἐν

1890 5400 2193 5474 βαλανείοις
2225 5399 2599 5473 ἐρριμμένων,
2629 5399 2726 5455 καὶ
2751 5400 2862 5454 τῶν
2885 5401 2944 5453 ἐν
2965 5403 3032 5471 τῇ
3063 5401 3352 5474 καμινιαίᾳ
3385 5402 3476 5456 τέ⁴

1889 5503 2004 5559 φρᾳ
2029 5485 2397 5540 καθευδόντων
2411 5525 2427 5552 ,
2461 5485 2556 5540 καὶ
2588 5485 2807 5540 πάντων
2839 5484 3021 5548 ἁπλῶς
3047 5482 3348 5556 ἀνθρώπων
3377 5504 3477 5542 πε.

1887 5571 2142 5643 νέστερος
2168 5565 2270 5640 ἦν;
2297 5564 2456 5624 Οὗτοι
2495 5568 2596 5639 μὲν
2623 5567 2734 5640 γάρ
2753 5567 2856 5624 κᾶν
2887 5568 3098 5640 ἱμάτιον
3127 5567 3308 5640 έχουσι
3331 5569 3476 5644 διερ-

1954 5823 1984 5863 5
2009 5824 2117 5876 Duo
2141 5839 2256 5876 mss.
2277 5825 2346 5883 τίς
2369 5823 2450 5874 οὖν
2483 5824 2599 5876 Ἰὼϐ
2612 5825 2909 5890 πενέστερος.
