3894 6226
185 254 288 311 271
1186 254 1274 314 DE
1313 257 1609 316 DIABOLO
1649 259 2086 320 TENTATORE.
2131 262 2361 320 llOMlL.
2403 260 2486 318 ιιῐ.

187 370 473 434 amictum,
500 364 644 438 διηενί
673 363 952 434 putredine
986 362 1216 434 undique
1246 371 1558 436 corruperat
1596 360 1782 417 diabo-

190 460 300 513 lus.
333 458 569 513 Rursum
596 457 647 510 hi
681 471 940 527 pauperes
967 455 1154 511 saltem
1177 455 1445 510 subtectis
1474 463 1598 510 sunt
1616 454 1782 508 vcsti-

191 549 448 605 liulorum
477 550 529 604 in
552 549 775 612 balneis,
803 548 990 602 saltem
1013 546 1230 602 latibulo
1252 556 1518 616 teguntur;
1546 547 1636 602 ille
1657 560 1783 601 vero

191 641 297 695 sub
319 640 410 696 dio
429 651 584 696 nocte
609 639 801 709 dieque
828 654 1040 709 semper
1059 639 1302 709 degebat,
1333 654 1506 708 neque
1527 638 1784 708 simplicis

193 734 327 788 tccti
368 734 615 790 solatium
672 747 771 785 nae
798 747 857 784 ns
883 746 897 783 :
927 730 1172 801 quodque
1199 729 1411 801 gravius
1435 737 1544 793 est,
1578 730 1629 783 hi
1669 728 1785 799 qui-

190 826 319 879 dem
347 824 631 881 multorum
660 823 758 877 sibi
784 821 1041 876 malorum
1080 821 1279 876 conscii
1319 830 1478 887 sunt;
1520 820 1607 875 ille
1658 835 1786 874 vero

193 918 397 973 nullius
416 916 514 971 sibi
536 916 782 971 conscius
804 924 916 969 erat
939 916 979 970 ¹.
1007 915 1117 969 Hoc
1133 924 1308 969 autem
1338 914 1388 967 in
1411 914 1628 984 singulis
1650 927 1755 983 quo
1770 945 1785 954 -

196 1023 305 1077 que
320 1008 532 1063 casibus
548 1006 937 1062 observandqu
961 1014 1043 1060 est
1065 1025 1079 1060 :
1103 1004 1244 1076 quod
1266 1021 1394 1059 sane
1415 1007 1668 1075 majorem
1689 1007 1786 1074 ipsi

195 1101 443 1156 dolorem
484 1102 848 1170 maioremque
889 1100 1208 1154 anxietatem
1241 1099 1507 1167 pariebat,
1540 1098 1678 1167 quod
1721 1112 1787 1152 ne

195 1208 416 1248 causam
444 1192 656 1263 quidem
686 1190 1104 1261 contiugrntium
1151 1190 1410 1244 malorum
1452 1198 1647 1243 nosset.
1684 1189 1783 1250 Illi,

199 1283 441 1354 inquam,
469 1282 536 1336 de
561 1281 741 1336 multis
765 1296 823 1335 se
844 1295 1095 1336 accusare
1123 1290 1401 1350 potuerunt
1435 1299 1448 1335 :
1477 1294 1574 1334 nec
1603 1296 1784 1349 parum

203 1376 336 1430 illud
364 1375 428 1429 ad
455 1376 871 1429 eouslvlationem
903 1374 1083 1443 juvat,
1132 1388 1251 1427 cum
1283 1373 1402 1443 jure
1458 1373 1556 1428 sibi
1606 1388 1788 1442 pinnas

201 1464 369 1536 lnﬂigi
418 1466 748 1536 agnoscitur;
782 1465 872 1520 ille
910 1475 1086 1519 autem
1119 1464 1217 1519 hac
1245 1479 1441 1519 vacuus
1464 1474 1790 1520 eratconso-

200 1562 419 1626 latione,
448 1570 500 1614 et
551 1574 669 1615 cum
694 1558 853 1613 vitam
889 1560 1082 1613 virtute
1112 1558 1319 1626 plenam
1366 1556 1638 1622 duxisset,
1690 1572 1788 1610 cx-

200 1667 371 1711 trcma
399 1652 924 1710 sceleratissimorum
947 1650 1202 1721 supplicia
1235 1649 1428 1705 luebat.
1462 1650 1544 1710 lli.
1576 1649 1664 1718 qui
1698 1663 1789 1717 pe-

194 1763 298 1803 nes
325 1760 424 1800 nos
450 1755 595 1811 sunt,
629 1758 888 1814 pauperes
910 1743 1019 1813 jam
1048 1744 1173 1798 olim
1201 1757 1228 1795 a
1257 1742 1513 1811 principio
1548 1740 1669 1796 huic
1692 1756 1785 1791 ca-

201 1836 426 1891 lamitati
454 1844 578 1890 sunt
607 1835 840 1899 assueti;
871 1834 959 1889 ille
980 1849 1109 1889 vero
1138 1833 1461 1903 inopinatam
1507 1833 1623 1887 tulit
1654 1848 1785 1900 pau-

198 1926 764 1999 pertatem,confestim
783 1924 1357 1994 divitiarumjacturam
1376 1922 1778 1995 passus.Quem.

195 2020 485 2077 admodum
530 2020 687 2091 igitur
722 2033 935 2076 causam
991 2017 1517 2073 calamitatumnosse
1537 2029 1783 2085 magnunt

195 2110 356 2167 affert
387 2111 453 2167 ad
468 2111 885 2167 consolationem
916 2117 1267 2175 momentum,
1295 2107 1367 2163 ita
1393 2122 1496 2163 nou
1524 2105 1782 2161 minorem

200 2203 341 2271 parit
371 2202 422 2256 in
453 2210 759 2274 paupertate
782 2200 994 2272 degenti
1030 2201 1251 2271 pristina
1281 2197 1520 2269 ejusdem
1560 2212 1779 2268 pauper-

195 2295 324 2350 tatis
338 2296 644 2350 exercitatio
676 2312 690 2349 :
717 2302 1065 2362 utrorumque
1092 2301 1266 2347 autem
1290 2291 1465 2360 justus
1486 2289 1574 2344 ille
1593 2304 1784 2358 eXpers

197 2396 337 2451 erat,
368 2399 540 2456 neque
571 2396 743 2441 tamen
765 2386 843 2439 sic
870 2385 1048 2438 animo
1077 2382 1327 2439 concidit.
1362 2380 1547 2437 Vidisti
1584 2396 1704 2435 eum
1729 2380 1780 2433 in

192 2488 490 2533 extremam
516 2477 787 2533 redactum
815 2486 1200 2547 paupertatem,
1219 2475 1300 2530 cui
1332 2474 1519 2531 similis
1534 2473 1681 2530 nulla
1694 2488 1781 2528 es-

192 2585 258 2624 se
278 2569 488 2638 potest?
510 2568 633 2638 quid
662 2569 804 2625 enim
834 2568 977 2623 nudo
994 2576 1243 2638 tectoque.
1257 2574 1472 2621 carente
1497 2564 1782 2635 pauperies

190 2660 401 2715 fuerit?
429 2661 539 2715 Imo
562 2661 650 2715 ille
676 2676 742 2715 ne
770 2659 985 2730 quidem
1009 2658 1179 2713 solum
1206 2672 1311 2727 quo
1339 2655 1594 2727 gauderet
1620 2654 1781 2708 habe-

192 2751 326 2817 bat;
356 2766 530 2822 neque
556 2750 696 2806 enim
714 2752 769 2805 in
796 2762 936 2806 terra
956 2792 971 2817 ,
1002 2750 1096 2805 sed
1116 2751 1166 2803 in
1195 2749 1321 2802 limo
1337 2747 1573 2803 sedebat.
1599 2746 1779 2815 Itaque

187 2858 314 2897 cum
337 2848 390 2898 te
416 2842 615 2897 videris
642 2851 951 2912 paupertate
994 2840 1268 2902 afﬂictum.
1291 2840 1461 2910 cogita
1485 2838 1608 2909 justi
1638 2837 1777 2891 illius

187 2932 546 2988 calamitatem
567 2933 849 3002 statimque
869 2933 1104 2986 animum
1121 2932 1312 3002 eriges,
1334 2938 1388 2985 et
1406 2945 1616 2985 omnem
1639 2945 1777 2984 mo:-

189 3022 332 3077 roris
357 3023 644 3093 cogitatum
674 3021 925 3093 repelles.
953 3024 1128 3092 Atque
1156 3023 1269 3077 hac
1316 3021 1527 3092 quidem
1554 3022 1773 3076 calami-

190 3124 276 3168 tas
294 3114 534 3169 omnium
565 3114 826 3169 malorum
853 3112 1005 3184 quasi
1034 3111 1435 3168 fundamentum
1475 3111 1776 3166 hominibus

185 3219 311 3261 esse
347 3204 589 3271 videtur;
630 3205 794 3261 altera
825 3220 951 3262 vero
977 3206 1259 3276 posterior,
1289 3204 1395 3260 imo
1438 3204 1612 3275 prior,
1663 3210 1777 3259 erat

189 3299 433 3368 corporis
455 3299 627 3368 plaga.
644 3298 775 3365 Quis
796 3312 1045 3368 umquam
1077 3296 1180 3352 hoc
1203 3296 1372 3351 morbi
1398 3311 1598 3367 genere
1622 3295 1773 3351 labo-

187 3388 361 3444 ravit?
384 3389 501 3459 quis
532 3389 688 3445 talem
707 3385 1073 3460 aegritudinem
1116 3387 1276 3443 tulit?
1300 3388 1418 3457 quis
1439 3387 1593 3441 talem
1615 3402 1773 3441 exce-

188 3480 267 3549 pit
294 3479 522 3551 plagam,
549 3488 644 3537 aut
660 3480 823 3535 alium
850 3479 1199 3549 excipientem
1223 3478 1394 3535 vidit?
1429 3477 1599 3533 Nemo
1622 3492 1771 3535 sane.

188 3572 447 3626 Paulatim
475 3572 571 3641 ipsi
612 3586 808 3640 corpus
831 3570 1225 3636 absumebatur,
1262 3568 1504 3625 membra
1540 3568 1774 3637 undique

189 3662 461 3717 vermibus
500 3662 798 3728 scatebant,
818 3670 1108 3732 perpetuus
1127 3670 1240 3716 erat
1258 3660 1346 3715 ille
1370 3658 1563 3725 fluxus,
1594 3668 1647 3713 ct
1671 3659 1773 3715 fm-

190 3762 279 3807 tor-
302 3751 533 3824 undique
553 3753 917 3824 gravissimus,
948 3768 1247 3824 corpusque
1271 3752 1396 3807 dum
1427 3751 1506 3808 sic
1525 3752 1769 3821 paulatim

187 3845 431 3899 interiret
457 3853 673 3899 ettanta
700 3844 980 3915 putredine
1007 3845 1320 3910 tabesceret,
1353 3845 1587 3913 ingratos
1612 3844 1770 3897 etiam

187 3935 337 3991 cibos
363 3935 635 4002 reddebat,
662 3937 933 4007 famesque
956 3938 1027 3991 illi
1052 3947 1165 3990 erat
1184 3936 1390 3991 insolita
1419 3936 1769 3991 incredibilis.

186 4044 292 4098 que
321 4043 338 4083 :
365 4045 537 4098 neque
566 4030 706 4084 enim
730 4030 909 4085 oblato
957 4029 1076 4084 cibo
1107 4028 1209 4084 frui
1257 4039 1483 4098 poterat.
1520 4028 1768 4083 Fmtorem

184 4119 351 4187 enim,
374 4120 561 4189 inquit,
586 4120 727 4175 video
746 4136 851 4175 esse
870 4120 1003 4174 cibos
1028 4137 1159 4174 meos
1178 4118 1296 4192 (Job
1325 4119 1378 4175 6.
1428 4121 1503 4190 7).
1520 4119 1653 4175 Cum
1679 4136 1770 4175 cr-

185 4210 328 4279 δοίη
370 4212 614 4265 morbum
663 4210 1190 4278 ineideris,obomo,
1236 4211 1770 4280 recerdarecorporis

184 4300 328 4356 illius
354 4311 655 4372 sanctaque
683 4301 859 4356 carnis
885 4318 899 4355 :
929 4309 1109 4356 sancta
1136 4302 1329 4373 quippe
1349 4311 1462 4357 erat
1489 4312 1646 4371 atque
1675 4318 1772 4372 pu-

185 4407 279 4458 ra,
306 4390 430 4448 licet
481 4393 563 4447 bis
587 4392 896 4448 vulneribus
945 4391 1156 4448 affecta.
1206 4392 1407 4464 Siquis
1453 4396 1503 4448 in
1531 4396 1769 4450 exercitu

186 4486 392 4554 positus
441 4485 634 4556 injuste
675 4486 924 4557 nullaque
950 4488 1138 4542 saltem
1186 4485 1446 4556 probabili
1493 4486 1561 4541 de
1609 4500 1769 4541 eausa

187 4579 331 4649 ligno
375 4591 684 4647 suspensus,
712 4580 874 4632 latera
900 4578 999 4633 sibi
1040 4578 1259 4633 lacerari
1318 4577 1524 4641 videat,
1571 4592 1771 4646 nequa-

183 4686 344 4741 quam
368 4670 418 4726 id
444 4671 747 4742 ignomiuia:
772 4670 888 4725 loco
914 4670 1125 4731 habeat.
1152 4686 1323 4741 neque
1341 4685 1400 4725 se
1428 4669 1613 4725 dolore
1642 4685 1770 4725 con-

190 4762 278 4817 ﬁci
307 4761 467 4827 sinat,
495 4773 737 4819 sanctum
765 4763 911 4817 illum
939 4761 1196 4817 memoria
1225 4771 1493 4831 repetens.
1545 4762 1614 4819 At
1653 4760 1766 4828 ille,

188 4855 419 4925 inquies,
437 4867 700 4909 summam
729 4853 915 4909 habuit
940 4854 1384 4916 consolationem,
1414 4852 1556 4922 quod
1608 4854 1769 4908 sciret

190 4949 357 5001 Deum
387 4945 504 5001 haec
536 4946 636 5002 sibi
665 4945 925 5016 infligere.
957 4947 1115 5017 Atqui
1147 4949 1248 5002 hoc
1291 4948 1462 5017 ipsum
1500 4946 1665 5017 magis
1707 4946 1770 5000 il-

186 5038 295 5091 lum
354 5037 600 5092 turbabat
636 5036 1044 5108 afﬂigebatque,
1083 5038 1225 5108 quod
1273 5038 1531 5109 cogitaret
1567 5038 1766 5108 justum

189 5132 378 5195 Deum,
429 5145 585 5201 quem
616 5132 730 5201 ipse
759 5132 902 5187 omni
934 5132 1094 5187 modo
1115 5132 1398 5197 coluisset,
1453 5148 1636 5187 secum
1671 5149 1767 5202 pu-

185 5238 375 5294 gnare.
398 5223 506 5280 Nec
534 5224 698 5280 ullam
720 5225 802 5280 vel
835 5223 1161 5295 probabilem
1182 5240 1388 5291 eorum,
1415 5240 1534 5294 qua:
1558 5226 1765 5281 accide-

189 5320 334 5379 bant.
365 5331 581 5372 causam
620 5318 854 5387 reperire
880 5325 1102 5386 poterat.
1124 5315 1252 5371 Nam
1282 5317 1367 5372 ubi
1393 5316 1605 5372 demum
1635 5332 1767 5372 cau-

185 5422 301 5462 sam
325 5407 545 5471 didicit,
591 5407 711 5463 vide
737 5417 986 5479 quautam
1009 5409 1257 5480 pietatem
1287 5409 1604 5465 exhibuerit.
1633 5411 1767 5468 Cum

185 5497 329 5553 enim
352 5496 424 5552 illi
450 5499 584 5553 Deus
603 5497 736 5554 dixit
766 5514 780 5552 :
813 5498 989 5554 Alione
1009 5510 1155 5568 putas
1184 5501 1330 5555 modo
1353 5518 1426 5555 me
1452 5502 1539 5557 tibi
1561 5504 1765 5557 oracula

247 5699 269 5732 ι
298 5696 422 5750 Vide
450 5702 614 5747 notam
640 5697 863 5747 Graecam

3353 257 3487 314 273'

1889 362 2099 429 fudisse,
2127 380 2276 433 quam
2297 376 2349 419 ut
2370 368 2542 437 justus
2570 381 2836 435 apparares
2861 366 2983 440 (Job
3012 370 3100 428 40.
3122 369 3218 445 8)?
3254 380 3469 442 percul-

1889 469 1979 508 sus
2007 456 2093 510 ille
2124 457 2397 527 respondit
2425 477 2438 512 :
2466 457 2671 511 Manum
2698 474 2882 529 ponam
2905 475 3055 530 super
3076 477 3131 515 os
3159 477 3358 518 meum:
3382 480 3464 518 se-

1888 549 1987 600 mel
2007 547 2239 615 loquutus
2259 566 2390 616 sum,
2408 549 2624 604 secundo
2650 567 2748 604 non
2770 551 2954 603 addant
2995 550 3099 618 (lb.
3128 568 3176 605 υ.
3199 553 3252 608 4.
3285 554 3339 623 5)
3365 570 3380 607 :
3407 570 3469 610 ac
3496 576 3499 579 '

1891 655 2122 707 rursum,
2148 640 2315 711 Usque
2333 642 2400 694 ad
2436 642 2575 695 auris
2596 642 2825 694 auditum
2848 643 3017 695 audivi
3035 653 3081 697 te
3103 653 3287 708 antea;
3335 661 3470 698 nunc

1890 740 2056 784 autem
2077 732 2249 785 oculus
2268 748 2404 786 meus
2422 732 2544 786 vidtt
2564 743 2629 793 te.
2652 732 2819 800 Quare
2834 735 3078 802 meipsum
3103 734 3250 787 vilem
3267 745 3471 805 reputa-

1892 824 1957 884 vi,
2005 833 2051 875 et
2076 822 2276 876 extabui
2304 839 2323 879 :
2348 825 2572 894 reputavi
2597 834 2764 877 autem
2789 825 3032 895 mcipsunt
3048 835 3233 880 terram
3262 836 3306 880 at
3336 828 3474 882 cina:-

1890 929 1995 966 rem
2025 910 2181 984 (Job.
2206 912 2297 968 ηιξ.
2317 913 2369 969 5.
2404 914 2479 985 6).

1964 1005 2016 1059 6.
2057 1006 2210 1071 Quod
2240 1007 2283 1060 si
2312 1005 2425 1060 lucc
2448 1004 2576 1062 satis
2603 1006 2669 1063 ad
2695 1008 3110 1063 consolationem
3139 1026 3255 1063 esse
3285 1021 3487 1079 putas,.

1894 1097 2093 1164 poteris
2115 1105 2169 1152 et
2197 1098 2306 1167 ipse
2338 1098 2436 1152 hac
2463 1098 2828 1153 consolatione
2852 1100 2972 1153 frui.
3014 1098 3145 1154 Nam
3192 1100 3314 1154 licet
3362 1115 3485 1153 non:

1892 1203 1989 1257 pro
2018 1188 2125 1241 Deo
2153 1187 2349 1259 aliquid
2378 1188 2500 1242 mali
2529 1188 2815 1254 sustineas,
2840 1189 2931 1243 sed
2961 1204 3025 1244 ex
3059 1189 3329 1244 hominum
3366 1207 3465 1245 tm-

1892 1290 2157 1347 cumcnto,
2176 1282 2219 1336 si
2240 1283 2436 1352 gratias
2452 1283 2626 1353 egeris
2651 1295 2750 1337 nec
2772 1280 3226 1350 blaSpltemaveris
3252 1281 3303 1335 in
3323 1298 3465 1345 cum,

1892 1375 1981 1444 qui
2010 1375 2269 1446 impedire
2294 1375 2507 1447 quidem
2537 1382 2766 1444 poterat,
2808 1374 2901 1428 sed
2926 1372 2991 1427 ad
3020 1383 3161 1429 tuam
3196 1375 3467 1445 probatio-

1894 1484 2014 1522 nem
2054 1469 2311 1538 permisit,
2362 1470 2500 1524 sicut
2526 1469 2563 1522 ii
2581 1468 2669 1538 qui
2720 1476 2934 1538 prepter
2982 1466 3147 1521 Deum
3199 1466 3471 1536 patiuntur

1892 1560 2320 1625 coronantur,sic
2344 1569 2397 1614 et
2423 1570 2478 1614 tu
2507 1557 2747 1614 eamdem
2768 1556 3114 1625 consequeris
3141 1557 3462 1623 mercedem,

1892 1654 2012 1722 quia
2040 1652 2213 1708 illatas
2242 1652 2332 1707 tibi
2354 1653 2421 1707 ab
2452 1651 2754 1706 hominibus
2777 1650 3107 1704 calamitates
3136 1649 3343 1704 fortiter
3388 1660 3470 1704 tu-

1894 1745 2021 1811 listi,
2048 1748 2167 1800 etei
2197 1747 2425 1815 quicum
2455 1745 2569 1798 illas
2597 1742 2879 1813 prohibere
2918 1749 3132 1810 posset,
3188 1741 3357 1794 noluit
3385 1750 3469 1795 ta-

1893 1850 2036 1901 men,
2053 1834 2432 1907 gratiasegisti.
2449 1834 2586 1889 Ecce
2612 1834 2770 1904 igitur
2789 1843 2841 1888 et
2865 1841 3226 1902 paupertatem
3248 1842 3301 1886 et
3327 1849 3473 1886 πηοεν

1891 1927 2013 1983 bum
2038 1943 2194 1998 supra
2218 1927 2432 1982 modum
2462 1942 2672 1980 omnem
2690 1926 2834 1996 justo
2858 1926 3058 1980 illatum
3072 1924 3268 1980 vidisti.
3303 1923 3469 1979 Visne

1890 2020 2047 2074 etiam
2079 2029 2135 2073 ut
2164 2019 2380 2085 bellant,
2410 2018 2549 2088 quod
2581 2018 2677 2087 ipsi
2710 2028 2893 2071 natura
2917 2017 3112 2082 intulit,
3135 2016 3322 2071 eodem
3345 2031 3468 2070 cum

1891 2111 2090 2180 impetu
2120 2110 2306 2165 fortem
2341 2112 2511 2165 virum
2544 2109 2802 2163 invasisse
2840 2108 3158 2163 ostendam?
3185 2108 3374 2161 Decem
3409 2106 3471 2159 li-

1890 2203 1990 2257 lios
2016 2202 2267 2272 perdidit,
2294 2201 2479 2256 decem
2510 2200 2687 2261 simul.
2717 2199 2900 2254 decem
2937 2199 3123 2254 eodem
3171 2194 3481 2267 juventutis:

1888 2294 2040 2359 ﬂore,
2069 2294 2253 2349 decem
2285 2294 2478 2347 virtute
2502 2294 2769 2361 prmditos,
2818 2306 2915 2346 nec
2944 2289 3211 2344 communi
3262 2294 3466 2341 natura:

1889 2386 2026 2457 lege,
2055 2385 2149 2441 sed
2182 2384 2409 2439 violenta
2439 2381 2836 2452 miserabilique
2881 2389 3071 2434 morte.
3126 2378 3255 2445 Quis
3304 2376 3465 2431 talem

1886 2479 2241 2534 calamitatem
2294 2476 2596 2546 exprimere
2651 2474 2859 2530 valeat?
2915 2472 3084 2528 Nemo
3121 2488 3270 2528 sane.
3330 2470 3462 2526 Cum

1886 2584 2083 2640 ergoet
2111 2569 2278 2623 lilium
2298 2578 2353 2623 et
2390 2567 2554 2622 tiliam
2602 2566 2760 2621 simul
2802 2565 3085 2630 amiseris,
3136 2578 3350 2618 recurre
3395 2563 3463 2616 ad

1880 2662 2081 2733 justum
2112 2662 2282 2728 illum,
2311 2659 2638 2732 multamque
2659 2657 2979 2713 nancisceris
3019 2655 3458 2711 consolationem.

1884 2755 2018 2810 Num
2047 2754 2163 2810 lucc
2191 2763 2394 2810 tantum
2417 2754 2518 2823 ipsi
2544 2752 2789 2808 accidere
2813 2751 2993 2806 mala?
3025 2748 3330 2803 Amicorum
3379 2749 3462 2802 iu—

1884 2860 2046 2915 super
2072 2843 2302 2899 defectio
2328 2853 2377 2900 et
2403 2843 2654 2914 proditio,
2679 2851 2992 2905 scommata,
3022 2839 3259 2895 convicia
3280 2881 3295 2903 ,
3324 2837 3465 2892 deri-

1882 2939 2083 3005 siones,
2106 2938 2260 2993 sanni
2284 2956 2297 2992 :
2325 2938 2392 2993 ab
2419 2936 2663 2991 omnibus
2692 2945 2871 2990 autem
2904 2931 3139 2988 divexari
3178 2946 3333 3000 quam
3380 2932 3460 2983 in-

1885 3027 2214 3082 toleraudum
2245 3026 2431 3081 fuerit!
2465 3026 2580 3081 Non
2608 3026 2749 3080 enim
2775 3028 2844 3077 ita
2866 3037 3221 3078 :crumuarum
3249 3029 3460 3085 natura,

1882 3128 1943 3175 ut
1961 3119 2017 3186 ii,
2048 3118 2135 3188 qui
2162 3118 2315 3174 nobis
2336 3131 2603 3171 azrunmas
2624 3117 2969 3185 exprobrant,
2998 3114 3248 3169 mordere.
3300 3113 3455 3165 solet.

1883 3210 1996 3266 Non
2027 3209 2187 3266 modo
2208 3225 2313 3263 non
2343 3209 2548 3274 aderat,
2604 3207 2696 3278 qui
2736 3207 3129 3271 consolaretur;
3178 3204 3269 3259 sed
3308 3204 3463 3257 multi

1883 3301 2114 3372 undique
2135 3301 2404 3356 instabant
2427 3299 2812 3355 conviciantes.
2840 3297 3105 3365 Videsqne
3156 3297 3302 3348 illtttn
3361 3293 3458 3346 hae

1878 3394 1947 3449 de
1968 3410 2025 3449 re
2050 3394 2327 3463 conqueri,
2358 3407 2420 3446 ac
2445 3391 2623 3445 dicere
2650 3405 2664 3442 :
2702 3392 2762 3443 At
2792 3404 2877 3442 vos
2910 3387 3147 3441 invaditis
3187 3402 3265 3439 mc
3326 3383 3473 3455 (Job'

1881 3484 1967 3539 19.
1993 3483 2069 3556 5).
2092 3497 2289 3553 eosque
2319 3479 2765 3536 immisericordes
2794 3485 2948 3532 vocat
2976 3476 3058 3529 Itis
3084 3475 3259 3528 verbis
3285 3492 3296 3526 :
3327 3473 3458 3540 Quia

1880 3575 2248 3645 abnegaverunt
2274 3589 2351 3627 me
2372 3571 2585 3644 proximi
2612 3571 2740 3635 mei;
2770 3578 2816 3623 et
2841 3567 3097 3621 domestici
3141 3566 3237 3618 inci
3282 3574 3457 3617 contra

1878 3683 1958 3721 me
1981 3665 2329 3736 loquebantur,
2373 3672 2420 3716 et
2449 3662 2583 3732 ﬁlios
2624 3661 2859 3729 pellicum
2909 3674 3135 3712 mearum
3176 3657 3412 3710 rorabant
3438 3670 3458 3707 :

1884 3758 1961 3812 illi
1981 3773 2097 3812 vero
2122 3757 2404 3811 resiliebant
2427 3752 2548 3827 (Ib.
2577 3768 2622 3807 tt.
2656 3754 2743 3807 ll.
2771 3752 2883 3821 l7).
2911 3751 3032 3813 Alii,
3087 3750 3278 3819 inquit,
3333 3764 3459 3801 (οη-ο

1877 3850 2118 3918 spuebant
2146 3850 2196 3902 in
2221 3866 2317 3914 me,
2346 3864 2405 3901 ac
2433 3845 2702 3903 ludibrium
2730 3848 2895 3915 factus
2923 3861 3034 3896 sum
3063 3843 3289 3895 omnibus
3321 3840 3455 3911 (Job

1877 3941 1969 4000 59.
1995 3942 2048 3996 9.
2085 3941 2173 4008 10)
2202 3958 2215 3994 :
2244 3949 2290 3994 et
2318 3940 2450 4007 ipsa,
2488 3936 2694 4006 inquit,
2725 3936 2871 3988 uestis
2924 3950 3001 3986 me
3050 3933 3337 3985 abominata
3382 3941 3456 3985 est

1880 4034 1997 4106 (Job
2026 4033 2079 4090 9.
2106 4033 2217 4102 51).
2251 4031 2375 4084 Πωθ
2421 4044 2488 4083 ne
2532 4027 2713 4082 auditu
2752 4024 2962 4095 quidem
2993 4023 3226 4082 ferenda,
3257 4021 3454 4075 nedum

1877 4126 1992 4195 ipso
2015 4138 2193 4179 rerum
2240 4120 2380 4176 facto
2428 4116 2759 4174 sustinenda.
2824 4115 3111 4182 Paupertas
3165 4120 3403 4165 extrema
3437 4152 3453 4174 ,

1878 4217 2096 4272 morbus
2123 4211 2504 4276 intolerandus,
2536 4221 2704 4264 novus
2718 4216 2772 4261 et
2793 4204 3079 4265 inauditus,
3108 4210 3187 4257 tot
3201 4211 3251 4257 et
3273 4201 3455 4255 talium

1878 4306 2103 4362 ﬁliorum
2132 4303 2349 4359 amissio
2376 4301 2463 4357 tali
2495 4297 2651 4354 modo
2671 4296 2827 4361 facta,
2859 4294 3118 4358 convicia,
3138 4300 3474 4353 scommata,_

1875 4398 2137 4467 \‘ituperia
2158 4396 2226 4451 ab
2247 4393 2569 4448 hominibus.
2602 4390 2701 4444 Alii
2731 4386 2944 4458 quidem
2977 4384 3268 4440 irridebaut
3299 4424 3313 4446 ,
3366 4384 3473 4436 alii;

1876 4488 2331 4559 conyiciabantur,
2354 4485 2446 4539 alii
2490 4482 2835 4553 spernebant,
2866 4495 2974 4533 non
3001 4476 3198 4532 inimici
3228 4484 3454 4535 tantum;
3532 4502 3537 4507 ~

1876 4582 1973 4638 sed
2004 4591 2057 4637 et
2078 4580 2267 4645 amici;
2298 4592 2402 4632 non
2423 4575 2581 4631 amici
2605 4582 2806 4627 tantum
2836 4613 2851 4636 ,
2903 4568 2999 4626 sed
3051 4579 3104 4623 et
3153 4567 3453 4622 domestici.

1875 4674 2056 4744 Neque
2086 4671 2256 4726 solum
2284 4667 2577 4723 irridebaut
2626 4672 2696 4719 et.
2723 4661 2962 4717 convicia
3012 4659 3309 4728 jactabaut,
3358 4658 3454 4712 sed

1876 4766 2034 4820 etiam
2064 4759 2540 4821 abominabantur;
2566 4755 2681 4810 haec
2720 4768 2881 4824 porro
2928 4766 3032 4805 non
3075 4748 3320 4813 dttobus,
3372 4750 3454 4801 rel

1877 4857 2064 4920 tribus,
2081 4852 2163 4908 vel
2194 4851 2377 4907 decem
2404 4849 2608 4913 diebus,
2657 4845 2750 4902 sed
2801 4844 2980 4899 multis
3022 4841 3294 4897 mensibus
3340 4857 3353 4893 :
3402 4849 3457 4892 et

1874 4946 2015 5018 quod
2040 4946 2109 5000 illi
2140 4941 2492 5011 nuicoutigit,
2518 4954 2585 4997 ne
2610 4937 2782 4992 noctis
2805 4935 3019 5006 quidem
3035 4932 3453 4989 consolationem

1876 5038 2124 5104 habebat,
2147 5035 2239 5093 sed
2269 5033 2472 5091 diurnis
2497 5030 2749 5086 aerumnis
2782 5027 3142 5083 accessionem
3186 5024 3447 5093 majorem

1878 5132 2104 5190 faciebat
2128 5139 2512 5185 nocturnarum
2541 5121 2888 5179 formidinum
2943 5119 3239 5189 phantasia.
3293 5115 3445 5182 Quod

1874 5229 2015 5285 enim
2050 5227 2137 5283 vel
2184 5224 2236 5279 in
2275 5221 2477 5279 somnis
2516 5216 2755 5290 graviora
2798 5228 2985 5286 passus
3013 5212 3098 5277 sit,
3130 5210 3252 5265 audi
3307 5209 3452 5262 illum

1874 5321 2139 5377 dicentem
2164 5336 2179 5373 :
2215 5317 2385 5384 Quare
2412 5330 2490 5368 me
2518 5322 2673 5366 terres
2695 5310 2747 5362 in
2777 5306 2985 5372 somnis,
3031 5314 3077 5357 et
3105 5304 3157 5355 in
3183 5300 3458 5354 visionibus

1874 5429 1955 5468 me
1974 5420 2261 5467 consternat
2288 5402 2412 5478 (Job
2439 5405 2491 5459 7.
2523 5399 2659 5472 ll)?
2710 5399 2839 5466 Quis
2865 5406 2970 5452 tam
3020 5392 3224 5446 ferreus
3273 5389 3452 5449 homo,

1875 5504 1992 5574 quis
2012 5502 2230 5557 adamas
2246 5500 2361 5555 haec
2383 5498 2519 5553 mala
2546 5494 2810 5551 sustinere
2835 5485 3036 5560 possit?
3058 5484 3188 5539 Nam
3216 5482 3260 5535 si
3284 5480 3451 5551 quod-

1877 5597 2008 5652 libet
2034 5608 2220 5651 eorum
2242 5590 2466 5647 seorsim
2493 5585 2883 5643 consideratum
2909 5574 3301 5633 intolerandum
3323 5582 3404 5629 est
3431 5612 3457 5638 ,

1876 5695 2128 5759 quantum
2158 5685 2434 5741 tumultum
2460 5679 2633 5738 etunia
2652 5671 3021 5731 concurrentia
3051 5667 3321 5725 attulerint
3374 5676 3449 5720 ωε
