3896 6230
123 294 225 349 277
1322 306 1407 363 DE
1449 303 1912 370 PCENI’I‘ENTM‘.
1958 315 2187 375 HOMIL.
2228 317 2267 372 1.
3332 321 3438 375 9-’8

1057 461 1960 487 W

1965 464 3418 504 ~__a._.____.______________.._.

1332 570 1471 658 DE
1535 565 2243 683 ΡίΕΝΙΤΕΝΤΙΑ,

1297 759 1430 802 cum
1473 761 1648 804 nuuu
1699 761 1834 807 tpsn
1878 766 2209 811 BEDHSSET
2240 753 2277 810 '.

737 1024 951 1066 nomn
980 1027 995 1064 ι
1024 1008 1120 1082 (α).

205 1096 253 1155 Ι.
282 1099 448 1155 Amor
484 1110 532 1157 et
580 1101 870 1157 sollicitudo
913 1101 1259 1173 (ἰὴν-νεοδιοωὶ
1298 1117 1423 1172 erga
1461 1103 1724 1173 populum.

122 1187 300 1246 Paulo
348 1194 630 1248 «aemulatur
671 1186 808 1263 ﬁlios
854 1194 1037 1247 iterum
1080 1195 1402 1264 parturienti.
1444 1224 1515 1233 —
1553 1194 1724 1262 Num,

120 1300 328 1357 qumso,
358 1300 634 1342 memores
663 1285 832 1342 nostri
862 1285 1052 1352 fuistis,
1074 1293 1272 1356 quanto
1301 1294 1541 1355 tempore
1568 1301 1599 1341 a
1630 1302 1726 1341 vo-

126 1378 209 1433 bis
239 1377 521 1433 abfuimus
540 1378 563 1432 ?
584 1378 717 1434 Nam
747 1379 862 1449 ipse
883 1379 1097 1448 quidem
1124 1377 1289 1434 vestri
1307 1392 1567 1449 nusquam
1583 1379 1725 1434 obli-

122 1472 256 1528 visci
302 1471 500 1541 potui,
544 1472 637 1527 sed
664 1472 851 1527 urbem
882 1470 1179 1537 dimittens,
1211 1471 1526 1525 memoriam
1561 1471 1725 1526 vestri

122 1580 230 1619 non
257 1564 484 1620 dimisi:
509 1563 957 1636 quemadmodum
990 1563 1132 1618 enim
1164 1563 1253 1634 qui
1285 1578 1567 1633 corporum
1591 1581 1730 1634 prm-

123 1656 291 1710 stanti
320 1655 498 1710 forma
530 1655 837 1726 capiuntur.
866 1669 1203 1725 quocumque
1249 1655 1592 1722 recesserint,
1634 1670 1725 1710 se-

124 1762 246 1802 cum
274 1745 645 1802 desideratam
678 1746 870 1802 faciem
918 1747 1301 1802 circumferunt
1329 1765 1343 1800 :
1374 1746 1515 1801 haud
1567 1761 1725 1803 secus

125 1839 224 1907 ipsi
246 1850 539 1895 venustate
559 1841 858 1894 animarum
887 1847 1185 1894 vestrarum
1229 1841 1391 1905 tacti,
1422 1852 1541 1895 eam
1571 1855 1725 1895 meu-

126 1931 193 1985 tis
221 1941 417 1986 vestrze
445 1931 683 2000 Speciem
715 1944 931 2002 semper
957 1929 1236 1985 nobiscum
1269 1930 1719 1987 cireumferimus.

126 2014 193 2076 Et
237 2022 695 2092 quemadmodum
745 2022 981 2092 pictores
1027 2020 1301 2075 coloribus
1334 2022 1502 2077 variis
1546 2023 1725 2080 mixtis

128 2112 371 2181 corporis
399 2113 666 2183 imagines
695 2111 952 2182 efﬁngere
977 2124 1381 2167 consueverunt
1413 2131 1424 2166 :
1453 2114 1523 2168 ita
1544 2123 1598 2169 et
1624 2115 1725 2185 ipsi

127 2203 356 2257 studium
382 2212 622 2258 vestrum
648 2204 700 2257 in
721 2202 981 2268 collectis,
1007 2203 1060 2256 iu
1088 2202 1352 2258 audiendo
1370 2204 1719 2271 alacritatem,

128 2293 564 2351 benevolentiam
589 2311 712 2367 erga
735 2296 1189 2361 concionatorem,
1216 2304 1515 2367 czeteraque
1544 2297 1722 2352 omnia

129 2384 303 2439 officia
347 2386 518 2441 veluti
550 2386 760 2441 colores
802 2387 1057 2441 virtutum
1091 2387 1266 2442 varios
1319 2387 1681 2444 immiscentes
1704 2429 1719 2454 ,

130 2484 287 2545 atque
319 2476 496 2545 ipsum
539 2477 833 2531 animarum
885 2486 1180 2532 vestrarum
1229 2476 1591 2532 characterem
1618 2479 1721 2532 im-

131 2567 425 2634 primentes
451 2568 758 2637 mentisque
782 2577 1115 2637 apponentes
1137 2569 1326 2634 oculis,
1373 2583 1437 2623 ea
1480 2570 1722 2638 specula-

131 2657 273 2712 tione
315 2659 446 2713 satis
484 2669 682 2713 nostrua
710 2659 1155 2730 peregrinationis
1193 2660 1497 2728 accepimus
1522 2661 1715 2714 solatii.

132 2746 254 2802 Haec
283 2750 337 2803 et
362 2749 621 2804 sedentes
647 2759 705 2804 et
727 2757 1032 2820 surgentes,
1057 2759 1111 2805 et
1137 2750 1474 2806 ambulantes
1492 2762 1545 2806 et
1566 2754 1716 2823 quie.

131 2848 356 2901 secutos,
382 2851 436 2894 et
457 2839 796 2895 introeuntcs
827 2849 882 2895 et
906 2852 1183 2907 exeuntes,
1202 2841 1455 2896 continuo
1471 2842 1722 2907 versaba-

134 2944 274 2991 ntus.
301 2930 588 2985 caritatem
619 2942 851 2985 vestram
876 2932 959 2985 vel
982 2932 1033 2985 in
1065 2931 1289 2986 somniis
1314 2932 1600 2998 intuentes,
1625 2950 1722 2990 ne-

133 3036 234 3090 que
262 3022 502 3078 interdiu
550 3025 746 3091 solum,
793 3025 889 3080 sed
917 3026 1078 3080 etiam
1112 3036 1271 3080 noctu
1303 3026 1492 3081 iisdem
1523 3027 1722 3099 (βοείω-

137 3112 365 3169 tionibus
424 3117 584 3186 quasi
650 3116 858 3172 deliciis
913 3117 1350 3182 enutriebamur,
1419 3117 1549 3173 illud
1598 3133 1717 3173 cum

134 3204 417 3263 Salomone
462 3210 732 3265 scientes:
754 3209 867 3282 Ego
897 3209 1111 3276 dormio,
1142 3221 1188 3263 et
1216 3227 1304 3264 cor
1353 3228 1519 3265 meum
1548 3211 1720 3282 vigilat

141 3297 303 3367 (Cant.
327 3300 378 3355 5.
403 3300 484 3372 2).
530 3302 761 3371 ldipsum
790 3313 843 3357 et
888 3304 1044 3358 nobis
1071 3304 1413 3374 contingebat
1440 3322 1453 3358 :
1483 3320 1604 3358 nam
1632 3319 1721 3359 soo

135 3393 239 3443 tnui
267 3392 482 3461 quidem
511 3395 808 3449 necessitas
839 3394 1119 3464 palpebras
1165 3394 1307 3465 ipsas
1332 3393 1716 3463 contrahebat,

138 3482 369 3549 tyrannis
397 3499 529 3539 vero
551 3485 753 3539 amoris
778 3486 941 3540 vestri
964 3486 1149 3540 oculos
1178 3495 1376 3540 nostra:
1404 3488 1599 3542 mentis
1619 3492 1718 3543 ex-

137 3572 327 3629 citabat
358 3592 370 3629 :
409 3586 573 3646 atque
603 3591 978 3647 sarpenumero
1007 3592 1102 3647 per
1149 3593 1395 3632 somnum
1439 3578 1715 3633 vobiscum

140 3661 276 3733 loqui
303 3666 429 3720 mihi
455 3667 696 3722 videbar.
736 3668 948 3722 Etenim
995 3668 1273 3723 consuevit
1293 3668 1469 3722 anima
1496 3684 1614 3738 quae
1640 3669 1718 3721 in-

141 3753 303 3808 terdiu
330 3757 551 3828 cogitat,
575 3757 766 3813 eadem
796 3759 848 3813 in
876 3758 1081 3813 Somnis
1111 3774 1205 3828 per
1235 3759 1569 3828 phantasiam
1600 3774 1720 3814 cer-

141 3858 280 3911 nere,
309 3848 448 3917 quod
473 3859 531 3904 et
557 3850 868 3904 nobis-tune
892 3849 1086 3905 accidit
1114 3868 1126 3903 :
1152 3857 1205 3903 et
1239 3865 1333 3904 vos
1357 3851 1565 3905 carneis
1591 3865 1717 3905 ocu-

141 3932 202 3988 lis
226 3935 443 3995 minime
476 3939 699 4007 videns,
730 3942 895 3995 oculis
925 3941 1162 3995 caritatis
1180 3940 1487 4007 cernebam,
1520 3957 1715 4012 corpo-

139 4038 297 4096 reque
341 4030 549 4087 absens
567 4074 583 4097 ,
612 4032 803 4087 affectu
844 4048 1082 4102 praesens
1111 4048 1280 4094 eram,
1319 4044 1371 4087 et
1400 4050 1535 4089 mete
1560 4050 1716 4090 aures

139 4129 341 4188 semper
365 4122 603 4179 clamore
631 4130 810 4178 vestro
833 4125 1208 4194 personabant.
1235 4124 1409 4193 Quare
1437 4134 1491 4180 et
1519 4140 1649 4197 corp
1670 4148 1716 4177 )-

139 4207 210 4261 ris
236 4213 545 4281 aegritudine
584 4214 655 4270 ibi
684 4215 885 4270 diutius
911 4226 1134 4287 cogente
1160 4217 1456 4284 immorari,
1489 4226 1544 4273 et
1573 4219 1714 4273 aeris

140 4299 441 4360 salubritate
483 4305 551 4360 ad
598 4308 780 4361 carnis
829 4308 1109 4363 sanitatem
1144 4308 1477 4377 proficiente,
1534 4308 1587 4363 id
1632 4309 1716 4363 vis

139 4394 330 4447 amoris
351 4397 514 4450 vestri
539 4412 644 4451 non
684 4398 970 4466 tolerabat,
1000 4399 1096 4454 sed
1131 4399 1500 4463 exclamabat,
1535 4413 1709 4468 neque

143 4480 284 4546 prius
313 4487 646 4542 molestando
676 4490 928 4555 cessavit,
961 4505 1118 4561 quam
1151 4491 1306 4545 nobis
1330 4492 1562 4547 suaserit
1590 4501 1715 4547 ante

142 4572 404 4637 praefixum
435 4589 644 4650 tempus
660 4596 976 4653 exsurgere,
1005 4591 1060 4637 et
1079 4583 1363 4637 sanitatem
1389 4593 1440 4638 et
1466 4584 1713 4654 volupta-

143 4666 245 4715 tem
295 4673 347 4718 et
392 4682 551 4722 omne
591 4666 965 4740 quodcumque
990 4679 1073 4724 est
1097 4669 1295 4724 bonum
1331 4714 1345 4737 ,
1390 4681 1712 4727 conventum

143 4747 277 4808 hunc
302 4767 534 4812 vestrum
575 4760 905 4816 existimare.
944 4760 1078 4816 Iluic
1104 4762 1263 4833 igitur
1291 4779 1494 4817 morem
1519 4780 1713 4834 geren-

143 4849 238 4909 tes,
265 4847 544 4905 maluimus
577 4852 776 4917 redire,
825 4857 1036 4908 tametsi
1067 4854 1237 4909 morbi
1268 4854 1509 4924 reliquia:
1538 4865 1710 4911 resta-

144 4947 274 5003 rent,
307 4955 463 5009 quam
492 4947 737 5014 corporis
768 4944 1130 5002 infirmitatem
1175 4962 1398 5017 prorsus
1442 4949 1713 5019 deponere

142 5035 452 5099 satagentes,
487 5036 556 5090 de
601 5046 799 5092 caetero
826 5038 1036 5093 caritati
1068 5048 1260 5095 vestrae
1309 5041 1582 5097 molestias
1625 5042 1710 5096 iu-

142 5111 293 5174 ferre.
323 5122 451 5179 Nam
475 5137 530 5182 et
555 5127 665 5182 illic
688 5143 914 5183 manens
951 5129 1354 5186 criminationes
1385 5141 1591 5186 vestras
1611 5147 1710 5187 au-

144 5204 345 5268 diebam
367 5233 381 5270 :
402 5219 670 5274 continuae
698 5220 841 5275 enim
873 5220 1038 5275 litera:
1071 5221 1166 5276 has
1192 5222 1344 5277 nobis
1369 5223 1663 5277 alierebant
1689 5262 1706 5290 ,

144 5298 469 5385 {militumque
506 5311 725 5368 adhibui
755 5313 1166 5369 criminantibus
1196 5330 1299 5369 non
1325 5315 1522 5382 minus,
1550 5331 1707 5385 quam

146 5378 465 5450 laudantibus
488 5398 532 5452 ’.
564 5395 694 5452 Nam
717 5398 912 5451 animm
953 5399 1172 5455 scientis
1193 5413 1374 5455 amare
1401 5378 1712 5454 illie'crimi-

202 5495 452 5576 ffolbert.
498 5511 568 5561 sic
605 5509 798 5576 titulum
831 5512 996 5573 habet,
1023 5513 1084 5576 in
1115 5521 1351 5567 sanata...
1389 5511 1712 5576 Cltryaostmm'

147 5566 347 5650 τεςειξξέι
370 5583 479 5650 rure
501 5572 726 5650 regressi,
749 5579 796 5624 et
805 5576 884 5647 με.
907 5566 1196 5650 pmttilentia.

258 5624 419 5698 aliter
439 5624 620 5696 gratias
642 5624 724 5698 egi
743 5624 1126 5695 σνὶηὲίιὶαῆιίωιεέ
1136 5624 1240 5687 etc.

209 5686 294 5764 tto“
306 5686 472 5764 ςριιειῷ
488 5710 603 5764 cum
618 5686 878 5764 "codicibus
911 5686 1069 5764 Regiis
1090 5686 1245 5759 me,
1270 5699 1390 5750 1839
1420 5705 1470 5748 et
1493 5698 1633 5761 atat,
1654 5706 1706 5750 et

151 5752 248 5794 cum
268 5751 527 5810 Cnlhertiuo
548 5759 687 5811 δοθι.

1853 1021 2096 1074 nationes
2145 1020 2727 1092 fuerant,absen:iam
2798 1042 3032 1089 nostram
3095 1047 3431 1094 accusantes.

1862 1107 2154 1179 Propterea
2210 1127 2434 1186 surgens
2492 1120 2746 1187 cucurri;
2803 1134 3082 1195 propterea
3149 1142 3434 1200 numquam

1857 1214 1977 1255 mea
1995 1216 2089 1256 vos
2116 1216 2295 1261 mente
2323 1209 2469 1278 quivi
2490 1210 2808 1268 excludere:
2836 1216 2931 1271 sed
2958 1218 3081 1286 quid
3112 1220 3303 1275 mirum
3325 1224 3436 1278 ruri

1859 1291 1902 1345 si
1932 1305 2317 1365 commoratus,
2352 1300 2566 1356 licentia
2592 1303 2820 1373 quadam
2848 1313 2903 1361 et
2932 1307 3178 1365 libertate
3209 1310 3391 1366 fruens
3418 1357 3433 1378 ,

1854 1396 2050 1440 vestra:
2116 1388 2360 1445 caritatis
2404 1408 2509 1447 non
2558 1410 2675 1449 sum
2731 1396 2926 1451 oblitus
2958 1416 2970 1453 :
3004 1402 3436 1474 quandoquidem

1859 1476 2056 1533 Paulus
2081 1480 2307 1535 vinculis
2328 1483 2594 1555 alligatus,
2624 1502 2893 1543 carcerem
2919 1490 3245 1560 inhabitans,
3274 1506 3435 1565 atque

1856 1566 2060 1625 infinita
2091 1586 2226 1641 pene
2257 1574 2494 1644 pericula
2528 1577 2858 1632 imminentia
2886 1580 3095 1649 videns,
3141 1584 3194 1636 in
3220 1598 3437 1640 carcere

1856 1678 1962 1718 non
2010 1681 2165 1721 secus
2210 1682 2367 1736 quam
2398 1669 2449 1723 in
2488 1682 2640 1740 prato
2672 1679 2933 1737 versatus,
2965 1673 3045 1728 sic
3071 1672 3290 1729 fratrum
3319 1692 3434 1731 me-

1852 1757 2074 1812 moriam
2118 1758 2387 1825 habebat,
2422 1771 2474 1815 et
2524 1763 2787 1817 scribebat
2831 1766 3015 1820 dicens
3048 1783 3061 1819 :
3093 1765 3328 1821 Sicutcst
3344 1770 3437 1839 ju-

1849 1855 1980 1900 stum
2004 1849 2127 1901 tui/ti
2149 1849 2243 1903 hoc
2271 1852 2452 1904 sentire
2467 1869 2558 1922 pro
2585 1854 2814 1908 omnibus
2837 1854 3050 1921 vobis,eo
3069 1856 3203 1925 quod
3227 1858 3437 1911 habeam

1849 1956 1938 1995 vos
1958 1942 2011 1995 in
2037 1942 2185 1996 corde
2202 1953 2247 1997 et
2273 1945 2324 1998 in
2362 1944 2573 1999 vinculis
2604 1947 2742 2011 meis,
2768 1948 2821 2002 in
2850 1948 3138 2020 defensione
3157 1960 3202 2002 ct
3248 1951 3437 2019 conﬁr-

1849 2035 2069 2089 matione
2089 2038 2330 2109 evangelii
2349 2037 2767 2111 (Pl:ilipp.l.7)?
2793 2043 2955 2099 Extra
2982 2044 3310 2100 inimicorum
3342 2061 3434 2101 ca-

1850 2130 1993 2189 tena,
2028 2125 2165 2180 intra
2196 2129 2394 2183 amoris
2418 2131 2797 2201 discipulorum
2825 2147 3011 2190 catena
3036 2152 3049 2188 :
3080 2136 3173 2191 sed
3201 2136 3435 2191 exterior

1847 2216 2060 2285 quidem
2092 2235 2154 2272 ex
2186 2218 2328 2275 ferro
2354 2232 2676 2291 constructa,
2701 2224 2923 2280 interior
2941 2242 3007 2281 ex
3023 2227 3242 2281 caritate
3260 2228 3429 2292 facta;

1845 2322 1896 2365 et
1922 2309 2061 2366 illam
2086 2310 2298 2384 quidem
2321 2328 2686 2384 saepenumero
2705 2315 3111 2386 deposuit,hauc
3131 2331 3256 2371 vero
3283 2333 3435 2371 num-

1846 2418 2004 2473 quam
2027 2403 2286 2460 dissolvit.
2315 2406 2418 2461 Sed
2447 2406 2893 2478 quemadmodum
2910 2407 3155 2462 mulieres
3176 2417 3434 2478 quotquot

1844 2495 2088 2552 dolorum
2116 2508 2294 2568 partus
2310 2500 2732 2569 experimentum
2759 2511 3113 2570 sumpsere,et
3139 2511 3333 2555 matres
3355 2500 3435 2555 fao

1844 2597 1945 2643 ctua
1965 2600 2106 2657 sunt,
2136 2589 2346 2656 horum,
2369 2606 2503 2660 quos
2519 2602 2857 2661 pepererunt,
2876 2592 3196 2662 ubicumque
3217 2593 3429 2662 fuerint,

1845 2683 2068 2738 vinculis
2115 2699 2328 2753 semper
2368 2693 2494 2739 sunt
2540 2685 2910 2740 astrictaezsic
2948 2694 3002 2740 et
3026 2685 3242 2752 Paulus,
3274 2696 3432 2757 atque

1845 2775 1980 2831 adeo
2009 2777 2176 2832 multo
2201 2777 2421 2843 fortius,
2450 2777 2726 2848 discipulis
2754 2779 2866 2834 suis
2885 2778 3210 2845 adhaerebat,
3251 2786 3430 2833 tauto-

1845 2882 1950 2937 que
1972 2868 2158 2937 magis,
2181 2875 2382 2938 quanto
2407 2868 2739 2923 naturalibus
2768 2868 3068 2937 spirituales
3102 2880 3285 2937 partus
3306 2876 3431 2923 sunt

1845 2959 2215 3014 ferventiores.
2233 2958 2364 3013 Nam
2396 2975 2502 3014 non
2533 2959 2698 3015 semel
2728 3001 2745 3027 ,
2777 2959 2873 3015 sed
2897 2959 3112 3015 eosdem
3142 2959 3223 3013 bis
3249 2967 3432 3028 partu-

1844 3052 1988 3118 rivit,
2016 3059 2072 3105 et
2091 3049 2355 3105 clamabat
2372 3049 2576 3115 dicens,
2607 3049 2786 3104 Filioli
2816 3051 2933 3117 mei,
2959 3067 3082 3122 quos
3105 3051 3284 3104 iterum
3305 3066 3430 3120 par-

1845 3143 1977 3197 turio
2008 3141 2151 3215 (Gal.
2202 3142 2256 3197 4.
2287 3140 2398 3215 19).
2432 3142 2486 3196 Id
2518 3158 2645 3196 vero
2670 3143 2863 3197 mulier
2894 3159 3182 3215 numquam
3213 3154 3426 3214 patere-

1845 3243 1955 3299 tur,
1983 3249 2155 3304 neque
2180 3234 2427 3289 sutlerret
2453 3233 2672 3289 eosdem
2696 3235 2885 3288 iterum
2930 3235 3146 3290 dolores
3175 3254 3187 3289 :
3216 3234 3309 3290 sed
3349 3245 3430 3289 to-

1844 3325 2050 3382 lerabat
2076 3327 2177 3380 hoc
2216 3325 2434 3393 Paulus,
2474 3326 2616 3395 quod
2649 3326 2699 3379 in
2739 3337 2928 3380 natura
2956 3342 3063 3380 non
3103 3335 3187 3382 est
3211 3326 3426 3382 videre:

1843 3429 1900 3474 ut
1928 3434 2062 3490 quos
2091 3418 2256 3474 semel
2281 3427 2582 3488 pepererat,
2615 3419 2805 3474 iterum
2842 3420 3123 3488 reciperet,
3168 3429 3222 3475 et
3243 3429 3429 3473 acutos

1841 3527 2005 3584 super
2032 3513 2136 3568 illis
2181 3513 2394 3567 dolores
2448 3514 2722 3582 perferret.
2779 3512 3067 3582 Pr0pterea
3106 3522 3162 3567 et
3199 3508 3428 3566 confun-

1843 3604 1973 3660 dere
2023 3619 2118 3659 eos
2164 3604 2387 3670 volens,
2441 3604 2576 3658 dixit
2625 3620 2638 3656 :
2696 3603 2836 3668 Quos
2896 3604 3078 3657 iterum
3154 3603 3426 3672 partio-io:

1842 3696 1994 3766 quasi
2043 3696 2285 3762 diceret,
2339 3696 2547 3752 Parcite
2604 3696 2735 3750 mihi
2770 3714 2784 3751 :
2818 3696 2991 3751 nullus
3048 3694 3190 3751 ﬁlius
3233 3710 3427 3750 secun-

1842 3787 1913 3842 do
1979 3796 2281 3843 maternum
2347 3799 2554 3842 utermn
2630 3798 2813 3858 partus
2881 3787 3154 3842 doloribus
3203 3786 3426 3853 affecit,

1840 3879 1979 3950 quod
2033 3895 2120 3934 me
2167 3880 2273 3948 pati
2327 3878 2533 3949 cogitis.
2586 3878 2735 3932 Licet
2779 3877 2993 3932 dolores
3043 3877 3117 3931 illi
3162 3892 3267 3930 uno
3297 3887 3430 3931 tem-

1839 3974 1985 4043 poris
2012 3984 2281 4028 momento
2321 3978 2600 4041 torqueant
2625 4012 2640 4037 ,
2668 3981 2826 4039 atque
2856 3970 3057 4025 infante
3082 3984 3145 4023 ex
3187 3967 3307 4023 alvo
3335 3968 3431 4023 dc-

1845 4063 2058 4119 labeutc
2098 4073 2151 4119 et
2180 4062 2282 4132 ipsi
2306 4077 2520 4132 quoque
2547 4060 2861 4116 delabantur
2891 4080 2905 4116 :
2935 4060 2990 4114 hi
3019 4075 3148 4116 vero
3193 4074 3299 4113 non
3321 4061 3424 4126 sic,

1841 4156 1937 4212 sed
1959 4168 2012 4212 et
2034 4157 2308 4212 mensibus
2330 4156 2548 4226 integris
2572 4162 2818 4209 inaneaut
2852 4171 2866 4208 :
2896 4169 3016 4206 nam
3042 4161 3098 4208 et
3119 4167 3317 4207 annum
3341 4160 3424 4206 to-

1840 4259 1953 4305 tum
1979 4264 2344 4320 saepenumero
2383 4247 2658 4318 parturivit
2696 4245 2892 4301 Paulus
2911 4286 2925 4310 ,
2954 4253 3113 4314 atque
3139 4252 3429 4313 conceptos

1840 4358 1946 4397 non
1968 4341 2212 4413 peperit:
2239 4350 2293 4395 et
2321 4339 2430 4396 illic
2456 4338 2670 4411 quidem
2697 4337 2872 4392 carnis
2895 4346 2978 4392 est
3002 4336 3172 4401 labor,
3199 4334 3286 4389 hic
3298 4350 3425 4390 vero

1837 4436 2058 4493 dolores
2098 4449 2204 4489 non
2242 4440 2482 4488 ventrem
2525 4429 2850 4495 distendunt,
2885 4427 2980 4484 sed
3023 4427 3216 4482 anima:
3263 4425 3425 4480 robur
3476 4494 3481 4499 _

1840 4530 2093 4584 lacerant.
2123 4529 2297 4599 Atque
2316 4535 2373 4581 ut
2387 4526 2564 4582 discas
2583 4539 2677 4580 eos
2692 4524 3039 4580 ferventiores
3056 4536 3174 4577 esse
3187 4519 3420 4584 dolores,

1836 4636 1956 4689 qua:
1998 4634 2230 4689 unquam
2282 4626 2456 4671 mater
2489 4624 2638 4686 optat
2682 4624 2925 4670 natorum
2965 4616 3084 4668 loco
3127 4612 3422 4683 gehenmuu

1836 4711 2142 4765 sustinere?
2180 4708 2277 4763 ilic
2318 4723 2445 4764 vero
2474 4722 2579 4763 non
2611 4705 2771 4761 modo
2795 4705 3115 4776 gehennam,
3144 4703 3235 4758 sed
3276 4713 3424 4773 optat

1835 4804 1997 4858 etiam
2035 4801 2319 4857 anathema
2344 4815 2466 4856 esse
2493 4815 2522 4853 a
2541 4798 2756 4855 Christo
2781 4798 2955 4867 (Rom.
2986 4794 3039 4851 9.
3063 4796 3119 4866 5)
3135 4836 3151 4861 ,
3180 4809 3285 4865 quo
3300 4810 3427 4865 pos-

1836 4904 1920 4950 set
1941 4893 2156 4950 JttdtBOS
2186 4907 2379 4962 parere
2402 4907 2537 4962 quos
2560 4906 2771 4960 semper
2795 4889 3047 4945 continue
3075 4886 3419 4956 parturiebat,

1836 4996 1891 5041 et
1928 4985 2178 5055 quoniam
2197 4984 2248 5038 id
2273 5000 2377 5039 non
2410 4983 2712 5049 eveniebat,
2740 4981 2859 5037 ideo
2879 4978 3094 5034 dolebat
3109 4977 3418 5033 etdicehat:

1834 5078 2063 5133 Tristitia
2106 5077 2232 5130 mihi
2259 5085 2330 5132 est
2366 5091 2571 5146 magna,
2600 5083 2645 5127 et
2672 5074 2938 5127 continuus
2983 5070 3127 5124 dolor
3152 5068 3294 5123 cordi
3313 5083 3422 5121 meo

1835 5164 2014 5243 (Rom.
2064 5169 2119 5225 9.
2194 5168 2287 5237 2).
2336 5170 2509 5238 Atque
2543 5166 2629 5220 hic
2668 5179 2853 5220 rursus
2885 5180 2899 5218 :
2930 5160 3247 5225 Filiolimci,
3295 5174 3420 5230 quas

1833 5266 2015 5323 iterum
2045 5264 2293 5335 parturio,
2314 5262 2473 5317 donec
2497 5260 2728 5317 Christus
2751 5264 2996 5332 formetur
3021 5257 3073 5311 in
3099 5254 3234 5309 vobis
3273 5251 3412 5324 (Gal.

1833 5358 2323 5431 4.19).Quidnam
2389 5356 2513 5413 alvo
2566 5355 2651 5411 illa
2710 5353 2916 5408 beatius
2957 5348 3071 5412 fuit,
3116 5360 3234 5417 qua:
3284 5341 3417 5398 tales

1836 5454 1975 5509 ﬁlios
1999 5464 2186 5522 parere
2203 5449 2394 5520 potuit,
2416 5448 2505 5518 qui
2534 5446 2585 5500 in
2603 5461 2660 5501 se
2681 5444 2944 5499 Christum
2970 5433 3270 5493 haberent?
3289 5431 3414 5503 quid

1833 5561 1961 5601 vero
2009 5541 2310 5599 fecundius
2357 5555 2444 5608 ea,
2484 5553 2601 5610 qua:
2649 5535 2835 5590 orbem
2875 5530 3154 5603 progenuit
3203 5523 3415 5580 totum?

1832 5639 1957 5710 quid
1977 5654 2040 5694 ea
2067 5636 2277 5702 fortius,
2303 5649 2424 5707 quae
2439 5633 2613 5690 editos
2637 5638 2691 5685 et
2714 5627 2923 5683 adultos
2943 5622 3211 5680 abortivus
3236 5627 3414 5691 posset

1831 5731 2008 5787 denuo
2037 5729 2315 5798 concipere
2362 5744 2424 5783 ac
2468 5722 2797 5782 reformare?
2829 5720 2881 5777 id
2909 5719 3050 5776 enim
3091 5715 3144 5771 in
3186 5712 3409 5771 naturali
