3894 6226
470 303 578 364 ἳἻθ
1194 300 1249 359 Β.
1289 302 1566 358 JOANNIS
1602 301 2075 364 CllRYSOSTOMI
2112 304 2433 366 ARCHIEP.
2472 301 3008 368 CONSTANTINOl’.

471 427 625 488 partu
674 424 869 487 prteter
915 415 1176 471 humanas
1212 424 1293 470 est
1322 416 1484 470 vires.
1517 415 1691 482 Quare
1736 417 1897 487 igitur
1944 433 2050 473 non

470 510 605 564 dixit
633 526 648 565 ε
681 508 859 563 Filioli
900 508 1018 575 mei,
1046 523 1171 578 quos
1216 507 1395 561 iterum
1426 520 1740 575 progenero,
1777 507 1892 575 sed,
1939 524 2059 579 par-

472 603 607 656 turio
633 603 659 657 2
702 601 914 656 Etenim
935 600 1058 654 alibi
1083 613 1341 668 generare
1355 612 1415 653 se
1437 598 1584 664 dicit,
1614 596 1682 652 In
1708 597 1908 653 Christo
1927 600 2059 653 enim

473 692 601 747 Jesu
654 709 745 764 ego
790 708 877 745 vos
917 687 1073 762 genui
1094 691 1169 763 (1.
1198 690 1316 745 Cor.
1346 691 1397 746 4.
1425 690 1538 761 15).
1574 690 1687 746 Illic
1710 705 1837 761 ergo
1865 704 2061 761 cogna-

480 786 676 840 tionem
708 785 1072 839 tantummodo
1091 784 1374 840 ostenderc
1394 785 1580 851 voluit,
1613 784 1698 839 hic
1726 800 1852 841 vero
1878 795 1931 841 et
1959 784 2062 840 do-

479 876 648 932 lorem
694 890 875 931 coram
916 885 1149 931 statuere
1213 885 1436 930 conatus
1466 883 1568 930 est.
1600 875 1877 943 Quomodo
1916 877 2061 931 enim

484 970 621 1023 filios
651 978 823 1035 vocat,
854 983 987 1037 quos
1014 966 1248 1021 nondum
1275 968 1464 1021 enixus
1490 967 1605 1021 est?
1635 967 1676 1020 si
1701 967 1842 1021 enim
1872 977 2060 1037 partu-

478 1061 580 1121 rit,
616 1059 850 1113 nondum
886 1059 1089 1128 peperit
1124 1077 1139 1113 :
1170 1058 1438 1128 quomodo
1466 1074 1593 1127 ergo
1622 1058 1757 1113 filios
1781 1060 1970 1113 vocat?
1999 1059 2066 1115 Ut

481 1150 679 1216 discas,
711 1150 859 1205 illum
889 1165 992 1204 non
1022 1150 1288 1220 prioribus
1310 1158 1493 1218 partus
1514 1149 1786 1204 doloribus
1809 1159 1932 1203 tunc
1952 1165 2066 1203 cru-

482 1238 703 1305 eiatum,
736 1240 876 1309 quod
904 1243 1033 1293 satis
1059 1240 1164 1294 illis
1188 1249 1302 1294 erat
1330 1239 1395 1293 ad
1425 1240 1703 1293 ruborem.
1728 1239 2068 1305 Etenim,.ina

483 1332 621 1401 quit,
646 1332 811 1387 semel
833 1332 1000 1386 factus
1021 1348 1138 1387 sum
1163 1341 1329 1401 pater,
1377 1331 1718 1401 debitumque
1747 1331 1798 1385 in
1830 1346 1924 1386 vos
1949 1346 2067 1399 par-

487 1433 598 1477 tum
618 1423 857 1488 toleravi,
890 1439 982 1478 vos
1004 1439 1133 1477 vero
1155 1424 1245 1476 lilii
1273 1422 1439 1477 semel
1464 1421 1582 1477 facti
1611 1423 1741 1477 estis
1766 1423 2067 1493 :qnomodo

485 1529 572 1568 me
596 1513 661 1567 ad
708 1515 973 1568 secundos
1012 1514 1204 1569 iterum
1245 1514 1459 1569 dolores
1500 1515 1746 1568 mittitis?
1774 1514 1904 1568 satis
1924 1513 2065 1568 enim

487 1603 581 1673 qui
631 1603 889 1673 principio
932 1603 1211 1669 habentur,
1261 1612 1383 1657 sunt
1415 1612 1596 1672 partus
1647 1603 1900 1667 dolores;
1942 1603 2067 1673 quid

491 1709 578 1747 me
630 1692 868 1747 secundo
918 1693 1193 1747 doloribus
1219 1692 1669 1747 cruciatis?Nam
1710 1691 1944 1747 ﬁdelium‘
1995 1694 2071 1746 la-

493 1798 642 1853 psus,
677 1799 779 1837 non
810 1785 1070 1838 minorem
1104 1784 1224 1853 ipsi,
1257 1798 1413 1853 quam
1458 1783 1546 1853 qui
1573 1783 1803 1837 nondum
1830 1782 2072 1838 credide-

495 1885 613 1929 rant
632 1917 648 1939 ,
671 1875 906 1932 laborem
934 1876 1248 1930 inferebant.
1270 1874 1605 1931 intolerabile
1639 1876 1779 1931 enim
1810 1885 1927 1931 erat
1954 1884 2073 1945 post

494 1968 675 2022 talium
723 1971 1093 2040 mysteriorum
1145 1969 1570 2024 communionem
1613 1969 1793 2024 videre
1817 1969 2071 2039 quosdam

491 2056 558 2110 ad
589 2057 911 2127 impietatem
937 2068 1127 2128 sponte
1160 2059 1445 2113 declinare.
1473 2058 1645 2126 Quare
1668 2061 1860 2114 acriter
1884 2059 2073 2114 admo-

494 2147 621 2202 dum
667 2165 728 2203 ac
759 2149 902 2203 omni
949 2150 1170 2204 muliere
1197 2149 1547 2204 miserabilius
1594 2149 1973 2219 ingetniscebat
1997 2151 2076 2204 di-

497 2254 626 2294 cens
657 2256 670 2294 :
700 2237 877 2294 Filioii
905 2240 1021 2305 mei,
1059 2256 1183 2309 quos
1202 2240 1381 2293 iterum
1407 2240 1822 2310 parturio,doncc
1848 2238 2076 2295 Christus

494 2333 742 2400 formetur
766 2328 818 2382 in
862 2328 996 2384 vobis
1035 2327 1192 2400 (Cal.
1216 2330 1270 2383 4.
1303 2328 1427 2398 l9).
1456 2327 1508 2384 Id
1546 2337 1720 2384 autem
1745 2329 1949 2384 diccbat
1974 2371 1989 2395 ,
2022 2341 2080 2385 ut

497 2417 601 2472 illis
623 2418 866 2473 fiduciam
891 2417 1048 2472 simul
1082 2430 1136 2472 et
1182 2419 1421 2473 timorem
1454 2418 1743 2474 induceret.
1779 2420 1908 2475 Cum
1939 2420 2077 2474 enim

497 2508 730 2562 ostendit
769 2522 875 2584 non
907 2509 1189 2563 formatum
1235 2509 1288 2562 in
1339 2509 1468 2577 ipsis
1497 2509 1790 2574 Christum,
1837 2510 2079 2564 timorem

500 2602 723 2656 incussit
759 2609 814 2656 et
859 2603 1101 2671 agoniam
1149 2619 1163 2655 :
1205 2616 1321 2654 eum
1350 2601 1731 2655 demonstravit
1772 2615 1927 2670 posse
1975 2600 2083 2655 for—

3666 311 3770 370 280

2169 420 2355 477 Ninive
2380 421 2688 477 suboertetur
2713 422 2734 492 (
2755 422 2879 478 Jon.
2906 424 2962 480 ὅ.
2994 426 3029 480 4
3053 422 3097 497 ).
3128 423 3234 481 Sed
3265 432 3443 482 tamen
3474 427 3791 485 minitante

2165 513 2279 568 Deo
2301 555 2315 580 ,
2335 522 2389 570 et
2411 513 2668 585 propheta
2689 514 2953 571 clamante
2980 556 2996 582 ,
3026 518 3285 572 sententia
3305 517 3635 573 dilationem
3663 533 3773 573 non

2166 604 2398 661 habente
2438 621 2612 676 neque
2637 606 3027 662 distinctionem
3056 609 3096 674 ί,
3141 625 3249 663 non
3288 609 3615 664 ceciderunt
3659 624 3779 664 ant—

2169 698 2272 753 mis
2295 738 2310 763 ,
2341 713 2513 768 neque
2542 701 2708 754 bonas
2737 716 2857 770 spes
2885 700 3249 771 perdiderunt.
3292 701 3597 772 Pmpterea
3628 703 3781 756 enim

2170 787 2566 842 distinctionem
2600 805 2703 843 non
2733 790 2975 860 apposuit
3005 831 3021 856 ,
3061 803 3232 861 neque
3275 790 3405 845 dixit
3427 831 3445 855 ,
3479 791 3778 846 Faenium-'-

2171 879 2295 933 tiam
2326 881 2371 933 si
2399 880 2643 950 egerint,
2674 881 3028 935 servabuntur
3057 898 3071 933 :
3102 896 3209 950 quo
3230 891 3283 936 et
3317 881 3415 950 ipsi
3457 880 3635 935 latam
3683 880 3777 935 Dei

2172 973 2492 1027 sententiam
2522 973 2637 1027 sine
2656 972 2996 1029 distinctione
3016 960 3291 1029 audientes
3313 1012 3328 1039 ,
3358 988 3536 1042 neque
3567 973 3655 1027 sic
3680 987 3780 1042 spe

2169 1062 2422 1117 cadamus
2444 1104 2459 1129 ,
2493 1062 2586 1117 sed
2630 1063 2697 1117 ad
2737 1063 2860 1118 illud
2897 1063 3197 1134 exemplum
3231 1063 3586 1133 respicientes
3612 1104 3631 1125 ,
3668 1077 3777 1117 non

2171 1153 2536 1223 desperemus.
2570 1153 2753 1223 Neque
2786 1154 2835 1206 iu
2861 1168 2926 1209 eo
2962 1154 3134 1208 solum
3176 1153 3357 1208 videre
3389 1164 3477 1208 est
3519 1152 3626 1207 Dei
3668 1153 3780 1207 cle-

2174 1246 2427 1300 mentiam
2452 1286 2468 1311 ,
2492 1245 2633 1315 quod
2659 1247 2935 1301 sententiae
2964 1245 3102 1299 nulla
3125 1244 3356 1299 adhibita
3377 1243 3743 1298 distinctione
3761 1284 3776 1304 .

2174 1347 2349 1392 tamen
2396 1336 2774 1406 paenitentibus
2814 1335 3184 1391 reconciliatus
3224 1336 3330 1399 sit;
3358 1334 3453 1390 sed
3486 1336 3576 1389 vel
3604 1331 3686 1389 ex
3714 1350 3778 1388 eo

2174 1429 2332 1484 etiam
2357 1427 2497 1499 quod
2525 1427 2766 1483 absolute
2788 1427 2888 1482 lata
2909 1428 2996 1482 sit.
3023 1426 3155 1481 Nam
3176 1440 3371 1495 augere
3391 1423 3585 1479 volens
3611 1425 3779 1478 timo-

2174 1537 2288 1576 rem
2314 1562 2329 1587 ,
2363 1522 2731 1590 ingentemque
2762 1519 2968 1573 illorum
2996 1517 3271 1588 segnitiem
3302 1526 3523 1585 tangere
3546 1557 3561 1578 ,
3606 1514 3663 1569 id
3690 1514 3778 1569 ef-

2179 1612 2301 1668 fecit
2324 1613 2649 1683 ,ipsumque
2680 1611 3000 1681 pamitentire
3041 1621 3248 1680 tempus
3290 1604 3623 1662 ineffabilem
3657 1606 3779 1674 ejus

2178 1703 2419 1760 ostendit
2436 1702 2793 1758 clementiam.
2825 1700 3099 1769 Quomodo
3138 1702 3279 1752 enim
3320 1707 3427 1752 tres
3468 1696 3591 1751 dies
3640 1695 3776 1751 effe-

2179 1795 2417 1859 cissent,
2470 1801 2530 1847 ut
2573 1792 2840 1847 deleretur
2886 1790 3082 1845 malitia
3145 1787 3332 1843 tanta?
3381 1784 3574 1841 Cernis
3629 1786 3777 1854 quod

2180 1886 2338 1941 etiam
2367 1884 2489 1939 inde
2526 1884 2618 1938 Dei
2658 1881 2984 1952 providentia
3009 1878 3303 1950 appareat?
3332 1879 3448 1948 plus
3476 1879 3630 1932 enim
3662 1876 3781 1931 haec

2184 1975 2249 2030 ad
2281 1975 2399 2042 ejus
2428 1974 2572 2029 urbis
2609 1974 2831 2028 salutem
2861 1970 3103 2026 contulit.

2256 2065 2546 2135 Desperatio
2568 2064 2719 2119 telum
2741 2058 2945 2117 diaboli.
2968 2090 3041 2103 —-
3062 2062 3185 2116 Hmc
3209 2061 3364 2131 igitur
3378 2060 3615 2115 scientes
3640 2099 3659 2123 ,
3680 2073 3782 2127 spe

2188 2173 2474 2226 numquam
2502 2155 2770 2211 cadamus.
2804 2150 2992 2225 Neque
3015 2154 3155 2208 enim
3182 2152 3345 2207 ullum
3371 2151 3506 2206 adeo
3536 2150 3783 2205 validum

2184 2259 2264 2303 cst
2287 2248 2446 2303 telum
2467 2247 2698 2314 diabolo,
2720 2261 2782 2301 ac
2799 2246 3097 2315 desperatio
3119 2262 3134 2313 ;
3156 2242 3351 2300 idcirco
3371 2259 3543 2313 neque
3560 2252 3676 2295 tam
3696 2242 3787 2295 lae-

2189 2349 2297 2394 tum
2314 2354 2435 2395 eum
2456 2348 2732 2409 peccantes
2764 2334 3215 2404 reddimus,quam
3234 2335 3613 2406 desperantes.
3636 2332 3787 2386 Audi

2187 2434 2238 2487 in
2262 2431 2716 2502 fornicante,quod
2753 2431 2866 2500 plus
2885 2445 3039 2499 quam
3060 2435 3328 2498 peccatum
3357 2424 3553 2479 Paulus
3574 2424 3786 2491 despe-

2188 2526 2445 2580 rationem
2472 2524 2726 2578 timuerit.
2746 2516 3032 2577 Corinthiis
3049 2520 3190 2575 enim
3216 2516 3452 2593 scribens
3468 2515 3745 2583 sicinquit
3769 2530 3784 2565 :

499 2691 655 2754 mari,
678 2689 868 2745 iterum
901 2690 1141 2744 fiduciam
1169 2689 1373 2744 indidit.
1402 2688 1530 2743 Cum
1558 2691 1698 2744 enim
1729 2691 1939 2756 dicitur,
1975 2689 2087 2744 Do-

505 2799 595 2836 nec
632 2785 896 2853 formetur,
948 2790 1230 2852 utrumque
1273 2780 1566 2835 ostenditur
1589 2824 1601 2846 ,
1631 2789 1683 2836 et
1713 2781 1946 2834 nondum
1976 2782 2083 2834 for-

507 2885 707 2929 malum
735 2858 889 2941 esse,
915 2883 968 2927 et
991 2872 1208 2927 formari
1255 2874 1444 2927 iterum
1474 2888 1648 2942 posse.
1696 2872 1750 2926 Si
1782 2873 1921 2927 enim
1973 2872 2085 2928 ﬁeri

412 3034 413 3037 η
508 2980 613 3020 non
641 2976 840 3036 posset,
867 2967 918 3019 in
947 2980 1170 3019 vacuum
1197 2965 1263 3019 ad
1286 2981 1377 3020 eos
1399 2965 1644 3032 dixisset,
1673 2964 1843 3019 Donec
1864 2964 2090 3020 Christus

507 3059 756 3129 formetur
781 3060 834 3113 in
862 3058 996 3113 vobis
1019 3074 1037 3112 :
1059 3067 1111 3112 et
1135 3059 1277 3127 ipsos
1302 3073 1396 3128 spe
1424 3074 1560 3112 vana
1589 3059 1859 3113 lactasset.

589 3155 645 3207 2.
688 3153 979 3224 Desperatio
1008 3162 1052 3206 et
1078 3153 1306 3222 segnities
1327 3150 1635 3221 pernicioste.
1678 3178 1750 3190 ——
1788 3149 1911 3203 Hice
1937 3148 2094 3218 igitur

515 3245 746 3299 scientes
770 3285 784 3304 .
821 3258 988 3311 neque
1012 3243 1107 3311 ipsi
1136 3258 1163 3295 a
1194 3257 1288 3312 spe
1317 3240 1567 3296 cadamus
1590 3281 1604 3305 ,
1636 3239 1730 3295 sed
1773 3254 1945 3307 neque
1979 3254 2095 3292 om—

515 3339 644 3393 nino
671 3336 1014 3406 pigritemur;
1056 3345 1275 3404 utraque
1310 3333 1452 3388 enim
1487 3333 1600 3386 lucc
1640 3332 1957 3401 perniciosa.
1992 3331 2097 3384 De-

515 3430 747 3500 speratio
773 3428 984 3498 quidem
1007 3427 1269 3495 jac-cutem
1293 3438 1576 3492 exsurgere
1604 3438 1706 3476 non
1732 3421 1859 3475 sinit
1882 3461 1897 3487 ,
1929 3419 2093 3490 pigri-

521 3523 593 3575 tia
620 3536 749 3575 vero
778 3531 830 3573 et
857 3527 1082 3573 stantem
1115 3516 1306 3571 cadere
1344 3513 1469 3568 facit
1500 3531 1514 3567 :
1558 3520 1715 3583 atque
1760 3511 1849 3566 illa
1887 3510 2099 3581 quidem

519 3612 631 3681 jam
658 3609 818 3679 partis
846 3609 1054 3677 privare
1080 3621 1178 3660 nos
1207 3604 1344 3659 solet
1375 3603 1525 3657 bonis
1549 3644 1562 3667 ,
1591 3602 1706 3656 hmc
1736 3601 1887 3655 malis
1916 3600 2103 3669 quibus

524 3713 781 3770 urgemur
810 3712 907 3750 nos
933 3694 1145 3750 liberari
1178 3709 1282 3747 non
1309 3693 1470 3757 sinit,
1512 3702 1565 3746 et
1590 3691 1859 3760 neglectus
1889 3687 2102 3760 quidem

530 3808 595 3846 ex
625 3791 751 3861 ipsis
779 3787 1010 3843 detrudit
1038 3786 1183 3840 caelis
1206 3826 1222 3851 ,
1247 3784 1548 3853 desperatio
1568 3798 1695 3837 vero
1717 3784 1769 3837 in
1795 3783 1960 3851 ipsam
1992 3797 2109 3835 ma-

532 3884 662 3938 litia:
705 3881 917 3937 deducit
964 3880 1211 3950 abyssum
1239 3918 1253 3942 ,
1302 3878 1437 3932 sicut
1480 3877 1523 3930 si
1572 3891 1678 3930 non
1730 3875 2101 3942 desperemus,

534 3975 644 4029 cito
673 3975 814 4027 illinc
842 3971 1164 4027 reducimur.
1195 3968 1485 4024 Considera
1516 3983 1642 4022 vero
1666 3967 1934 4036 utriusque
1961 3966 2066 4019 vim
2095 3983 2109 4019 :

533 4066 777 4120 diabolus
803 4074 953 4119 antea
982 4063 1154 4118 bonus
1188 4069 1340 4126 erat;
1381 4061 1635 4130 pigritans
1670 4074 1796 4115 vero
1832 4068 1886 4113 et
1921 4057 2115 4127 desire-

532 4173 657 4212 rans
685 4156 912 4220 cecidit,
947 4164 1195 4224 tantaque
1221 4154 1444 4208 obrutus
1469 4152 1666 4206 malitia
1695 4160 1777 4204 est
1797 4193 1811 4216 ,
1843 4158 1902 4205 ut
1930 4150 1982 4203 in
2015 4164 2112 4219 po-

536 4256 736 4301 sterum
768 4262 873 4300 non
903 4255 1166 4312 resurgat.
1195 4243 1348 4312 Quod
1378 4243 1518 4297 enim
1564 4241 1735 4296 bonus
1774 4241 1967 4303 fuerit,
1996 4239 2116 4293 audi

538 4335 667 4406 quid
696 4335 901 4390 dicatur
929 4353 943 4389 :
983 4334 1100 4389 Vidi
1128 4345 1355 4389 satanam
1393 4332 1544 4386 veluti
1573 4331 1745 4404 fulgur
1773 4332 2028 4384 cadentem
2057 4331 2120 4384 de

538 4428 661 4481 creto
714 4424 884 4498 (Luc.
928 4427 1015 4480 10.
1060 4424 1190 4497 18).
1234 4426 1476 4494 Fulguris
1515 4426 1655 4479 enim
1696 4423 2022 4488 similitudo,
2066 4432 2117 4478 et

537 4518 829 4574 claritatem
863 4517 1100 4589 pristina:
1127 4516 1544 4573 conversatiOnis
1569 4515 1840 4582 ostendit,
1882 4523 1936 4569 et
1968 4528 2122 4569 casus

542 4609 902 4664 velocitatem.
937 4608 1129 4662 Paulus
1157 4607 1494 4677 blasphemus
1537 4614 1690 4672 erat,
1732 4613 1789 4660 et
1829 4618 2121 4674 persequu-

540 4711 663 4765 tor,
691 4707 747 4753 et
774 4698 1190 4754 contumeliosus
1227 4714 1242 4751 :
1284 4698 1406 4766 quia
1449 4711 1576 4752 vero
1614 4695 1890 4751 desudavit
1933 4701 1987 4749 et
2029 4708 2123 4761 spe

543 4803 648 4842 non
676 4787 910 4850 decidit,
940 4796 993 4842 et
1021 4787 1324 4841 exsurrexit
1345 4829 1361 4851 ,
1389 4801 1486 4857 par
1510 4787 1712 4854 angelis
1734 4783 1952 4839 ellectus
1983 4800 1996 4834 :
2025 4782 2122 4837 Ju-

541 4880 638 4934 das
665 4880 936 4951 apostolus
966 4887 1077 4934 erat
1107 4920 1121 4945 ,
1167 4877 1260 4933 sed
1287 4879 1540 4947 pigritans
1566 4876 1734 4931 factus
1758 4884 1841 4930 est
1866 4873 2121 4943 proditor.

544 4971 704 5026 Latro
738 4971 863 5024 item
892 4980 1011 5039 post
1040 4978 1242 5024 tantum
1273 4968 1486 5022 malitiae
1510 5007 1525 5032 ,
1556 4967 1677 5036 quia
1704 4966 1771 5019 de
1796 4979 1892 5034 spe
1916 4979 2022 5018 non
2054 4962 2130 5016 la-

543 5075 676 5132 psus
723 5069 805 5115 est
830 5101 846 5127 ,
890 5069 1013 5115 ante
1053 5060 1186 5114 alios
1226 5057 1528 5128 paradisum
1571 5054 1864 5125 ingreditur
1895 5069 1909 5107 :
1941 5051 2128 5107 Phari-

544 5169 689 5210 smus
740 5152 1016 5209 conlidens
1052 5168 1120 5207 ex
1156 5151 1272 5220 ipso
1308 5147 1514 5215 virtutis
1556 5147 1788 5202 culmine
1828 5143 2025 5200 decidit
2075 5143 2128 5197 in

545 5246 911 5318 profundum:
961 5244 1273 5316 publicanus
1328 5241 1450 5310 quia
1498 5254 1603 5293 non
1655 5236 1991 5305 desperavit,
2050 5232 2130 5287 sic

545 5350 757 5396 erectus
780 5346 898 5403 est,
930 5345 987 5391 ut
1026 5335 1172 5389 illum
1212 5332 1549 5402 praeveniret.
1585 5328 1677 5383 Vis
1722 5336 1779 5381 ut
1819 5326 1910 5379 tibi
1949 5332 2133 5378 osten-

548 5435 672 5491 dam
699 5441 753 5487 et
782 5429 967 5485 urbem
998 5435 1160 5481 totam
1205 5424 1307 5478 hoc
1347 5421 1578 5477 fecisse?
1620 5416 1967 5496 Ninivitarum
2008 5412 2135 5467 urbs

551 5524 632 5580 sic
656 5520 830 5576 omnis
855 5528 1061 5573 servata
1089 5523 1172 5570 est
1201 5533 1215 5569 :
1249 5513 1368 5568 illos
1396 5520 1541 5567 certe
1579 5509 1686 5562 lata
1721 5505 1830 5576 jam
1874 5503 2134 5559 sententia

554 5627 583 5666 ι
607 5628 702 5681 Spe
721 5610 1020 5681 depulerat.
1048 5606 1163 5661 Non
1190 5604 1330 5659 enim
1353 5601 1518 5665 dixit,
1545 5599 1599 5654 Si
1628 5595 1987 5667 pcenitentiam
2016 5607 2139 5663 cge-

556 5711 664 5757 rtut
690 5743 704 5769 ,
737 5700 1087 5757 servabuntur
1114 5715 1126 5751 :
1154 5695 1246 5753 scd
1276 5694 1487 5761 solum,
1530 5690 1573 5746 Τ
1576 5707 1654 5746 res
1698 5688 1863 5743 adhuc
1905 5688 2011 5743 dies
2032 5727 2049 5751 ,
2087 5694 2135 5740 et

2196 2617 2414 2670 Omnino
2441 2617 2645 2669 auditur
2666 2615 2720 2668 in
2749 2610 2885 2667 vobis
2928 2613 3229 2682 fornicatio,
3269 2620 3314 2663 et
3369 2609 3482 2663 tatis
3521 2622 3640 2678 qua:
3691 2620 3788 2659 nec

2192 2711 2320 2763 inter
2343 2717 2511 2777 gentes
2539 2707 2861 2769 nominatur(
2886 2704 2903 2757 l
2930 2703 3045 2758 Cor.
3067 2704 3120 2759 5.
3147 2702 3238 2773 Γ).
3264 2700 3377 2755 Νοη
3403 2700 3533 2754 dixit
3555 2740 3571 2762 ,
3602 2697 3785 2763 Quam

2193 2816 2294 2856 nec
2350 2800 2403 2854 in
2453 2798 2697 2869 gentibus
2745 2796 2978 2859 audent,
3033 2790 3167 2859 sed‘,
3209 2791 3386 2862 Neque
3429 2789 3729 2843 nominatur
3756 2800 3782 2838 ‘:

2195 2891 2335 2962 quod
2361 2892 2443 2946 vel
2471 2891 2684 2945 nomine
2720 2889 2895 2943 solum
2924 2889 3024 2941 illis
3050 2884 3380 2941 intolerabile
3414 2893 3490 2936 est
3517 2921 3533 2944 ,
3580 2880 3637 2934 id
3677 2880 3786 2949 ipsi

2196 2998 2358 3051 opere
2386 2984 2496 3037 ausi
2525 2983 2671 3037 estis.
2703 2978 2768 3034 Et
2796 2998 2880 3035 vos
2916 2979 3081 3048 inflati
3130 2977 3244 3032 estis
3284 2974 3350 3050 (l
3360 2976 3459 3028 bid.
3487 2990 3536 3027 υ.
3561 2973 3597 3026 2
3626 2971 3690 3041 )?
3720 2967 3788 3024 Et

2198 3090 2303 3129 non
2332 3075 2502 3140 dixit,
2534 3072 2627 3128 ille
2655 3072 2864 3127 inflatus
2892 3082 2973 3125 est
3000 3089 3013 3123 :
3058 3066 3303 3123 sed'eum
3329 3108 3344 3132 ,
3382 3067 3469 3135 qui
3514 3078 3787 3134 peccave-

2200 3175 2282 3221 rat
2305 3206 2320 3231 ,
2345 3165 2613 3220 dimittens
2632 3205 2646 3229 ,
2674 3178 2833 3219 sanos
2859 3163 3139 3231 alloquitur
3163 3178 3176 3213 :
3202 3157 3648 3230 quemadmodum
3672 3170 3805 3208 meo-

2204 3259 2306 3312 dici
2364 3256 2600 3322 faciunt,
2637 3269 2808 3325 aegros
2857 3250 3180 3307 dimittentcs
3207 3291 3223 3315 ,
3268 3246 3424 3317 apud
3456 3246 3789 3316 propinquos

2206 3349 2384 3418 plures
2413 3361 2688 3402 sermones
2717 3344 2932 3399 habent.
2965 3341 3208 3409 Klioquin
3249 3339 3299 3393 hi
3325 3338 3495 3393 omnis
3522 3346 3789 3403 arrogan-

2207 3442 2294 3496 tiae
2338 3439 2417 3495 illi
2451 3448 2693 3493 auctores
2731 3444 2882 3491 erant
2906 3476 2920 3501 ,
2958 3433 3099 3503 quod
3135 3447 3254 3486 eum
3298 3445 3403 3484 non
3449 3427 3805 3495 corriperent

2210 3547 2309 3586 nec
2362 3537 2642 3585 terrerent.
2701 3525 2914 3581 Crimen
2957 3524 3114 3594 igitur
3156 3532 3433 3577 commune
3474 3515 3640 3580 fecit,
3681 3526 3791 3583 quo

2212 3622 2378 3677 facilis
2403 3620 2605 3675 curatio
2634 3617 2866 3673 vulneris
2891 3623 3052 3670 esset.
3078 3612 3248 3668 Grave
3267 3609 3474 3681 quidem
3506 3615 3789 3676 peceatum

2214 3724 2295 3769 est
2316 3755 2332 3780 ,
2364 3711 2456 3767 sed
2483 3712 2648 3765 multo
2677 3709 2886 3779 gravius
2910 3706 3073 3759 altum
3096 3717 3283 3773 sapere
3307 3703 3355 3755 in
3388 3706 3625 3769 peccato.
3652 3694 3790 3751 Nam

2215 3805 2263 3858 si
2291 3803 2357 3858 de
2386 3802 2588 3871 justitia
2638 3798 2809 3853 inflari
2833 3838 2849 3863 ,
2897 3795 3113 3866 iustitia:
3150 3794 3219 3847 sit
3258 3789 3529 3846 evacuatio
3560 3805 3574 3840 :
3622 3788 3795 3840 multo

2219 3892 2386 3963 magis
2428 3891 2480 3945 id
2523 3891 2573 3944 in
2616 3887 2843 3957 peccatis
2879 3885 2922 3939 si
2966 3882 3269 3949 contingat,
3310 3879 3591 3932 maximam
3638 3877 3796 3931 nobis

2214 3984 2474 4054 iacturam
2505 3980 2730 4044 inferet,
2760 3985 2919 4046 atque
2946 3974 3074 4043 ipsis
3106 3971 3335 4041 peccatis
3375 3969 3543 4037 majus
3585 3967 3793 4022 crimen

2223 4076 2396 4133 fuerit.
2425 4076 2711 4144 Propterea
2741 4069 2907 4138 inquit
2936 4086 2951 4123 :
2983 4066 3106 4122 Cum
3135 4064 3301 4118 omnia
3340 4076 3452 4130 qum
3485 4060 3797 4130 prwcipinn-

2224 4181 2306 4221 tur
2349 4167 2484 4221 vobis
2509 4207 2524 4230 ,
2569 4162 2821 4235 feceritis,
2865 4159 3012 4213 dicite
3052 4158 3169 4227 quia
3214 4155 3337 4209 servi
3380 4153 3578 4206 inutiles
3622 4166 3797 4204 sumus

2227 4253 2675 4331 (Luc.l7.10).
2726 4253 2780 4308 Si
2837 4251 2976 4306 enim
3004 4264 3135 4314 eos,
3185 4246 3272 4316 qui
3320 4244 3497 4299 omnia
3555 4242 3794 4303 faciunt'.

2225 4351 2454 4418 dejicere
2509 4362 2568 4402 se
2612 4353 2820 4415 oportet
2864 4361 2878 4398 :
2918 4342 3082 4396 multo
3129 4339 3293 4408 magis
3350 4346 3403 4390 et
3463 4343 3794 4405 peccatorem

2228 4443 2356 4497 ﬂere
2429 4439 2611 4500 decet,
2665 4446 2719 4492 ct
2761 4436 2997 4489 infimum
3062 4446 3179 4485 sese
3224 4428 3458 4482 omnium
3516 4425 3796 4479 existima—

2230 4551 2309 4591 re.
2375 4533 2433 4588 ld
2490 4533 2664 4600 itaque
2708 4526 3028 4590 ostendens,
3091 4531 3214 4576 tunc
3252 4520 3417 4583 dixit,
3472 4516 3536 4569 Et
3562 4533 3665 4569 non
3696 4532 3801 4568 ma-

2231 4628 2306 4698 gis
2350 4623 2555 4695 flevistis
2615 4621 2633 4692 (
2676 4621 2726 4675 1.
2774 4616 2893 4672 Cor.
2941 4617 2994 4671 5.
3038 4612 3075 4668 2
3112 4612 3174 4684 )?
3231 4609 3364 4676 Quid
3428 4606 3604 4661 dicis?
3670 4606 3805 4661 alter

2236 4716 2489 4787 peccavit,
2548 4721 2601 4766 et
2646 4725 2744 4779 ego
2788 4704 3046 4778 plorabo?
3106 4703 3217 4765 Ita,
3278 4699 3444 4768 inquit
3489 4715 3504 4751 :
3561 4698 3804 4766 corporis

2234 4808 2374 4862 enim
2460 4814 2512 4859 ct
2570 4801 2927 4857 membrorum
2980 4794 3223 4864 exemplo
3300 4800 3482 4846 mutuo
3544 4788 3805 4856 compacti

2235 4911 2461 4958 sumus;
2510 4894 2560 4947 in
2599 4906 2823 4963 corpore
2863 4898 3039 4942 autem
3083 4882 3288 4940 tametsi
3334 4895 3427 4950 pes
3454 4879 3646 4933 vulnus
3671 4880 3809 4931 acci-

2238 4991 2365 5062 piat,
2409 4987 2553 5041 humi
2582 4992 2740 5054 caput
2766 4981 3003 5038 inclinari
3030 4979 3289 5033 videmus.
3324 4974 3386 5029 Et
3411 4973 3534 5044 quid
3561 4988 3628 5027 eo
3649 4987 3808 5027 vene-

2240 5078 2498 5137 rabilius?
2537 5076 2640 5133 Sed
2670 5086 2842 5130 tamen
2869 5072 3174 5141 dignitatem
3206 5083 3352 5122 suam
3375 5081 3479 5119 non
3500 5063 3651 5118 novit
3670 5062 3807 5116 cala-

2241 5175 2436 5232 mitatis
2475 5181 2715 5243 tempore
2744 5186 2756 5220 :
2784 5168 2922 5221 idem
2943 5174 2997 5220 et
3034 5164 3144 5231 ipse
3176 5160 3276 5214 fac.
3322 5160 3496 5227 Quare
3525 5164 3580 5211 et
3617 5155 3807 5209 Paulus

2242 5268 2525 5332 admonet,
2567 5262 2797 5318 Gaudere
2822 5273 2931 5312 cum
2957 5254 3284 5327 gaudentibus
3306 5252 3472 5338 ,λιστα
3509 5265 3625 5303 cum
3647 5249 3808 5318 flenti-

2311 5445 2328 5477 ¹
2363 5442 2407 5491 si
2424 5439 2637 5490 sarravio
2659 5434 2881 5487 credatur
2903 5431 2960 5480 ad
2986 5427 3260 5491 Salmasium
3277 5421 3540 5491 scribenti,
3561 5418 3666 5491 loco
3685 5419 3812 5491 vocis

2241 5480 2646 5564 ϐτωέεἰξῖιέἑμῖἐιὲῖν
2662 5480 3415 5564 ἱὶιῐῶίᾱεὲιϋισιίοηεεη,ξίὲξύίίοέιτ
3443 5480 3809 5564 ¹ῗε⁴ἷ¹1εἶί¹ι¹ἓηὲ1

2248 5541 2661 5629 amittet.
2674 5541 2904 5629 Ἰθίίῷὖῇιέ
2928 5541 3812 5629 ξεέίέτ..ἓὲἓηίίξὲἶξνῖνι,ἒὶῖςιζέἐδρὲἒὶὶίὲίξὲῗ

2248 5603 2863 5683 ἷὶῖδῖἶὲἶίιόξῆἰᾶἧῗαίίὲιῧιἯι
2887 5629 2899 5663 :
2925 5603 3153 5683 ueterum
3177 5603 3501 5683 liuicdectioui
3518 5603 3649 5655 favet
3660 5603 3810 5652 serie:

2253 5675 2380 5751 ipsi;
2405 5693 2452 5736 et
2477 5675 2872 5746 alimuin'qunater
2887 5675 3124 5738 repetitur
3141 5684 3253 5730 vox,
3278 5676 3471 5731 διηισιάο.
