3894 6226
231 312 343 370 273

230 426 343 497 γάρ
377 424 469 478 ἐπὶ
495 423 604 479 τῶν
625 424 869 495 φυσικῶν
893 424 1068 481 τόκων
1098 425 1379 482 ἀδύνατον.
1412 428 1512 483 Διά
1544 431 1596 483 τί
1621 429 1679 484 δὲ
1707 430 1807 484 οὐκ

230 504 531 584 ι281]εῐπε
550 526 565 540 ⁸
608 512 821 563 Τεκνία
832 526 976 579 μου,
1005 510 1112 578 οὒς
1134 511 1321 566 πάλιν
1363 512 1665 581 ἀναγεννῶ,
1695 512 1808 567 ἀλλ’

228 593 465 654 (Mira);
494 592 667 646 καίτοι
705 608 769 661 γε
820 592 1053 664 ἀλλαχοῦ
1101 596 1294 665 γεννᾷν
1329 612 1493 667 φησιν
1515 613 1531 630 ο
1574 597 1671 651 Ἐν
1702 597 1811 669 7&9

230 671 470 744 Χριστῷ
511 674 708 742 Ἰησοῦ
740 674 896 744 ὑμᾶς
924 675 1244 745 ἐγέννησα.
1285 678 1433 731 Ἐκεῖ
1465 679 1563 749 μὲν
1594 676 1688 732 οὖν
1715 678 1812 751 τὴν

234 759 554 830 συγγένειαν
592 758 830 829 δηλῶσαι
868 760 1028 830 μόνον
1055 759 1306 814 ἐϐούλετο
1327 777 1339 791 ·
1371 762 1604 832 ἐνταῦθα
1633 761 1689 814 δὲ
1716 764 1812 816 καὶ

229 844 324 897 τὸν
351 843 512 897 πόνον
524 843 874 913 παραστῆσαι
906 842 1225 909 ἐσπούδαζε.
1246 843 1370 908 Πῶς
1390 844 1447 897 δὲ
1475 846 1643 898 τέκνα
1658 845 1815 897 καλεῖ

229 930 305 982 τά
336 926 559 998 μηδέπω
586 926 882 996 τεχθέντας
918 928 967 980 εί
994 926 1102 998 γάρ
1134 927 1332 992 ὠδίνει,
1375 928 1584 982 οὐδέπω
1621 928 1774 981 ἔτεκε
1794 945 1808 959 ·

232 1006 462 1075 ταῦςοῦν
484 1009 648 1063 τέκνα
678 1009 874 1075 καλεῖ;
930 1010 1050 1064 Ἵνα
1090 1010 1288 1082 μάθῃς,
1336 1012 1424 1065 ,ὅτι
1466 1013 1572 1079 (οὐ)
1611 1011 1813 1075 ταύτας

228 1095 413 1148 ὠδίνει
442 1093 544 1158 τὰς
574 1092 800 1165 πρώτας
845 1093 1064 1157 ὠδῖνας,
1095 1094 1232 1165 ὅπερ
1261 1094 1444 1149 ἱκανὸν
1469 1090 1538 1165 ἦν
1570 1095 1813 1159 ἐκείνους

232 1176 516 1251 ἐντρέψαι.
553 1177 666 1230 Καὶ
717 1176 827 1248 γὰρ
859 1177 1147 1248 ἐγενόμην,
1208 1177 1394 1248 φησὶν,
1423 1177 1570 1244 ams
1604 1179 1810 1250 πατὴρ,

230 1262 330 1314 καὶ
360 1259 453 1313 τὸν
482 1259 830 1329 ὀφειλόμενον
856 1261 940 1328 ἐφ’
970 1261 1099 1331 ὑμῖν
1128 1260 1395 1331 ὑπέμεινα
1430 1261 1606 1326 τόκον,
1642 1261 1817 1330 ἐγένε-

232 1344 331 1398 σθε
359 1342 416 1396 δὲ
449 1340 616 1396 τέκνα
646 1342 740 1395 καλ⁸
780 1342 939 1413 ὑμεῖς
964 1341 1110 1410 ama
1135 1359 1149 1373 °
1175 1342 1294 1405 πῶς
1322 1340 1414 1397 οὖν
1446 1344 1606 1398 πάλιν
1637 1362 1703 1415 με
1733 1345 1813 1407 είς

227 1425 496 1496 δευτέρας
534 1423 728 1486 ὠδῖνας
764 1423 1099 1495 ἐμϐάλλετε;
1138 1426 1312 1480 ίκανοὶ
1338 1428 1387 1480 οί
1420 1427 1571 1481 πόνοι
1591 1426 1700 1481 τῶν
1726 1428 1814 1480 τό-

230 1528 350 1565 κων
381 1509 489 1562 τῶν
515 1506 575 1573 ἐξ
601 1509 795 1579 ἀρχῆς,
847 1507 901 1561 τί
927 1525 995 1580 με
1031 1508 1321 1564 διατείνετε
1358 1510 1521 1566 πάλιν
1547 1513 1666 1575 ταῖς
1692 1510 1814 1564 ὀδύ-

230 1608 386 1658 ναιςς
428 1590 548 1645 Τῶν
576 1590 685 1662 γὰρ
715 1588 938 1660 μηδέπω
961 1593 1400 1647 πεπιστευκότων
1428 1594 1530 1647 οὐκ
1555 1594 1812 1648 ἐλάττονα

230 1676 397 1729 πόνον
426 1676 684 1745 παρεῖχεν
729 1672 879 1743 αὐτῷ
897 1672 1006 1726 τῶν
1038 1674 1247 1731 πιστῶν
1273 1675 1344 1729 τὰ
1382 1675 1671 1747 πτώματα.
1702 1677 1812 1730 Καὶ

229 1758 346 1830 γὰρ
374 1754 443 1829 ῆν
474 1757 767 1828 ἀφόρητον,
793 1758 930 1828 μετά
956 1758 1054 1829 τὴν
1078 1759 1187 1812 τῶν
1218 1758 1471 1813 τοιούτων
1498 1760 1812 1831 μυστηρίων

233 1840 524 1895 κοινωνίαν
570 1841 706 1912 πρὸς
760 1842 859 1912 τὴν
894 1840 1150 1895 ἀσέϐειαν
1187 1842 1617 1913 αὐτομολοῦντας
1645 1844 1807 1914 ὁρᾷν·

233 1924 318 1977 διὸ
347 1923 441 1976 καὶ
474 1922 681 1993 σφόδρα
716 1923 880 1994 δριμὺ
905 1924 998 1977 καὶ
1036 1925 1216 1994 πάσης
1239 1925 1493 1994 γυναικὸς
1515 1925 1813 1995 περιπαθέ-

238 2022 431 2077 στερον
458 2001 781 2069 ἀνωλόλυξε,
813 2005 1019 2074 λέγων·
1057 2008 1266 2060 Τεκνία
1307 2025 1447 2076 μου,
1480 2008 1589 2073 οὓς
1628 2005 1814 2060 πάλιν

234 2089 447 2153 ὠδίνω,
475 2087 649 2157 ἄχρις
680 2085 750 2143 οὗ
770 2088 1055 2159 μορφωθῇ
1082 2090 1420 2159 Χριστὸςὲν
1442 2090 1602 2160 ὑμῖν.
1645 2091 1813 2143 Τοῦτο

230 2174 293 2227 δὲ
321 2173 527 2242 ἔλεγεν,
567 2170 702 2244 ὁμοῦ
732 2173 827 2226 καὶ
857 2172 1119 2244 θαρρῦναι
1156 2174 1251 2227 καὶ
1284 2174 1517 2244 φοϐῆσαι
1552 2175 1808 2245 βουλόμε-

232 2272 357 2319 νοςο
391 2256 451 2309 τὸ
483 2255 581 2326 μὲν
628 2255 737 2326 7&9
775 2254 943 2321 δεῖξαι
971 2255 1045 2327 μὴ
1078 2258 1502 2328 μεμορφωμένον
1540 2260 1597 2310 ἐν
1631 2259 1813 2322 αὐτοῖς

230 2340 327 2392 τὸν
349 2337 603 2409 Χριστὸν,
638 2337 877 2405 ἀγωνίαν
904 2340 997 2390 καὶ
1025 2339 1188 2408 φόϐον
1217 2339 1466 2392 ἐνέϐαλλε
1492 2356 1506 2371 ⁶
1545 2341 1606 2393 τὸ
1633 2341 1687 2394 δέ
1717 2343 1813 2411 ἐμ-

234 2423 408 2493 φῆναι
431 2422 514 2474 ὅτι
541 2421 763 2475 δυνατὸν
796 2421 960 2474 αὐτὸν
1002 2422 1370 2493 μορφωθῆναι,
1400 2424 1561 2476 πάλιν
1592 2425 1811 2495 θαρρεῖν

234 2502 634 2577 παρεσκεύαζε.
664 2504 737 2556 Τὸ
774 2504 881 2574 7&9
908 2507 1103 2569 εἰπεῖν,
1138 2507 1342 2573 Ἀχρις
1390 2502 1460 2560 οὗ
1503 2505 1807 2575 μορφωθῇ,

233 2589 523 2660 ἀμφότερὰ
556 2587 727 2641 ταῦτά
753 2589 899 2641 ἐστιν
925 2588 1356 2659 ἐνδεικνυμένου,
1382 2591 1474 2643 καὶ
1495 2590 1577 2643 ὅτι
1604 2591 1811 2644 οὐδέπω

238 2673 616 2744 μεμόρφωται,
647 2671 741 2724 καὶ
769 2672 850 2724 ὅτι
877 2671 1098 2724 δυνατὸν
1146 2673 1497 2744 μορφωθῆναι
1537 2673 1716 2728 πάλιν.
1746 2675 1810 2729 Εί

233 2755 345 2826 γάρ
366 2755 440 2825 μὴ
473 2754 693 2807 δυνατὸν
712 2750 799 2825 ἦν,
827 2753 950 2823 εἰκῆ
981 2756 1118 2825 πρὸς
1146 2756 1341 2818 αὐτοὺς
1371 2756 1574 2823 ἔλεγεν,
1614 2758 1810 2824 Ἀχρις

234 2834 309 2894 οὗ
334 2836 621 2908 μορφωθῇ
646 2837 980 2905 Χριστόςέν
1008 2837 1170 2907 ὑμῖν,
1204 2840 1296 2893 καὶ
1330 2839 1587 2910 ματαίαις
1614 2840 1808 2904 αὐτοὺς

232 2918 462 2993 ἔτρεφεν
490 2920 686 2974 ἐλπίσι.

311 3128 378 3203 β’.
407 3130 590 3185 Ταῦτα
617 3127 709 3187 οῦν
738 3130 938 3195 εἰδότες
970 3129 1104 3202 μηδέ
1130 3131 1289 3201 ἡμεῖς
1312 3129 1807 3198 ἀπογινώσκωμεν,

235 3212 376 3268 ἀλλά
397 3214 531 3286 μηδέ
559 3214 965 3286 ῥαθυμήσωμεν
998 3212 1213 3276 ἁπλῶς·
1243 3214 1477 3282 ἑκάτερα
1508 3210 1617 3282 γὰρ
1639 3210 1814 3264 ταῦτα

240 3296 482 3366 ὀλέθρια.
501 3298 562 3350 Ἠ
588 3298 685 3367 μὲν
701 3296 808 3367 γὰρ
824 3297 1131 3365 ἀπόγνωσις
1154 3296 1246 3348 τὸν
1269 3294 1520 3364 κείμενον
1531 3295 1631 3347 οὐκ
1646 3292 1812 3364 ἀφίη-

238 3396 327 3432 σιν
375 3379 693 3449 ἀναστῆναι,
757 3381 791 3451 ή
840 3379 898 3432 δὲ
947 3378 1189 3450 ῥᾳθυμία
1231 3379 1324 3431 τὸν
1360 3376 1570 3430 ἑστῶτα
1609 3388 1637 3417 ι
1673 3376 1815 3428 ποιεῖ

240 3465 605 3519 καταπίπτειν
628 3483 641 3496 ·
674 3464 859 3535 ἐκείνη
889 3465 997 3519 τῶν
1021 3461 1386 3534 πορισθέντων
1427 3460 1645 3529 ἀγαθῶν
1683 3460 1818 3512 ἀποο

240 3550 453 3619 στερεῖν
478 3548 687 3614 εἴωθεν,
716 3548 855 3619 αῦτη
887 3548 996 3602 τῶν
1043 3546 1405 3616 ἐπικειμένων
1451 3545 1551 3597 οὐκ
1590 3543 1814 3613 ἀφίησιν

240 3631 617 3703 ἀπαλλαγῆναι
642 3633 856 3687 κακῶνο
885 3634 979 3686 καὶ
1010 3633 1043 3703 ἡ
1079 3632 1177 3703 μὲν
1210 3630 1612 3700 καταφρόνησις
1641 3627 1733 3680 καὶ
1754 3627 1814 3693 ἐξ

241 3715 423 3769 αὐτῶν
472 3719 769 3787 καταφέρει
818 3716 926 3770 τῶν
954 3715 1217 3787 οὐρανῶν,
1245 3716 1279 3786 ή
1315 3714 1370 3766 δὲ
1401 3712 1709 3780 ἀπόγνωσις
1735 3711 1814 3773 είς

241 3799 412 3870 αὐτὴν
466 3800 694 3868 κατάγει
724 3800 821 3870 τῆς
849 3799 1047 3861 κακίας
1069 3798 1167 3867 τὴν
1217 3797 1474 3861 ἄϐυσσον,
1508 3794 1695 3866 ὥσπερ
1720 3790 1813 3847 οὖν

240 3882 302 3934 τὸ
340 3883 412 3953 μή
442 3880 749 3950 ἀπογνῶναι
784 3882 1038 3935 κάκεῖθεν
1071 3881 1279 3951 ταχέως
1292 3879 1619 3951 ἀναδραμεῖν
1650 3879 1809 3931 ποιεῖ.

240 3964 520 4019 Σκόπειδέ
547 3964 869 4036 ἀμφοτέρων
922 3965 1023 4034 τὴν
1050 3963 1199 4033 ίσχύν
1223 3979 1239 3994 ο
1271 3964 1299 4015 6
1332 3961 1576 4024 διάϐολος
1613 3961 1814 4029 ἀγαθὸς

240 4043 311 4118 ῆν
343 4048 447 4119 πρὸ
479 4047 669 4101 τούτου
692 4062 705 4077 ·
742 4046 1065 4118 ρᾳθυμήσας
1108 4046 1165 4098 δέ
1196 4046 1290 4098 καὶ
1325 4045 1592 4112 ἀπογνοὺς
1621 4043 1814 4095 ἔπεσεν

241 4134 324 4196 εἰς
371 4131 634 4203 τοσαύτην
682 4132 901 4194 κακίαν,
955 4131 1031 4193 ώς
1083 4128 1217 4201 μηδέ
1249 4128 1542 4198 ἀναστῆναι
1582 4126 1767 4179 λοιπόν
1794 4140 1811 4156 ο

241 4216 326 4268 ὅτι
361 4214 473 4285 γὰρ
515 4214 717 4280 ἀγαθὸς
762 4209 852 4284 ἦν,
904 4212 1134 4267 ἄκουσον
1182 4210 1232 4262 τί
1279 4226 1476 4279 φησιν’
1504 4205 1683 4262 Εἶδον
1710 4207 1815 4260 τὸν

242 4296 520 4353 Σατανᾶν
539 4297 620 4363 ὠς
646 4295 966 4364 ἀστραπὴν
1000 4296 1069 4348 ἐκ
1107 4293 1212 4347 τοῦ
1243 4291 1501 4361 οὐρανοῦ
1524 4293 1811 4345 πεσόντα.

255 4382 318 4433 Ἦ
349 4381 407 4433 δὲ
431 4379 715 4451 ἀστραπῆς
744 4377 1028 4450 παραϐολὴ
1046 4378 1139 4430 καὶ
1161 4375 1221 4429 τὸ
1251 4375 1476 4447 φαιδρὸν
1492 4375 1591 4445 τῆς
1620 4372 1817 4445 προτέ-

246 4481 345 4537 ρας
372 4464 638 4517 δείκνυσιν
651 4462 1018 4533 ἀναστροφῆς,
1037 4459 1130 4513 καὶ
1158 4459 1254 4529 τὴν
1286 4458 1387 4527 τῆς
1414 4458 1671 4520 πτώσεως
1693 4454 1815 4522 ὀξύ-

242 4565 401 4619 τητα.
444 4547 501 4601 Ὀ
535 4545 741 4610 Παῦλος
786 4547 1101 4616 βλάσφημος
1139 4538 1230 4614 ἦν,
1279 4543 1375 4596 καὶ
1426 4540 1679 4611 διώκτης,
1721 4539 1816 4593 καὶ

245 4632 534 4704 ὑϐριστήςο
565 4631 750 4701 ἐπειδὴ
774 4630 831 4683 δὲ
866 4628 1162 4683 ἐσπούδασε
1192 4627 1285 4680 καὶ
1321 4625 1421 4678 οὐκ
1443 4625 1684 4693 ἀπέγνω,
1721 4624 1814 4677 καὶ

242 4717 442 4785 ἀνέστη
470 4713 693 4768 καὶτῶν
739 4713 987 4781 ἀγγέλων
1024 4710 1246 4780 γέγονεν
1287 4710 1426 4772 ἶσος·
1458 4710 1487 4760 6
1519 4708 1576 4761 δὲ
1616 4708 1815 4771 Ἰούδας

242 4799 538 4862 ἀπόστολος
556 4794 644 4869 ἦν,
666 4797 803 4851 ἀλλὰ
836 4796 1156 4867 ρᾳθυμήσας
1208 4793 1398 4862 γέγονε
1429 4792 1712 4864 προδότης.
1757 4793 1815 4846 '0

243 4880 445 4953 λῃστὴς
476 4880 635 4934 πάλιν
668 4880 805 4950 μετά
826 4878 1091 4949 τοσαύτην
1119 4878 1335 4941 κακίαν,
1359 4875 1544 4944 ἐπειδὴ
1605 4876 1679 4946 μὴ
1711 4876 1814 4928 ἁπ-

243 4966 408 5032 έγνω,
445 4963 550 5034 πρὸ
577 4962 685 5016 τῶν
709 4963 883 5017 ἄλλων
928 4962 1179 5016 ἁπάντων
1216 4961 1296 5023 εἰς
1343 4959 1435 5012 τὸν
1486 4957 1814 5029 παράδεισον

245 5047 523 5119 εἰσῆλθεν·
560 5049 588 5100 6
611 5046 902 5117 Φαρισαῖος
948 5037 1225 5116 θαρρήσας
1271 5042 1333 5107 ἐξ
1369 5041 1533 5095 αὐτοῦ
1561 5044 1661 5113 τῆς
1684 5042 1814 5112 ἀρε-

242 5133 343 5200 τῆς
369 5129 678 5199 κατηνέχθη
708 5128 804 5182 τοῦ
859 5127 1024 5197 ὕψους
1046 5146 1059 5157 ο
1085 5130 1114 5180 ὁ
1153 5124 1389 5195 τελώνης
1416 5124 1491 5195 μὴ
1522 5125 1810 5193 ἀπογνοὺς,

244 5208 417 5277 οὕτως
444 5212 673 5284 ὼρθώθη
703 5212 778 5275 ώς
803 5212 1050 5265 κάκεῖνον
1084 5210 1484 5281 παραδραμεῖν.
1515 5208 1702 5261 Βούλει
1731 5225 1812 5262 σοι

241 5295 401 5360 δείξω
426 5297 520 5349 καὶ.
551 5294 705 5348 πόλιν
738 5294 1026 5366 ὁλόκληρον
1050 5293 1209 5347 τοῦτο
1241 5296 1578 5363 ποιήσασαν;
1620 5292 1684 5344 Ἥ
1705 5290 1815 5343 τῶν

243 5378 538 5434 Νινευῖτῶν
566 5376 716 5441 πόλις
736 5375 908 5439 οὕτως
929 5375 1106 5447 ἐσώθη
1134 5376 1311 5430 πᾶσα·
1338 5375 1512 5428 καίτοι
1531 5391 1594 5443 γε
1619 5376 1650 5446 ή
1677 5374 1814 5428 ἀπό-

244 5479 408 5533 φασις
434 5463 513 5524 είς
539 5461 844 5529 ἀπόγνωσιν
872 5460 1067 5523 αὐτοὺς
1095 5458 1346 5513 ἐνέϐαλεν
1373 5473 1387 5488 ’
1428 5458 1489 5510 οὐ
1529 5457 1637 5529 7&9
1662 5455 1813 5529 [282]

246 5541 396 5601 εἶπεν
423 5542 525 5609 ὅτι,
540 5545 667 5599 Ἐὰν
691 5546 1081 5616 μετανοήσωσι,
1104 5542 1458 5614 σωθήσονται,
1475 5541 1588 5595 ἀλλ’
1607 5541 1811 5605 ἁπλῶς,

325 5753 341 5773 ⁸
367 5743 611 5795 Snvi|.m1
637 5745 716 5794 τὸν
739 5743 1099 5805 ἑστῶτα,ι)εηρ.
1127 5743 1262 5794 Enn.

1403 309 1496 371 DE
1530 313 2001 373 ΡΕΕΝΙΤΕΝΊῚᾹ.
2046 314 2282 373 ΠΟΜΠ..
2313 315 2357 372 1.

3385 308 3497 368 εεσ

1916 430 2046 483 Ἔτι
2072 431 2231 499 τρεῖς
2248 430 2483 500 ἡμέραι,
2518 428 2616 484 καὶ
2658 426 2867 482 Νινευῒ
2893 424 3456 495 καταστραφήσεται
3472 445 3488 460 ’
3536 416 3545 443 ³

1910 511 2024 565 ἀλλ’
2052 514 2200 584 ὅμως
2228 512 2578 576 ἀπειλοῦντος
2626 510 2722 565 τοῦ
2751 510 2907 578 Θεοῦ,
2944 514 3040 566 καὶ
3076 530 3175 566 του
3208 524 3490 586 προφήτου

1913 594 2163 664 βοῶντος,
2194 597 2411 667 καὶτῆς
2443 596 2772 667 ἀποφάσεως
2809 595 2910 648 οὐκ
2952 597 3187 669 ἐχούσης
3231 597 3492 669 μέλλησιν

1911 677 2032 730 οὐδὲ
2095 678 2393 749 διορισμὸν,
2438 680 2539 731 οὐκ
2591 678 2876 741 ἀνέπεσον.
2931 680 3053 733 οὐδὲ
3099 682 3199 744 τάς
3248 682 3492 752 χρηστὰς

1912 761 2225 831 προέδωκαν
2249 762 2487 826 ἐλπίδας,
2524 762 2623 816 Διά
2654 761 2762 833 γάρ
2793 761 2950 815 τοῦτο
2984 763 3045 816 οὐ
3079 764 3389 836 προσέθηκε
3415 764 3493 818 διο

1911 841 2157 913 ορισμὸν,
2176 842 2295 895 οὐδέ
2317 838 2488 906 εἶπεν,
2506 842 2631 895 Ἐὰν
2650 842 2705 895 δέ
2726 845 3118 915 μετανοήσωσι,
3140 846 3492 916 σωθήσονται,

1913 924 2000 977 ῐνα
2031 924 2123 977 καὶ
2159 926 2342 995 ἡμεῖς,
2368 927 2497 979 ὅταν
2530 926 2855 997 ἀκούσωμεν
2881 927 3209 998 ἀποφάσεως
3232 930 3325 984 τοῦ
3357 931 3493 997 Θεοῦ

1913 1009 2219 1079 φερομένης
2248 1010 2415 1081 χωρὶς
2435 1010 2742 1082 διορισμοῦ,
2777 1012 2911 1083 μηδὲ
2941 1013 3116 1078 οῦτως
3141 1016 3492 1086 ἀπογνῶμεν,

1915 1089 2050 1160 μηδὲ
2080 1091 2566 1163 ἀπαγορεύσωμεν,
2610 1095 2690 1156 εἰς
2734 1095 2908 1146 ἐκεῖνο
2944 1095 3006 1148 τὸ
3034 1095 3336 1166 ὑπόδειγμα
3370 1096 3494 1166 βλές-

1912 1189 2123 1238 ποντες.
2161 1175 2234 1227 υύ
2268 1174 2356 1229 διά
2406 1175 2598 1229 τούτου
2632 1175 2688 1229 δὲ
2724 1177 2884 1247 μόνον
2937 1176 3052 1230 ἐστι
3086 1178 3184 1249 τὴν
3223 1176 3317 1232 τοῦ
3356 1179 3493 1233 Θεοῦ

1912 1255 2323 1327 φιλανθρωπίαν
2360 1257 2507 1323 ίδεῖν,
2542 1259 2623 1311 ὅτι
2665 1257 2739 1329 μὴ
2789 1258 3045 1330 προσθεὶς
3094 1260 3373 1332 διορισμὸν
3426 1266 3493 1333 τῇ

1912 1339 2204 1408 ἀποφάσει,
2236 1341 2386 1409 ὅμως
2422 1339 2789 1411 μετανοήσασί
2836 1341 3177 1413 κατηλλάγη,
3233 1344 3370 1397 ἀλλά
3400 1345 3494 1397 καὶ

1912 1421 1971 1486 ἐξ
1995 1422 2161 1475 αὐτοῦ
2194 1422 2289 1476 τοῦ
2308 1423 2408 1494 τὴν
2435 1424 2712 1493 ἀπόφασιν
2728 1425 3147 1498 ἀπηρτισμένην
3168 1427 3489 1497 ἐξενεγκεῖν.

1910 1506 2151 1576 Αὐξῆσαι
2183 1507 2292 1578 γὰρ
2330 1506 2422 1560 τὸν
2457 1507 2620 1576 φόϐον
2671 1506 2992 1579 βουλόμενος
3028 1511 3126 1564 καὶ
3159 1514 3260 1581 τῆς
3292 1512 3496 1582 πολλῆς

1911 1590 2090 1643 αὐτῶν
2144 1590 2418 1663 ῥᾳθυμίας
2475 1588 2863 1660 καθάψασθαι,
2910 1592 3070 1646 τοῦτο
3113 1594 3358 1664 ἐποίησε,
3401 1600 3515 1648 καὶ.

1912 1671 2077 1734 αὐτὸς
2103 1671 2160 1724 δὲ
2184 1675 2212 1724 6
2235 1672 2424 1743 χρόνος
2451 1672 2553 1742 τῆς
2589 1674 2876 1742 μετανοίας
2896 1673 3166 1728 δείκνυσιν
3199 1676 3363 1731 αὐτοῦ
3397 1678 3495 1749 τὴν

1910 1754 2115 1822 ἄφατον
2149 1754 2580 1824 φιλανθρωπίαν.
2612 1755 2676 1807 Τί
2703 1755 2814 1827 γὰρ
2836 1757 3038 1828 ἡμέραι
3063 1763 3209 1830 τρεῖς
3241 1760 3496 1813 τοσοῦτον

1912 1838 2255 1906 εἰργάσαντο,
2305 1838 2380 1902 ὡς
2433 1839 2694 1908 ἀφανίσαι
2742 1840 2943 1893 κακίαν
2971 1842 3283 1912 τοσαύτην;
3332 1843 3496 1914 Ὁρᾷς

1913 1920 2030 1983 πῶς
2057 1920 2153 1973 καὶ
2186 1919 2439 1974 ἐντεῦθεν
2465 1923 2499 1992 ἡ
2527 1921 2622 1974 τοῦ
2649 1920 2784 1974 Θεοῦ
2809 1922 3058 1990 φαίνεται
3086 1925 3496 1994 κηδεμονία;τὸ

1911 2002 2019 2074 γὰρ
2051 2003 2213 2055 πλέον
2264 2002 2403 2075 αὐτη
2440 2006 2861 2076 συνεισήνεγκεν
2893 2008 2975 2071 είς
3010 2007 3110 2079 τὴν
3153 2008 3253 2079 τῆς
3285 2009 3496 2074 πόλεως

1915 2097 2059 2155 σωτη
2069 2086 2207 2156 ρίαν.

1983 2293 2166 2350 Ταῦτα
2221 2289 2317 2351 οὖν
2375 2299 2605 2366 εἰδότες,
2664 2302 2931 2372 μηδέποτε
2982 2302 3488 2375 ἁπογινώσκωμενο

1910 2378 2061 2433 οὐδὲν
2095 2379 2203 2451 γάρ
2231 2380 2402 2445 οὕτως
2436 2384 2654 2454 ἰσχυρὸν
2681 2385 2844 2439 ὅπλον
2865 2385 2944 2456 τῷ
2969 2385 3219 2457 διαϐόλῳ,
3250 2387 3324 2450 ὡς
3357 2388 3493 2440 ἁπό-

1894 2476 2139 2528 έγνωσις·
2201 2463 2290 2517 διὰ
2335 2464 2494 2518 τοῦτο
2545 2468 2642 2536 οὐχ
2699 2466 2873 2531 οὕτως
2925 2469 3086 2522 αὐτὸν
3133 2469 3496 2541 εὐφραίνομεν

1912 2545 2337 2616 ἁμαρτάνοντες,
2394 2548 2471 2611 ώς
2524 2550 3013 2619 ἀπογινώσκοντες.
3057 2553 3321 2606 ’Ἄκουσον
3364 2553 3495 2621 γοῦν

1910 2627 2003 2678 ἐπὶ
2033 2627 2125 2681 τοῦ
2158 2631 2609 2702 πεπορνευκότος,
2636 2634 2752 2697 πῶς
2781 2634 2878 2703 τῆς
2896 2633 3169 2706 ἁμαρτίας
3188 2634 3495 2706 μᾶλλοντήν

1910 2710 2219 2779 ἀπόγνωσιν
2265 2714 2500 2766 δέδοικεν
2549 2716 2577 2766 ὁ
2613 2715 2860 2780 Παῦλος·
2895 2717 3123 2788 γράφων
3145 2718 3252 2788 γὰρ
3294 2719 3494 2790 Κοριν-

1911 2790 2046 2853 θίοις
2075 2792 2246 2858 οὓτως
2268 2795 2451 2864 ἔλεγεν
2474 2813 2489 2827 ·
2515 2796 2703 2864 Ὅλως
2765 2799 3041 2853 ἀκούεται
3069 2799 3139 2851 ἐν
3177 2799 3318 2869 ὑμῖν
3350 2816 3495 2870 πορ-

1909 2877 2061 2943 νεία,
2088 2876 2184 2929 καὶ
2210 2878 2451 2946 τοιαύτη
2480 2881 2745 2946 πορνεία,
2777 2879 2908 2946 ἣτις
2933 2879 3074 2933 οὐδὲ
3092 2881 3162 2933 ἐν
3183 2881 3305 2947 τοῖς
3334 2882 3498 2936 ἔθνε-

1911 2972 2015 3009 σιν
2051 2957 2423 3026 ὀνομάζεται·
2462 2961 2556 3013 καὶ
2596 2962 2697 3014 οὐκ
2748 2958 2922 3027 εἶπεν,
2949 2963 3108 3025 Ἢτις
3139 2964 3258 3016 οὐδὲ
3305 2965 3363 3018 ἐν
3384 2965 3495 3027 τοῖς

1911 3039 2087 3092 ἔθνεσι
2110 3040 2393 3110 τολμᾶται,
2434 3042 2572 3110 ἀλλ’,
2605 3044 2739 3096 οὐδὲ
2766 3046 3090 3115 ὀνομάζεται
3112 3065 3124 3076 ·
3147 3047 3175 3100 ὃ
3195 3047 3302 3119 γάρ
3331 3048 3494 3120 μέχρι

1912 3124 2281 3196 προσηγορίας
2332 3126 2561 3188 ἐκείνοις
2612 3127 2907 3197 ἀφόρητον,
2963 3131 3126 3184 τοῦτο
3176 3131 3304 3202 ὑμῖν
3344 3133 3493 3204 ἔργῳ

1911 3205 2258 3278 τετόλμηται.
2280 3206 2392 3261 Καὶ
2414 3208 2580 3277 ὑμεῖς
2603 3211 3045 3279 πεφυσιωμένοι
3065 3214 3204 3268 ἐστέ
3222 3232 3239 3278 ;
3265 3216 3374 3269 Καὶ
3392 3217 3493 3270 οὐκ

1913 3283 2057 3352 εἶπε,
2098 3289 2208 3342 Καὶ
2240 3290 2448 3355 ἐκεῖνος
2480 3291 2979 3359 πεφυσίωται,ἁλλ’
3014 3296 3173 3362 ἀφεὶς
3192 3298 3283 3349 τὸν
3311 3300 3493 3370 ἡμαρ-

1912 3374 2135 3441 τηκότα,
2160 3376 2270 3436 τοῖς
2287 3374 2586 3441 ὑγιαίνουσι
2610 3373 2946 3445 διαλέγεται·
2978 3378 3230 3449 καθάπερ
3245 3382 3293 3431 οἱ
3318 3383 3495 3452 ἰατροὶ

1915 3455 2177 3520 ποιοῦσιν,
2202 3456 2431 3524 ἀφέντες
2486 3457 2611 3520 τοὺς
2640 3457 2968 3528 κάμνοντας,
3003 3460 3140 3531 πρὸς
3182 3464 3307 3526 τοὺς
3332 3480 3494 3535 προσ-

1914 3538 2147 3607 ήκοντας
2192 3539 2373 3602 αὐτοῖς
2415 3538 2619 3592 πλείονι
2661 3540 2957 3613 κέχρηνται
2997 3543 3139 3615 λόγῳ
3163 3560 3176 3574 ·
3218 3544 3391 3610 ἄλλως
3436 3547 3495 3602 δὲ

1914 3623 2008 3675 καὶ
2032 3616 2175 3676 οὗτοι
2203 3622 2302 3693 τῆς
2334 3623 2590 3686 ἀπονοίας
2635 3624 2797 3677 αἴτιοι
2842 3627 3020 3697 πάσης
3043 3623 3183 3698 ἦσαν
3211 3630 3379 3701 αὐτῷ,
3418 3631 3496 3704 μὴ

1914 3705 2267 3775 ἐπιτιμῶντες
2300 3705 2433 3777 μηδὲ
2458 3705 2898 3777 ἐπιπλήττοντες,
2941 3709 3227 3764 Ἐκοίνωσε
3255 3710 3283 3751 δ
3312 3715 3493 3768 τοίνυν

1912 3789 1974 3842 τὸ
2011 3788 2280 3858 ἔγκλημα,
2317 3789 2404 3842 ἵνα
2433 3790 2591 3860 ῥᾳδία
2619 3790 2845 3861 γένηται
2872 3792 2965 3846 τοῦ
2995 3794 3309 3867 τραύματος
3337 3799 3370 3867 ή
3406 3796 3495 3850 θε-

1918 3872 2134 3943 ραπεία.
2191 3871 2369 3925 Δεινὸν
2426 3873 2522 3943 μὲν
2572 3873 2681 3945 7&9
2714 3874 2774 3927 τὸ
2824 3875 3177 3945 ἁμαρτάνειν,
3239 3878 3493 3949 πολλῷδὲ

1915 3954 2294 4027 χαλεπώτερον
2331 3954 2395 4006 τὸ
2426 3956 2518 4007 καὶ
2548 3956 2691 4025 μέγα
2730 3960 2948 4027 φρονεῖν
2979 3958 3073 4010 ἐπὶ
3102 3961 3213 4022 τοῖς
3237 3961 3491 4033 ἁμαρτή-

1918 4056 2097 4107 μασιν.
2125 4039 2187 4091 Εί
2218 4037 2324 4109 7&9
2379 4039 2472 4091 ἐπὶ
2526 4038 2841 4113 δικαιοσύνῃ
2869 4041 2928 4093 τὸ
2962 4041 3237 4111 φυσᾶσθαι
3262 4044 3494 4109 κένωσις

1916 4121 2256 4190 δικαιοσύνης
2280 4122 2415 4187 ἐστὶ,
2449 4122 2624 4193 πολλῴ
2654 4124 2855 4193 μᾶλλον
2880 4125 2973 4178 ἐπὶ
2991 4127 3104 4188 τοῖς
3129 4126 3491 4198 ἁμαρτήμασι

1915 4206 2070 4258 τοῦτο
2095 4206 2388 4275 συμϐαῖνον
2422 4207 2656 4277 ἐσχάτην
2684 4207 2819 4259 οἴσει
2852 4206 3055 4279 βλάϐην
3076 4211 3229 4278 ἡμῖν,
3268 4211 3362 4263 καὶ
3384 4211 3491 4268 τῶν

1917 4287 2329 4359 ἁμαρτημάτων
2362 4288 2541 4341 αὐτῶν
2586 4289 2769 4359 μεῖζον
2801 4290 2864 4342 τὸ
2892 4289 3146 4362 ἔγκλημα
3188 4292 3356 4349 ἔσται.
3394 4296 3496 4349 Διά

1912 4369 2072 4424 τοῦτό
2112 4387 2301 4442 φησιν·
2340 4370 2527 4424 Ὅταν
2557 4370 2754 4424 πάντα
2798 4372 3111 4442 ποιήσητε,
3150 4373 3354 4445 λέγετε
3400 4376 3490 4429 ὅτι

1927 4454 2185 4524 Ἀχρεῖοι
2216 4452 2428 4508 δοῦλοί
2457 4454 2665 4524 ἐσμεν.
2717 4456 2778 4508 Et
2815 4455 2871 4508 δὲ
2903 4459 2951 4510 οἱ
2999 4458 3174 4511 πάντα
3210 4459 3492 4524 ποιοῦντες

1913 4536 2185 4607 ὀφείλουσι
2211 4537 2585 4602 συνεστάλθαι,
2617 4537 2797 4609 πολλῷ
2816 4539 3018 4609 μᾶλλον
3032 4541 3490 4614 τδνήμαρτηκότα

1914 4622 2010 4673 καὶ
2037 4620 2252 4692 θρηνεῖν
2308 4621 2402 4673 καὶ
2449 4621 2507 4673 ἐν
2542 4623 2652 4684 τοῖς
2701 4623 2950 4694 ἐσχάτοις
3001 4625 3191 4678 ἐαυτὸν
3235 4626 3491 4699 ἀριθμεῖν

1913 4704 2082 4770 ἄξιον.
2110 4707 2285 4775 Ὅπερ
2322 4701 2415 4758 οὖν
2478 4706 2573 4759 καὶ
2612 4706 2733 4759 τότε
2764 4707 2940 4779 δηλῶν
2986 4708 3173 4778 ἐλεγε’
3198 4713 3307 4764 Καὶ
3353 4715 3488 4782 οὐχί

1908 4788 2150 4857 μᾶλλον
2169 4788 2576 4857 ἐπενθήσατε;
2605 4790 2669 4843 Τί
2690 4789 2896 4859 λέγεις;
2926 4792 3112 4863 ἕτερος
3139 4793 3374 4866 ἥμαρτε,
3397 4796 3491 4849 καὶ

1914 4870 2025 4939 ἐγὼ
2047 4873 2336 4942 πενθήσω;
2384 4872 2513 4937 Ναὶ,
2548 4871 2680 4944 φησι
2710 4890 2724 4904 ο
2763 4873 3013 4945 σώματος
3041 4875 3151 4948 7&9
3193 4880 3287 4931 καὶ
3315 4878 3490 4949 μελῶν

1912 4955 2068 5025 δίκην
2114 4955 2363 5028 ἀλλήλοις
2408 4957 2572 5028 ἐσμὲν
2614 4957 3013 5028 συνδεδεμένον
3056 4960 3150 5014 ἐπὶ
3176 4960 3233 5015 δὲ
3259 4960 3352 5015 τοῦ
3384 4960 3491 5014 σώ-

1917 5056 2086 5111 ματος
2110 5038 2213 5094 κᾶν
2238 5042 2266 5093 6
2290 5040 2423 5105 ποῦς
2461 5041 2678 5112 δέξηται
2700 5041 2941 5114 τραῦμα,
2968 5043 3065 5116 τὴν
3099 5045 3337 5116 κεφαλὴν
3366 5047 3488 5098 ἐπι-

1913 5123 2225 5176 κύπτουσαν
2272 5124 2507 5195 ὁρῶμεν.
2558 5125 2749 5179 Καίτοι
2781 5126 2832 5178 τί
2871 5126 3076 5197 ταύτης
3125 5131 3485 5200 σεμνότερον;

1926 5205 2065 5259 Ἀλλ’
2103 5206 2201 5277 οὐχ
2226 5209 2327 5280 ὁρᾷ
2358 5208 2456 5279 τὴν
2482 5208 2636 5275 ἀξίαν
2651 5210 2707 5263 ἐν
2730 5208 2809 5281 τῷ
2840 5212 3017 5283 καιρῷ
3035 5212 3135 5281 τῆς
3172 5213 3482 5281 συμφοράς’
3570 5274 3590 5283 α

1915 5287 2065 5362 [285]
2099 5289 2241 5344 οὕτω
2273 5292 2369 5346 καὶ⁵
2424 5292 2488 5346 σύ
2551 5291 2793 5363 ποίησον.
2829 5294 2929 5348 Διά
2954 5294 3112 5348 τοῦτο
3143 5295 3236 5348 καὶ
3277 5294 3488 5357 Παῦλος

1915 5381 2170 5449 παραινεί
2252 5379 2488 5449 Χαίρειν
2528 5380 2678 5448 μετὰ
2711 5382 3066 5449 χαιρόντων,
3111 5382 3209 5434 καὶ
3255 5382 3489 5435 κλαίειν

1907 5461 2058 5529 μετὰ
2078 5462 2428 5515 κλαιόντων.
2453 5463 2551 5515 Διὰ
2567 5462 2725 5515 τοῦτο
2741 5464 2834 5516 καὶ
2851 5462 3157 5535 Κορινθίοις
3185 5462 3318 5534 φησί
3337 5478 3352 5492 ·
3377 5460 3482 5518 Καὶ

1914 5542 2049 5612 οὐχὶ
2072 5541 2313 5613 μᾶλλον
2351 5546 2740 5610 ἐπενθήσατε,
2786 5545 2886 5599 ἵνα
2933 5542 3154 5613 ἐξαρθῇ
3183 5544 3252 5599 ἐκ
3290 5545 3482 5615 μέσοι·

1916 5773 1925 5780 ο
1977 5742 2007 5785 δ
2034 5741 2131 5794 Alii
2152 5744 2392 5805 ἐκοίνωσε,
2412 5740 2493 5795 alii
2516 5744 2721 5793 ἐκοινώνν
