3894 6226
262 326 368 383 981

258 428 352 491 ιω
374 428 549 503 (Rom.
582 426 666 483 12.
695 423 807 499 i5).
846 424 974 483 ideo
1017 433 1072 481 et
1109 422 1402 480 Corinthiis
1439 423 1564 477 dicit
1601 441 1613 476 :
1644 419 1709 474 Et
1750 437 1845 473 non

258 524 421 594 magis
448 521 655 593 flevistis
674 562 688 584 ,
720 529 773 574 ut
803 517 1062 574 tolleretur
1092 517 1154 571 de
1184 517 1348 570 medio
1370 526 1582 569 vestrum
1607 514 1694 585 qui
1722 530 1848 583 opus

258 616 315 667 id
341 620 527 686 fecerat
554 613 628 683 (l.
659 612 777 666 Cor.
802 612 858 667 5.
883 608 978 683 2)?
1006 609 1121 666 Non
1144 609 1293 673 dixit,
1321 608 1388 663 Et
1412 625 1516 662 non
1542 608 1706 677 magis
1732 617 1846 660 stu.

258 707 449 761 (fuistis
482 705 611 761 :sed
640 704 807 775 quid?
854 702 976 758 Non
1013 702 1172 773 magis
1197 702 1434 771 ﬂevistis,
1480 704 1629 770 quasi
1662 700 1847 755 morbo

258 798 529 852 communi
557 805 611 853 et
635 806 786 866 peste
818 796 1085 850 civitatem
1125 793 1614 863 comprehendente
1645 809 1658 845 :
1695 791 1845 862 quasi

260 892 485 953 diceret,
517 889 769 945 Oratione
798 903 933 959 opus
959 897 1041 941 est
1067 896 1119 941 et
1136 886 1473 942 confessione
1499 894 1550 940 et
1579 885 1843 953 preeilms,

260 998 369 1049 quo
399 983 615 1037 morbus
643 990 810 1037 estota
839 981 1051 1035 civitate
1092 980 1335 1049 pellatur.
1387 979 1542 1032 Vides
1591 986 1845 1047 quantum

262 1074 348 1128 his
377 1074 581 1128 timoris
609 1073 866 1127 incussit?
891 1071 1021 1126 Nam
1052 1070 1300 1141 quoniam
1327 1071 1579 1136 putabant
1605 1069 1670 1120 ad
1699 1068 1844 1121 illmn

260 1164 539 1218 dumtaxat
570 1163 876 1233 pervenisse
900 1161 1094 1216 malum
1126 1174 1189 1213 ac
1213 1159 1515 1213 constitisse
1538 1199 1551 1220 ,
1580 1172 1677 1213 eos
1698 1157 1845 1210 solli~

260 1256 400 1309 citos
419 1254 614 1318 reddit,
637 1252 822 1309 dicens
850 1269 863 1305 :
899 1251 1115 1305 Nescitis
1130 1251 1264 1321 quod
1282 1251 1529 1302 modicmu
1549 1252 1845 1319 fornicatum

262 1358 421 1401 totum
458 1363 674 1401 massam
715 1345 991 1412 corrumpit
1027 1343 1078 1412 (l
1116 1342 1233 1396 Cor.
1261 1344 1313 1396 5.
1347 1341 1442 1413 6)?
1488 1341 1638 1409 Quod
1668 1349 1843 1394 autem

261 1439 427 1504 dicit,
462 1439 568 1493 tale
599 1445 679 1492 est
707 1455 721 1492 :
751 1436 946 1491 malum
980 1435 1115 1489 ultra
1152 1432 1448 1503 procedens
1472 1475 1486 1497 ,
1532 1431 1733 1501 reliqua
1763 1441 1844 1483 at-

264 1532 432 1602 tinget
462 1530 699 1585 mcmbra
734 1545 748 1582 :
788 1527 947 1581 veluti
979 1526 1046 1580 de
1079 1524 1347 1579 communi
1382 1522 1522 1577 malo
1565 1523 1849 1576 consulen-

265 1632 376 1685 tes,
421 1622 677 1675 sollicitos
699 1633 792 1674 vos
817 1633 937 1673 esse
963 1618 1135 1672 decet.
1182 1616 1362 1686 Neque
1385 1614 1434 1668 id
1466 1613 1594 1667 mihi
1624 1613 1842 1678 dixeris,

263 1713 405 1783 quod
433 1713 519 1767 ille
542 1713 687 1766 solus
733 1711 1005 1780 peccavit,
1054 1708 1148 1763 sed
1181 1705 1314 1762 illud
1343 1705 1619 1760 considera
1641 1745 1657 1768 ,
1704 1704 1845 1774 quod

264 1806 444 1860 sanies
499 1803 743 1875 qumdam
792 1811 876 1857 est
927 1810 1239 1870 peccatum,
1296 1798 1556 1867 reliquum
1606 1795 1846 1864 corporis

247 1897 574 1966 depascens.
599 1897 673 1949 Ac
694 1895 854 1950 veluti
881 1895 1042 1950 domo
1061 1893 1306 1954 ardente,
1328 1891 1419 1962 qui
1440 1889 1673 1944 nondum
1704 1887 1847 1942 malo

266 1989 547 2054 larduntur,
582 1987 666 2053 iis,
699 1987 789 2058 qui
816 1989 870 2041 in
896 1987 1042 2042 malo
1071 1994 1215 2051 sunt,
1241 1984 1486 2038 molestia
1516 1998 1620 2037 non
1653 1980 1847 2035 minori

254 2092 598 2149 .premuntur,
626 2090 783 2150 atque
811 2081 1059 2134 universa
1082 2079 1399 2143 conferunt,
1428 2091 1533 2146 quo
1561 2091 1628 2130 ne
1653 2088 1847 2145 urgens

254 2174 400 2243 ignis
424 2173 490 2229 ad
531 2166 772 2244 proprias
815 2172 1026 2228 invadat
1052 2172 1240 2227 domos
1266 2190 1278 2226 :
1306 2172 1383 2226 sic
1413 2179 1466 2225 ct
1489 2171 1623 2226 istos
1648 2169 1847 2223 Paulus

248 2266 495 2332 excitat,
545 2266 729 2321 dicens
762 2282 777 2322 :
808 2266 944 2337 Pyra
992 2264 1233 2335 qumdam
1285 2273 1405 2328 est,
1458 2263 1846 2333 pratveniamus

263 2359 459 2412 malum
495 2377 509 2414 :
536 2360 935 2429 exstinguamus
961 2358 1286 2424 incendium,
1319 2358 1625 2428 priusquam
1657 2356 1836 2411 Eccle-

250 2450 397 2503 ~siam
438 2450 683 2516 invadat;
731 2450 774 2504 si
818 2465 945 2504 vero
987 2450 1285 2520 neglexeris
1326 2456 1634 2519 peccatum,
1684 2446 1845 2501 veluti

262 2543 317 2596 in
366 2541 542 2597 alieno
596 2543 861 2597 exsistens
909 2555 1170 2611 corpore,
1222 2540 1453 2594 maxime
1496 2538 1711 2610 quidem
1764 2538 1845 2593 vel

250 2632 340 2687 sic
373 2633 532 2686 male.
583 2631 675 2688 Ille
701 2632 845 2687 enim
886 2630 1048 2687 homo
1078 2630 1375 2687 tinembrum
1416 2631 1582 2686 totius
1609 2638 1693 2685 est
1721 2643 1844 2683 cor-

251 2722 428 2792 poris.

331 2815 388 2867 5.
422 2814 616 2869 Verum
639 2825 691 2870 et
716 2814 770 2869 id
799 2815 1099 2883 considera,
1132 2814 1273 2886 quod
1304 2816 1348 2868 si
1375 2814 1656 2885 pigritatus
1683 2813 1845 2868 fueris

252 2920 325 2961 ac
352 2909 619 2975 spreveris
640 2949 657 2974 ,
700 2917 752 2961 te
780 2923 992 2977 quoque
1027 2908 1344 2978 quandoque
1380 2906 1796 2976 comprehendet
1827 2923 1840 2957 :

250 3013 428 3068 quare
455 2998 499 3052 si
529 3014 635 3053 non
666 2997 845 3056 fratris
865 3041 879 3062 ,
911 3008 997 3053 tua
1029 3008 1204 3054 tamen
1237 3014 1393 3053 causa
1422 2997 1690 3052 exciteris.
1742 2996 1844 3051 lle-

256 3093 433 3163 prime
470 3103 705 3163 pestem,
738 3093 940 3149 saniem
968 3108 1157 3149 coerce
1178 3137 1192 3160 ,
1224 3092 1686 3162 depopulationem
1725 3107 1841 3145 am-

265 3195 410 3255 puta.
436 3186 559 3241 llaec
586 3195 640 3241 et
669 3186 753 3240 his
777 3186 923 3256 plura
950 3185 1151 3251 dicens,
1180 3194 1235 3239 et
1258 3184 1515 3239 mandans
1535 3184 1667 3238 tradi
1695 3183 1841 3236 illum

254 3288 480 3343 satanze,
512 3278 741 3348 denique
764 3279 932 3348 inquit
955 3321 970 3346 ,
993 3275 1424 3347 quandoquidem
1446 3289 1758 3338 conversus,
1789 3284 1843 3329 et

256 3370 452 3424 melior
476 3369 645 3424 factus
671 3380 791 3424 est:
825 3370 964 3425 Satis
999 3370 1115 3423 huic
1136 3386 1195 3423 ea
1222 3369 1320 3438 fuit
1347 3367 1631 3439 objurgatio
1657 3384 1687 3418 a
1723 3367 1841 3434 plu-

252 3460 397 3514 ribus
423 3477 443 3514 :
472 3461 766 3528 conﬁrmato
808 3460 960 3531 igitur
994 3460 1046 3513 in
1085 3476 1196 3512 eunt
1238 3458 1493 3513 caritatem
1522 3458 1597 3531 (2.
1635 3456 1754 3511 Cor.
1783 3455 1835 3511 2.

257 3549 337 3622 8).
364 3552 647 3622 Postquam
674 3551 814 3606 enim
845 3567 966 3606 eum
1002 3566 1339 3605 communem
1368 3550 1638 3604 inimicum
1670 3559 1720 3603 cl
1748 3548 1842 3602 ad-

254 3645 551 3700 versarium
590 3645 775 3699 statuit
804 3644 1067 3699 universis
1092 3652 1147 3698 et
1174 3658 1203 3697 a
1231 3658 1390 3712 grege
1425 3644 1649 3697 exclusit
1681 3651 1840 3709 atque

257 3752 285 3788 a
327 3751 552 3806 corpore
594 3736 820 3803 recidit,
847 3736 968 3791 vide
995 3745 1193 3806 quanto
1215 3735 1268 3789 in
1295 3752 1415 3789 cum
1446 3720 1611 3789 utitur
1640 3733 1836 3799 studio,

254 3836 316 3881 ut
358 3842 478 3882 eum
520 3841 706 3882 rursus
749 3825 1035 3896 coniungat
1073 3835 1129 3881 et
1172 3834 1435 3881 annectat.
1493 3826 1607 3880 Non
1656 3825 1836 3891 modo,

255 3921 446 3974 Amate
475 3936 594 3973 eum
616 3962 632 3985 ,
672 3919 804 3975 dixit
837 3938 852 3975 :
884 3920 977 3975 sed
998 3961 1014 3986 ,
1046 3918 1352 3987 Conﬁrmate
1376 3935 1530 3989 super
1565 3936 1675 3973 eum
1704 3919 1839 3973 cari-

252 4018 406 4063 tatem
431 4054 445 4075 ,
478 4010 528 4065 id
554 4018 653 4077 est,
684 4009 889 4065 (iratam
920 4020 973 4065 et
1001 4010 1326 4066 immobilem
1355 4011 1406 4064 in
1428 4025 1547 4065 eum
1571 4010 1838 4066 ostendite

260 4102 588 4167 amicitiam,
640 4102 900 4157 calentem
948 4102 1231 4173 quamdam
1282 4112 1337 4158 et
1387 4102 1638 4156 fervidam
1679 4112 1838 4172 atque

254 4194 472 4263 iguitam
499 4212 512 4246 :
544 4194 948 4264 aequivalentem
981 4194 1141 4265 priori
1174 4193 1461 4249 inimicitia:
1492 4193 1835 4248 dilectionem

254 4286 467 4340 inferte.
488 4285 623 4353 Quid
645 4286 839 4341 factum
861 4295 962 4354 est,
984 4286 1209 4357 quteso?
1238 4300 1412 4342 nonne
1437 4286 1693 4341 tradidisti
1715 4302 1836 4342 eum

254 4379 492 4434 satanas?
531 4378 628 4447 ιω,
658 4380 849 4449 inquit,
877 4380 970 4436 sed
1010 4397 1115 4437 non
1141 4397 1247 4453 quo
1278 4381 1332 4436 in
1360 4381 1606 4436 manibus
1632 4391 1831 4435 satanm

254 4482 562 4540 permaneat
587 4514 602 4537 ,
649 4473 741 4527 sed
771 4482 828 4527 ut
854 4474 921 4528 ab
951 4473 1065 4543 ejus
1107 4474 1388 4545 tyrannide
1424 4477 1531 4528 cito
1560 4476 1833 4530 liberetur.

253 4563 325 4616 Et
367 4564 814 4633 quemadmodum
866 4563 1016 4631 dixi,
1064 4565 1343 4619 considera
1393 4581 1552 4635 quam
1602 4565 1835 4619 timuerit

248 4654 678 4722 desperationem
746 4656 940 4710 Paulus
1013 4664 1282 4725 tamquam
1334 4671 1579 4726 magnam
1636 4656 1834 4710 diaboli

250 4757 577 4800 armaturam
623 4763 791 4802 :cum
836 4747 1057 4803 dixisset
1103 4749 1288 4803 enim:
1334 4747 1642 4816 Conﬁrmata
1686 4763 1837 4815 super

250 4854 365 4891 euut
390 4839 681 4904 caritatem;
704 4848 758 4894 et
780 4854 992 4895 causam
1018 4839 1195 4905 addit,
1223 4838 1307 4894 Ne
1331 4842 1459 4912 forte
1496 4841 1651 4894 nimia
1680 4841 1834 4895 tristi-

251 4929 322 4981 tia
346 4929 666 4983 absorbeatur
684 4930 771 5001 qui
795 4942 867 4985 est
896 4932 1141 5002 ejusmodi
1164 4931 1271 5004 (Ib.
1301 4949 1351 4987 υ.
1383 4933 1461 5004 7).
1498 4933 1556 4988 In
1585 4933 1691 5003 lupi
1722 4934 1835 4988 fau~

252 5019 401 5074 ribus
447 5033 528 5075 cst
574 5023 688 5076 ovis
732 5041 746 5077 :
790 5025 1173 5093 praeveniamus
1223 5025 1411 5096 igitur,
1468 5028 1835 5097 prznripiamus

253 5120 535 5181 antequam
566 5113 850 5169 absorbent
893 5127 985 5170 aut
1030 5127 1339 5187 corrumpat
1385 5128 1622 5174 uestrum
1667 5137 1835 5176 mem-

254 5202 425 5255 brum.
476 5203 806 5260 Periclitatur
847 5208 994 5262 navis
1023 5225 1036 5260 :
1070 5209 1375 5279 priusquam
1401 5212 1654 5266 obruatur
1675 5255 1689 5275 ,
1722 5215 1831 5269 eri-
1866 5256 1874 5262 .

254 5307 383 5361 pere
400 5293 670 5365 naufragio
687 5298 1013 5354 studeamus.
1045 5300 1499 5367 Quemadmodum
1528 5305 1670 5358 enim
1697 5306 1832 5360 mari

251 5399 373 5439 sese
403 5386 621 5443 tollente
647 5399 703 5443 et
729 5388 976 5446 ﬂuctibus
1022 5406 1188 5461 usque
1227 5393 1294 5446 ad
1336 5409 1600 5448 summum
1628 5411 1688 5450 se
1714 5397 1829 5453 ele-

249 5477 498 5532 vantibus
517 5519 534 5545 ,
578 5482 771 5550 scapha
799 5482 1129 5554 demergitur
1159 5501 1173 5538 :
1200 5484 1279 5539 sic
1307 5495 1362 5541 et
1384 5486 1557 5540 anima
1599 5487 1831 5559 undique

247 5586 485 5628 maerore
510 5573 836 5629 circumdata
858 5617 873 5638 ,
913 5578 1164 5633 velociter
1189 5578 1479 5635 suffocatur
1500 5623 1515 5647 ,
1563 5583 1615 5636 ni
1647 5600 1830 5654 quem-

250 5668 390 5730 piam
419 5665 663 5721 habuerit
683 5668 769 5739 qui
799 5684 1011 5723 manum
1042 5672 1309 5741 porrigat:
1343 5682 1398 5727 et
1432 5690 1551 5744 qum
1583 5678 1829 5733 salutaris

250 5755 300 5806 in
334 5758 563 5825 peccatis
588 5769 671 5814 est
698 5761 945 5815 mestitia
970 5801 986 5830 ,
1028 5762 1251 5817 exitialis
1291 5773 1370 5819 Gai
1410 5766 1453 5819 si
1483 5765 1826 5826 immoderata

1424 307 1512 363 DE
1553 302 2017 363 POENITENTIA.
2058 307 2285 366 IIOMlL.
2328 310 2368 365 l.

3411 311 3522 369 282

1952 420 2039 472 sit.
2090 424 2164 475 Ae
2212 424 2330 477 vide
2375 425 2645 495 quomodo
2690 437 2937 483 accurate.
2991 429 3241 501 loquutus
3287 429 3358 485 sit
3386 447 3400 484 :
3428 445 3534 486 non

1951 514 2090 569 enim
2117 516 2267 576 dixit.
2313 516 2391 571 Ne
2425 520 2565 572 hunc
2590 518 2830 575 diabolus
2866 520 3054 590 perdat
3082 540 3095 576 :
3125 521 3220 577 sed
3247 522 3375 591 quid
3395 522 3419 576 "t
3469 524 3538 580 Ut

1951 625 2053 662 non
2079 611 2528 664 circumveniantur
2555 628 2587 665 a
2612 621 2791 666 satana
2818 611 2874 682 ('2
2897 613 3014 669 Cor.
3041 613 3098 667 2.
3135 611 3244 687 Η).
3296 613 3536 669 Circum-

1948 702 2133 758 venire
2159 714 2334 756 autem
2364 703 2450 756 hic
2474 713 2554 757 est
2586 705 2757 759 aliena
2785 708 3161 775 concupiscere
3195 725 3209 762 :
3247 707 3538 763 ostendens

1948 794 2109 863 igitur
2148 795 2318 862 ipsum
2350 795 2581 849 alienum
2608 795 2676 849 ab
2705 811 2769 850 eo
2791 796 2859 851 de
2885 806 3080 857 ca'tero
3109 796 3305 852 factum
3325 840 3340 864 ,
3376 806 3538 868 atque

1952 884 2003 937 in
2056 885 2250 939 Christi
2299 900 2512 954 gregem
2568 901 2628 940 se
2678 902 2774 955 per
2819 888 3184 957 paenitentiam
3233 889 3531 952 reduxisse.

1948 977 2022 1029 ait
2045 1016 2060 1040 ,
2091 974 2174 1029 Ne
2210 977 2654 1030 circumveniantur
2679 996 2708 1030 a
2730 989 2925 1031 satana.
2978 980 3034 1033 Si
3073 979 3215 1034 enim
3241 979 3308 1035 de
3337 988 3534 1035 caetero

1944 1067 2540 1136 comprehendat'eum,
2588 1080 2824 1126 nostrum
2877 1072 3047 1140 rapiet
3093 1073 3426 1139 membrum,
3463 1073 3533 1130 de

1948 1174 2108 1228 grege
2162 1174 2315 1213 ovem
2366 1161 2662 1230 surripiet:
2710 1178 2829 1216 nam
2890 1165 3200 1231 pwnitentia
3250 1174 3528 1234 peccatum

1945 1249 2210 1318 deposuit.

2018 1344 2184 1397 ludas
2232 1344 2276 1399 si
2323 1360 2423 1398 non
2469 1345 2816 1414 desperasset,
2865 1345 3080 1399 salutem
3130 1356 3529 1411 consequuturtts

1940 1444 2074 1489 erat.
2123 1465 2194 1475 —
2233 1436 2420 1492 Sciens
2467 1438 2625 1507 igitur
2655 1437 2848 1493 Paulus
2878 1438 3004 1507 quid
3054 1437 3249 1493 fecerat
3293 1438 3535 1493 diabolus

1947 1527 2118 1597 Judm,
2147 1529 2320 1583 timuit
2341 1545 2408 1585 ne
2432 1530 2515 1583 hic
2540 1531 2764 1585 fortasse
2790 1530 2928 1585 idem
2953 1532 3167 1586 faceret.
3192 1530 3326 1599 Quid
3353 1541 3531 1587 autem

1947 1620 2072 1675 fecit
2102 1621 2151 1674 in
2181 1620 2351 1676 Juda‘!
2378 1622 2840 1676 Ptenitnitludam
2870 1640 2885 1677 ε
2913 1622 3165 1689 Peccavi,
3201 1623 3389 1693 inquit,
3423 1632 3534 1676 tra-

1947 1713 2072 1767 dens
2114 1713 2408 1783 sanguinem
2442 1722 2641 1783 justum
2672 1713 2883 1785 (Matth.
2905 1714 2996 1767 27.
3027 1714 3083 1786 4)
3126 1732 3140 1767 :
3178 1714 3376 1768 audivit
3417 1712 3534 1767 hu'c

1947 1803 2109 1857 verba
2138 1804 2398 1868 diabolus,
2428 1805 2577 1859 novit
2604 1820 2724 1859 eum
2753 1806 2804 1858 in
2834 1806 3023 1859 melius
3049 1806 3187 1858 viam
3228 1805 3362 1859 inire
3386 1815 3440 1859 et
3464 1804 3532 1858 ad

1948 1895 2171 1950 salutem
2203 1895 2440 1962 tendere,
2469 1898 2744 1967 timuitque
2772 1898 3138 1952 mutationem.
3172 1897 3530 1962 Clementem,

1950 1987 2136 2057 inquit,
2163 1987 2434 2043 dominum
2459 1988 2615 2043 habet
2642 2008 2654 2042 :
2681 1990 2768 2060 qui
2797 2005 2917 2045 cum
2941 2005 3000 2045 se
3029 1990 3315 2047 traditurus
3339 1989 3530 2058 fuerat,

1948 2077 2176 2146 ploravit
2217 2096 2229 2131 :
2262 2089 2422 2149 atque
2461 2082 2631 2149 ipsum
2661 2081 2808 2136 miris
2838 2085 3145 2151 provocavit
3173 2084 3381 2148 modis;
3437 2101 3535 2138 au-

1949 2186 2055 2225 non
2094 2172 2262 2226 multo
2292 2174 2460 2243 magis
2497 2176 2840 2243 pmnitentem
2870 2177 3165 2246 suscipiet?
3194 2176 3531 2232 Obstinatum

1948 2273 2004 2321 et
2031 2266 2380 2320 incorrectum
2407 2266 2586 2321 allexit
2611 2278 2664 2321 et
2697 2268 2940 2334 vocavit;
2973 2284 3150 2324 nonne
3174 2271 3339 2324 multo
3366 2272 3534 2340 magis

1947 2367 2242 2412 correctum
2271 2366 2325 2412 et
2352 2369 2627 2427 peccatum
2671 2369 3046 2429 agnoscentem
3079 2360 3290 2415 trahet?
3336 2362 3534 2414 idcirco

1948 2450 2089 2504 enim
2132 2449 2522 2520 crucifigendus
2565 2452 2724 2505 venit.
2775 2452 2909 2520 Quid
2952 2467 3081 2522 ergo
3130 2452 3292 2507 fecit?
3346 2453 3533 2507 Exter-

1948 2542 2053 2595 ruit
2081 2557 2202 2596 eum
2229 2550 2282 2597 et
2305 2542 2676 2597 obtenebravit
2705 2542 2952 2598 maeroris
2980 2544 3336 2613 magnitudine
3363 2585 3374 2605 .
3402 2558 3527 2613 pcr-

1945 2640 2200 2701 sequutus
2228 2640 2329 2698 est,
2363 2631 2569 2700 impulit
2602 2631 2774 2686 donec
2798 2631 2865 2686 ad
2896 2633 3141 2703 laqueum
3170 2632 3342 2696 duxit,
3372 2643 3534 2703 atque

1947 2737 1979 2776 e
2005 2722 2255 2792 praesenti
2280 2721 2465 2778 eduxit
2490 2723 2595 2777 vita
2617 2763 2631 2789 ,
2664 2723 3095 2793 pmnitentimqne
3123 2723 3393 2792 proposito
3422 2738 3533 2793 prt-

1945 2813 2105 2870 vavit.
2142 2814 2293 2880 Quod
2318 2814 2461 2868 enim
2492 2814 2537 2868 si
2568 2814 2826 2880 vixisset,
2858 2824 2910 2869 ct
2953 2816 3063 2883 ipse
3091 2814 3317 2868 salutem
3338 2828 3534 2869 consc-

1945 2916 2207 2975 quuturus
2233 2916 2408 2973 esset,
2449 2907 2622 2976 palam
2650 2915 2730 2961 est
2759 2922 2826 2961 ex
2855 2907 3276 2962 erucifixoribus.
3309 2906 3364 2962 Si
3387 2906 3531 2961 enint

1948 2999 2046 3053 hos
2075 3000 2163 3070 qui
2190 3016 2311 3055 eum
2342 3001 2717 3054 crucifixerant
2741 2999 2910 3054 solute
2936 2999 3183 3062 donavit,
3226 3009 3280 3054 et
3326 3000 3437 3068 ipse
3478 3000 3529 3054 iu

1945 3106 2104 3146 cruce
2158 3092 2423 3147 exsistens
2471 3093 2677 3161 rogavit
2733 3092 2983 3157 Patrem,
3042 3091 3531 3162 indulgentiamquo

1947 3191 2106 3236 tanta:
2146 3182 2387 3236 audacia:
2422 3182 2709 3252 postulavit
2749 3199 2764 3236 :
2806 3192 3016 3238 constat
3066 3182 3208 3252 quod
3257 3192 3312 3237 et
3356 3182 3530 3255 ipsum

1944 3276 2269 3347 proditorem
2306 3276 2464 3347 digne
2501 3278 2846 3346 pcnnitentem
2890 3290 3009 3329 cum
3045 3276 3191 3329 omni
3222 3285 3528 3331 mansuetu-

1943 3370 2068 3423 dine
2116 3370 2475 3440 suscepisset;
2524 3369 2617 3423 sed
2664 3368 2753 3423 ille
2793 3368 2846 3422 in
2892 3367 3132 3423 remedio
3161 3383 3379 3422 manere
3421 3382 3531 3422 non

1945 3461 2094 3520 tulit,
2144 3474 2376 3514 maerore
2415 3459 2578 3513 nimio
2604 3457 2906 3527 absorptus.
2966 3457 3016 3512 ld
3070 3457 3228 3526 igitur
3256 3466 3311 3512 et
3336 3456 3529 3511 Paulus

1945 3554 2176 3619 timens,
2232 3552 2535 3608 Corinthios
2584 3551 2904 3607 sollicitabat
2957 3550 3166 3619 eripere
3209 3565 3237 3603 a
3289 3548 3529 3603 faucibus

1941 3644 2137 3697 diaboli
2171 3645 2460 3699 hominem.
2509 3643 2576 3698 Et
2600 3642 2724 3713 quid
2750 3625 2886 3713 opus
2914 3642 3093 3697 estde
3130 3641 3417 3697 Corinthiis
3443 3639 3529 3694 di-

1940 3739 2103 3792 cere?
2143 3737 2334 3793 Petrus
2361 3738 2503 3792 enim
2535 3747 2656 3805 post
2680 3735 3055 3806 mysteriorum
3094 3732 3524 3788 communionem

1943 3838 2025 3884 ter
2050 3839 2241 3900 negat,
2290 3837 2345 3885 et
2385 3831 2600 3897 plorans
2625 3827 2823 3882 delevit
2851 3827 3027 3881 omnia
3063 3844 3077 3881 :
3115 3824 3308 3879 Paulus
3336 3837 3523 3893 perse-

1940 3932 2170 3993 quutor,
2219 3920 2562 3990 blasphemus
2590 3928 2644 3973 et
2687 3918 3142 3981 cootumeliosus,
3195 3930 3298 3967 non
3345 3913 3522 3969 cruci-

1942 4014 2102 4067 tlxum
2130 4013 2288 4067 modo
2308 4054 2323 4076 ,
2355 4010 2450 4066 sed
2478 4011 2618 4065 illius
2657 4012 2934 4064 universos
2973 4020 3320 4077 persequens,
3355 4005 3526 4075 pmni-

1941 4104 2104 4157 tentia
2155 4101 2385 4167 ductus,
2439 4101 2714 4171 apostolus
2757 4099 3007 4153 efficitur.
3067 4096 3250 4153 Solum
3298 4111 3327 4149 a
3369 4096 3525 4151 nobis

1942 4195 2079 4249 Deus
2103 4194 2438 4249 occasionem
2460 4194 2544 4247 vel
2572 4207 2785 4262 parvam
2812 4190 3053 4260 requirit,
3098 4198 3257 4259 atque
3277 4191 3523 4243 universa

1938 4286 2157 4340 dimittit
2186 4285 2339 4340 nobis
2362 4295 2600 4355 peccata.
2656 4283 2834 4337 Dicam
2858 4280 3007 4336 vobis
3035 4289 3088 4336 et
3117 4279 3419 4351 parabolam
3445 4279 3524 4332 id-

1939 4377 2113 4446 ipsum
2139 4376 2564 4431 confirmantem.

2008 4471 2062 4524 4.
2081 4470 2195 4524 Duo
2215 4467 2429 4539 quidam
2448 4476 2600 4524 erant
2621 4467 2831 4531 fratres,
2855 4475 3181 4537 paterasque
3197 4462 3363 4517 divisa
3388 4461 3518 4516 sub-

1937 4562 2155 4626 stantia,
2190 4561 2381 4614 horum
2412 4574 2550 4614 unus
2585 4557 2800 4629 quidem
2830 4557 2973 4611 domi
3020 4555 3235 4618 mansit,
3266 4553 3403 4608 alter
3424 4567 3523 4609 an-

1937 4666 2043 4711 tem
2088 4664 2276 4710 cuncta
2324 4670 2444 4726 qua:
2491 4654 2840 4716 obvenerant,
2883 4651 3198 4715 comedens,
3232 4648 3398 4718 patria
3425 4661 3522 4703 ex-

1938 4749 2098 4804 torris
2138 4749 2309 4804 factus
2353 4757 2488 4814 erat,
2536 4745 2859 4817 paupertatis
2898 4760 3001 4798 non
3049 4742 3225 4798 ferens
3262 4740 3519 4811 pudorem

1938 4840 2088 4912 (Luc.
2120 4841 2205 4896 15.
2236 4842 2320 4895 ll.
2344 4841 2476 4913 sqq).
2501 4839 2648 4895 Hanc
2669 4848 2846 4895 autem
2873 4835 3176 4908 parabolam
3209 4836 3260 4890 in
3286 4833 3521 4889 medium

1936 4936 2135 4991 idcirco
2170 4936 2384 5006 protuli,
2414 4950 2520 5005 quo
2561 4932 2741 4988 sciatis
2777 4940 2833 4987 et
2874 4940 3211 5001 peccatorum
3252 4944 3370 5000 quas
3398 4936 3521 4997 post

1937 5027 2197 5096 baptisma
2224 5027 2635 5093 contrahuntur,
2675 5024 3047 5080 remissionem
3075 5036 3230 5088 esse,
3263 5021 3309 5075 si
3347 5027 3522 5072 atten-

1934 5117 2163 5172 damus:
2190 5116 2311 5172 dico
2351 5126 2527 5171 autem
2559 5131 2663 5170 non
2708 5115 2781 5170 uti
2807 5115 2873 5169 ad
2901 5114 3145 5169 inertiam
3171 5110 3519 5180 compellam,

1934 5210 2029 5265 sed
2051 5217 2156 5265 uta
2177 5209 2549 5282 deeperatioue
2577 5224 2823 5263 revocem
2849 5224 2862 5267 :
2894 5223 3015 5261 nam
3037 5203 3335 5274 desperatio
3358 5215 3518 5272 quam

1935 5305 2126 5359 inertia
2170 5304 2374 5374 maiora
2418 5302 2573 5357 nobis
2607 5300 2816 5357 confert
2849 5301 3006 5355 mala.
3040 5297 3138 5352 Hic
3177 5295 3337 5364 igitur
3379 5292 3518 5348 filius

1933 5410 2142 5463 eorum,
2168 5396 2257 5466 qui
2287 5408 2406 5466 post
2433 5395 2696 5465 baptisma
2730 5394 2863 5462 lapsi
2903 5399 3046 5453 sunt,
3080 5387 3364 5457 imaginem
3404 5400 3513 5457 pra:

1933 5502 1994 5544 se
2019 5487 2152 5555 fert;
2184 5503 2278 5543 eos
2303 5489 2444 5542 enim
2476 5490 2566 5558 qui
2596 5495 2716 5556 post
2734 5484 3056 5554 baptismum
3087 5480 3219 5551 lapsi
3247 5489 3370 5535 sunt
3394 5494 3517 5535 eum

1933 5582 2235 5653 significare
2280 5580 2403 5636 hinc
2445 5588 2687 5643 constat,
2734 5576 2876 5647 quod
2926 5575 3065 5630 filius
3108 5573 3357 5629 dicatur:
3394 5587 3519 5628 nam

1935 5684 2085 5731 extra
2113 5675 2434 5746 baptismum
2473 5687 2631 5728 nemo
2672 5671 2763 5726 lilii
2790 5668 3153 5741 appellatione
3191 5668 3512 5723 nominatur.

1937 5768 2000 5823 Et
2022 5767 2234 5822 domum
2263 5766 2594 5821 habitaverat
2615 5772 2910 5835 paternam,
2935 5770 2989 5817 et
3005 5772 3280 5833 paternam
3300 5775 3514 5816 omnem
