3894 6226
409 290 516 346 ⁸283

404 402 757 459 edomandam
779 402 1063 468 diviserat;
1093 410 1217 458 ante
1240 401 1502 472 baptisma
1529 409 1704 457 autem
1736 416 1840 455 non
1871 400 1995 455 licet

404 505 624 563 paterna
667 494 932 564 accipere,
972 507 1148 562 neque
1187 492 1540 547 hereditatem
1586 491 1841 561 consequi
1872 508 1885 545 :
1922 490 1995 545 ita

409 594 467 637 ut
493 600 562 638 ex
606 583 689 639 his
716 583 981 638 omnibus
1024 581 1257 636 ﬁdelium
1303 590 1472 637 status
1509 581 1874 636 adumbretur.
1928 579 1995 634 Et

411 676 564 747 probi
602 676 766 730 l'rater
789 682 934 740 erat;
966 673 1131 729 frater
1163 686 1294 728 vero
1339 674 1457 728 sine
1482 672 1744 743 spirituali
1769 685 1994 741 regene-

412 769 617 822 ratione
645 779 976 836 nequaquam
1004 763 1288 819 fuerit.ilic
1315 764 1473 833 igitur
1498 763 1562 817 ad
1590 777 1853 817 summam
1878 776 1994 814 ma-

413 859 578 913 litiam
597 857 868 926 delapsus,
893 857 1018 927 quid
1041 856 1246 928 inquit?
1274 855 1514 910 Revertar
1525 856 1596 909 ad
1618 865 1811 925 patrem
1833 870 1998 907 meum

417 948 566 1019 (Luc.
598 951 682 1002 15.
712 946 821 1021 18).
849 948 1138 1018 Pmpterea
1162 949 1304 1002 hunc
1334 957 1482 1016 pater
1505 947 1795 1010 dimiserat,
1825 959 2000 1015 neque

420 1038 789 1107 prohibuerat,
817 1039 1108 1109 quominus
1153 1038 1205 1092 in
1236 1041 1506 1109 regionem
1550 1035 1722 1091 abiret
1747 1034 1994 1097 alienam,

415 1140 676 1198 quatenus
715 1130 1085 1199 experimento
1129 1128 1363 1184 disceret
1412 1135 1691 1192 accurate,
1741 1133 1998 1195 quantum

416 1220 732 1276 beneficium
756 1222 1049 1292 susceperit
1069 1221 1212 1276 domi
1229 1235 1469 1275 manens.
1494 1219 1649 1289 Saepe
1672 1217 1815 1273 enim
1838 1216 1996 1280 Deus,

415 1328 537 1366 cum
565 1313 723 1367 dictis
766 1313 945 1368 minus
996 1312 1213 1376 suadet,
1244 1328 1423 1373 rerum
1472 1308 1855 1380 experimentis
1897 1306 1998 1361 do-

415 1404 644 1458 ctrinatn
672 1403 950 1473 permittit.
981 1403 1132 1472 Quod
1169 1414 1224 1459 et
1245 1404 1311 1458 ad
1344 1403 1561 1458 Judazos
1584 1402 1797 1457 dicebat
1824 1419 1836 1454 :
1861 1414 1999 1471 quo-

418 1494 558 1549 niam
588 1495 798 1564 quidem
829 1495 1033 1550 inﬁnita
1073 1511 1169 1565 per
1207 1496 1497 1567 pr0phetas
1539 1493 1701 1550 verba
1728 1508 1855 1548 cum
1899 1493 2002 1547 im-

419 1586 713 1656 pendisset,
741 1602 845 1641 non
889 1588 1060 1643 suasit
1101 1604 1275 1657 neque
1315 1589 1516 1651 illexit;
1550 1587 1864 1658 permittens
1907 1600 2003 1641 eos

420 1693 514 1745 per
562 1677 772 1748 ﬂagella
823 1680 1064 1750 corrigi,
1121 1680 1252 1735 dicit
1291 1680 1392 1735 illis
1442 1698 1457 1734 :
1508 1679 1758 1746 Corripiet
1822 1687 1870 1731 te
1925 1693 2005 1732 re-

419 1769 566 1823 bellio
598 1779 705 1835 tua,
726 1780 770 1823 et
793 1772 987 1824 malitia
1017 1782 1116 1825 tua
1140 1781 1318 1843 arguet
1361 1782 1407 1824 te
1433 1770 1564 1843 (Jer.
1597 1769 1652 1823 2.
1696 1766 1804 1842 19)..
1828 1767 2002 1838 Opor-

420 1872 597 1916 tuerat
671 1863 842 1932 ipsum
923 1863 1138 1934 quidem
1216 1864 1320 1919 ﬁde
1372 1863 1588 1932 dignum
1658 1860 1845 1916 haberi
1919 1859 2004 1916 vel

417 1962 543 2010 ante
574 1955 808 2024 ipsarum
834 1971 1011 2011 rerum
1032 1966 1315 2020 eventum;
1339 1957 1589 2026 quoniam
1614 1969 1741 2010 vero
1761 1962 1868 2008 tam
1894 1963 2007 2007 stu-

419 2043 530 2112 pidi
556 2043 788 2109 fuerunt,
817 2054 876 2100 ut
900 2061 966 2102 eo
987 2056 1237 2103 monente
1265 2057 1319 2103 et
1342 2046 1656 2101 consulente
1685 2060 1790 2099 non
1811 2043 2004 2100 crede-

417 2144 559 2204 rent,
589 2153 710 2191 cutn
748 2153 843 2193 eos
886 2140 1031 2208 prius
1057 2141 1420 2210 repressisset,
1461 2154 1529 2195 ne
1554 2139 1771 2194 malitia:
1798 2138 2005 2194 obtem-

418 2238 690 2298 perarent,
721 2231 962 2300 permisit
987 2246 1082 2287 eos
1111 2247 1286 2287 rerum
1307 2241 1503 2289 eventu
1532 2233 1748 2303 corrigi,
1780 2247 1887 2303 quo
1921 2231 2004 2286 vel

416 2319 497 2373 sic
540 2333 634 2374 eos
675 2330 1034 2390 recuperaret.
1067 2321 1351 2393 Postquam
1382 2323 1543 2392 igitur
1563 2323 1871 2378 concedens
1917 2322 2005 2378 ille

417 2411 690 2482 prodigus,
740 2414 793 2467 in
833 2414 1059 2468 alienam
1097 2423 1290 2469 terram
1338 2415 1500 2470 rebus
1530 2415 1657 2486 ipsis
1701 2414 2002 2485 perdidicit,

418 2502 545 2572 qttid
581 2505 704 2558 mali
730 2505 800 2560 sit
841 2515 1061 2576 paterna
1089 2506 1251 2562 domo
1297 2507 1574 2571 excidere,
1607 2517 1661 2564 et
1690 2508 1868 2575 rediit,
1897 2523 2003 2563 non

416 2592 517 2647 fuit
547 2609 752 2649 memor
793 2596 1001 2665 injuriae
1046 2606 1231 2666 pater,
1274 2598 1368 2654 sed
1398 2601 1568 2668 passis
1606 2616 1730 2655 cum
1767 2601 2006 2670 suscepit

420 2684 684 2739 manibus.
711 2684 850 2753 Quid
897 2687 1005 2741 ita?
1033 2686 1167 2754 Quia
1210 2697 1389 2759 pater,
1423 2705 1530 2744 non
1568 2691 1732 2760 judex
1774 2702 1909 2746 erat.
1942 2692 2006 2747 Et

418 2772 640 2831 ehorem.
659 2781 711 2831 et
727 2778 898 2847 cpula‘.
923 2788 976 2833 ct
1004 2778 1125 2835 fusti
1154 2784 1449 2837 conventus
1473 2782 1666 2838 deinde
1696 2783 1818 2839 facti
1844 2776 2001 2850 sunt,

416 2865 645 2936 laetaque
673 2877 727 2923 et
752 2870 989 2939 gaudens
1018 2882 1135 2927 erat
1160 2872 1370 2928 domus.
1409 2873 1543 2941 Quid
1571 2874 1743 2930 dicis?
1771 2874 2007 2931 hmcciue

417 2965 543 3011 sunt
569 2959 785 3014 malitiae
813 2961 1027 3031 prtemia
1049 2964 1072 3018 ?
1097 2962 1212 3018 Non
1252 2964 1490 3031 malitim,
1517 2981 1550 3021 ο
1571 2965 1755 3033 homo,
1791 2966 1884 3021 sed
1918 2982 2004 3022 re-

414 3048 560 3104 ditus
588 3067 601 3104 :
633 3067 738 3105 non
766 3054 989 3122 peccati,
1021 3054 1115 3110 sed
1148 3056 1476 3125 poenitentiae
1506 3076 1518 3112 :
1552 3068 1657 3113 nan
1686 3058 2004 3129 improbita-

415 3140 506 3204 tis,
533 3142 626 3196 sed
653 3142 704 3197 in
732 3145 923 3200 melius
954 3148 1262 3203 mutationis
1291 3166 1306 3204 :
1344 3158 1400 3205 ct
1428 3151 1570 3219 quod
1597 3159 1680 3207 est
1716 3151 1909 3221 majus,
1938 3149 2006 3206 de

416 3227 501 3283 his
530 3230 832 3303 indignatus
869 3245 952 3291 est
978 3237 1154 3308 major
1191 3238 1361 3306 ﬁlius;
1413 3240 1498 3296 hic
1524 3252 1702 3297 autem
1739 3240 2004 3312 et'ipsum

415 3333 690 3378 mansuete
718 3326 1009 3397 mitigavit,
1036 3328 1221 3385 dicens
1253 3348 1268 3386 :
1299 3332 1552 3399 Quoniam
1579 3342 1632 3387 tu
1654 3334 1855 3404 quidem
1876 3350 1998 3388 sem.

411 3430 506 3484 per
531 3432 722 3471 mecum
745 3434 819 3485 es,
846 3420 929 3473 hic
956 3436 1071 3475 vero
1101 3423 1336 3493 perierat,
1366 3432 1416 3477 et
1459 3424 1688 3479 iuventus
1729 3434 1802 3479 est
1823 3441 1841 3480 :
1862 3441 2004 3478 mor-

413 3514 533 3559 tuus
552 3515 680 3574 erat,
694 3519 746 3562 et
758 3511 933 3565 revixit
946 3510 1265 3585 (Luc.15,31
1279 3553 1292 3565 .
1319 3515 1428 3585 52).
1451 3514 1583 3570 Cum
1597 3531 1727 3572 vero
1740 3517 2002 3587 perditum

413 3609 632 3651 servare
657 3607 890 3667 oportet,
924 3601 1113 3670 inquit,
1145 3618 1251 3659 non
1288 3603 1471 3673 judicii
1524 3615 1734 3676 tempus
1761 3615 1863 3675 est,
1911 3623 2004 3664 ne-

414 3699 518 3754 que
562 3687 856 3745 subtilioris
907 3692 1199 3760 examinis,
1249 3694 1344 3749 sed
1383 3696 1681 3752 clementiae
1729 3701 2003 3770 veniaeque

416 3775 713 3833 dumtaxat.
758 3779 948 3838 Nullus
978 3784 1121 3839 enim
1151 3785 1413 3853 medicus,
1447 3788 1614 3844 misso
1645 3789 2004 3851 medicamen-

414 3876 589 3924 torum
622 3887 741 3936 usu,
786 3873 1185 3932 incontinentiae
1213 3892 1397 3949 poenas
1438 3880 1507 3936 ab
1535 3895 1601 3936 eo
1642 3883 1900 3955 exegerit.
1946 3885 2003 3940 Si

411 3977 542 4018 vero
571 3980 757 4035 poenas
784 3983 905 4024 eum
943 3969 1073 4026 dare
1099 3973 1355 4043 oportuit,
1396 3974 1525 4028 satis
1550 3989 1850 4044 pmnarum,
1879 3991 2000 4032 cum

412 4051 467 4106 in
498 4053 672 4110 aliena
714 4057 934 4128 regione
967 4070 1213 4117 versatus
1242 4071 1346 4127 est,
1390 4062 1559 4119 dedit.
1597 4065 1768 4122 Tanto
1793 4067 1935 4122 enim
1966 4083 2001 4123 a

412 4143 570 4198 nobis
596 4155 838 4216 tempore
859 4160 1187 4223 segregatus,
1218 4152 1355 4210 fame
1380 4154 1750 4227 dedecet-eque
1770 4172 1833 4214 ac
1862 4172 2002 4213 sum-

415 4234 518 4288 mis
542 4235 878 4294 conﬁictatus
921 4242 1096 4308 malis,
1120 4243 1440 4300 laborabat:
1482 4255 1766 4317 propterea
1808 4248 1997 4319 inquit,

417 4321 672 4394 Perierat,
701 4337 747 4381 et
774 4328 1004 4386 iuventus
1026 4343 1098 4388 est
1127 4350 1148 4388 :
1168 4346 1395 4391 mortuus
1421 4346 1549 4404 erat,
1579 4349 1627 4392 et
1651 4339 1850 4394 revixit.
1882 4340 1998 4395 Non

370 4416 382 4483 ζ
413 4416 578 4482 enim,
612 4417 803 4488 inquit,
845 4423 1063 4478 attende
1091 4428 1396 4495 prmscntia,
1426 4429 1519 4483 sed
1560 4429 1753 4499 prioris
1780 4430 2001 4486 calami-

414 4508 540 4562 tatis
566 4509 985 4579 magnitudinem
1015 4517 1295 4573 considera
1324 4536 1339 4573 :
1371 4517 1593 4574 fratrem
1618 4520 1863 4588 intueris,
1890 4538 1998 4579 non

411 4597 684 4655 alienum:
712 4602 779 4657 ad
810 4613 1014 4673 patrem
1042 4621 1290 4664 reversus
1311 4618 1412 4674 est,
1445 4610 1534 4680 qui
1562 4610 1798 4681 priorum
1822 4627 1890 4668 ne
1916 4614 1998 4669 vel

413 4690 693 4748 minimum
716 4697 985 4754 recordari
1018 4708 1227 4770 potest;
1262 4704 1430 4775 magis
1460 4720 1588 4760 vero
1608 4721 1795 4762 eorum
1822 4707 1995 4762 solum

1113 289 1168 345 S.
1211 285 1486 345 JOANNIS
1522 284 1995 344 CHRYSOSTOMI
2034 281 2354 340 ARCIIIEP.
2395 276 2929 337 CONSTANTINOP.

3591 270 3713 327 234

2100 395 2486 464 reminiscitur,
2514 411 2634 466 qua:
2653 395 2719 450 ad
2750 392 3199 464 compassionem,
3228 388 3715 455 misericordiam,

2103 490 2441 545 clementiam
2468 528 2483 552 ,
2516 486 2898 558 indulgentiam
2935 483 3149 540 trahere
3186 489 3408 554 possunt
3434 477 3716 552 genitori-

2101 580 2202 636 bus
2230 577 2707 635 accommodatam.
2737 577 3030 647 Propterea
3057 589 3165 629 non
3187 589 3306 643 qua:
3345 573 3495 638 iecit,
3524 569 3676 625 dixit
3695 609 3714 634 ,

2104 671 2196 726 sed
2215 686 2339 740 qua-
2373 684 2560 740 passus
2584 678 2666 725 est
2699 687 2713 724 :
2743 684 2851 723 non
2893 667 3034 738 quod
3067 664 3420 721 substantiam
3465 663 3721 732 dissipa-

2102 764 2261 827 verit,
2294 762 2557 825 meminit,
2605 760 2700 816 sed
2735 760 2876 830 quod
2922 758 3221 814 innumeris
3247 755 3591 811 conﬂictatus
3643 755 3723 807 sit

2104 856 2277 910 malis.
2311 855 2400 911 Sic
2425 863 2478 909 et
2503 869 2656 908 ovem
2698 861 2845 908 tanto
2884 851 3062 907 studio
3090 850 3366 920 quaesivit,
3409 847 3499 902 vel
3534 847 3719 901 etiam

2105 944 2299 1016 majori
2332 963 2346 999 ε
2392 945 2479 1000 hic
2512 944 2654 999 enim
2685 943 2799 1013 ipse
2830 942 2988 998 rediit
3033 941 3191 1005 ﬁlius,
3236 939 3343 994 illic
3368 948 3554 994 autem
3586 936 3722 1008 ipse

2106 1040 2236 1094 abiit
2289 1047 2499 1108 pastor,
2548 1045 2605 1093 et
2648 1036 2926 1092 inveniens
2972 1033 3217 1098 reduxit,
3257 1041 3313 1087 et
3358 1032 3572 1087 laetatus
3627 1036 3723 1084 est

2107 1144 2268 1198 super
2313 1143 2376 1184 ea
2426 1128 2626 1199 magis,
2677 1142 2836 1198 quam
2883 1140 3045 1196 super
3093 1123 3322 1189 caeteris,
3370 1137 3491 1193 quae
3536 1120 3722 1176 salva:

2107 1230 2278 1276 erant.
2312 1220 2449 1276 Vide
2469 1229 2648 1275 autem
2677 1218 2947 1290 quomodo
2976 1216 3223 1272 reduxit:
3256 1229 3362 1270 non
3389 1212 3720 1284 ﬁagellavit,

2108 1312 2200 1367 sed
2247 1312 2425 1367 ferens
2473 1311 2711 1367 humeris
2738 1323 2928 1365 rursus
2965 1309 3113 1380 gregi
3148 1306 3382 1362 reddidit
3409 1304 3566 1376 (Luc.
3615 1304 3717 1359 15.

2107 1404 2161 1458 4.
2193 1402 2271 1473 6).
2297 1403 2423 1458 Haec
2448 1402 2606 1473 igitur
2636 1402 3033 1472 intelligentes,
3068 1415 3173 1454 non
3215 1398 3376 1453 modo
3411 1412 3439 1449 a
3463 1396 3721 1450 redeun-

2111 1495 2250 1549 tibus
2278 1510 2385 1549 non
2421 1494 2590 1550 averti
2625 1494 2814 1561 Deum,
2846 1492 2941 1549 sed
2980 1493 3081 1548 hoc
3107 1507 3211 1545 non
3247 1490 3439 1543 minori
3468 1504 3592 1543 cum
3623 1486 3722 1556 ju-

2109 1585 2417 1652 cunditate,
2458 1600 2617 1656 quam
2649 1585 2793 1654 ipsos
2823 1583 2912 1653 qui
2954 1591 3101 1637 recte
3138 1596 3197 1637 se
3230 1580 3522 1651 gesserint,
3570 1577 3712 1633 reci-

2112 1693 2268 1749 pere:
2292 1693 2391 1733 nec
2411 1677 2572 1733 modo
2590 1692 2776 1747 poenas
2805 1690 2913 1731 non
2933 1675 3170 1745 exigere,
3192 1671 3286 1727 sed
3309 1671 3375 1725 ad
3398 1669 3719 1726 errantium

2110 1770 2506 1840 inquisitionem
2538 1769 2801 1840 proﬁcisci
2835 1786 2850 1823 :
2882 1783 2945 1823 ac
2983 1767 3053 1823 de
3081 1766 3165 1820 his
3209 1764 3439 1834 repertis
3468 1761 3723 1831 amplius

2109 1862 2327 1933 gaudet,
2358 1877 2518 1932 quam
2540 1861 2609 1917 de
2628 1861 2839 1916 eteteris
2862 1869 2976 1915 tuto
2993 1859 3045 1914 in
3068 1859 3186 1914 loco
3203 1855 3719 1927 perseverantibus;

2112 1954 2212 2023 ipsi
2257 1968 2433 2023 neque
2476 1953 2631 2009 malis
2679 1951 2876 2016 obruti,
2922 1966 3072 2021 spem
3119 1949 3470 2019 deponatnus,
3528 1961 3723 2017 neque

2111 2046 2267 2101 bonis
2292 2045 2647 2111 abundantes,
2673 2044 3040 2110 conﬁdamus;
3073 2041 3167 2097 sed
3194 2052 3247 2096 et
3276 2056 3398 2096 cum
3426 2049 3580 2095 recte
3609 2054 3723 2093 nos

2109 2137 2474 2208 gesserimus,
2503 2137 2781 2191 timeamus
2800 2177 2814 2204 ,
2846 2143 2903 2189 ut
2928 2150 2999 2190 ne
3028 2149 3124 2204 per
3145 2131 3522 2188 conﬁdentiam
3559 2129 3723 2185 laba-

2113 2246 2253 2295 mur,
2287 2239 2343 2285 et
2367 2240 2425 2285 ut
2450 2230 2583 2301 lapsi
2607 2229 2974 2300 paenitentiam
3000 2241 3241 2299 agamus.
3268 2225 3418 2295 Quod
3451 2226 3601 2279 enim
3622 2225 3721 2278 irt-

2111 2323 2320 2393 cipiens
2347 2323 2476 2388 dixi,
2506 2332 2562 2378 et
2589 2337 2731 2378 nunc
2755 2323 2878 2378 dico
2898 2362 2914 2388 ,
2950 2321 3056 2377 duo
3084 2320 3199 2375 hazc
3230 2337 3244 2375 :
3275 2327 3505 2373 stantem
3534 2316 3724 2372 conﬁ-

2111 2414 2276 2480 dere,
2328 2423 2385 2471 et
2438 2414 2727 2485 deSperare
2767 2414 3060 2485 jacentem,
3106 2411 3463 2482 proditionem
3514 2409 3723 2464 salutis

2111 2517 2309 2563 nostra:
2339 2523 2480 2564 esse.
2510 2508 2688 2577 Quare
2717 2516 2923 2563 stantes
2948 2507 3218 2562 cautiores
3248 2504 3479 2560 reddens
3505 2504 3720 2559 Paulus

2110 2600 2265 2666 dicit,
2303 2600 2405 2666 Qui
2435 2617 2488 2656 se
2512 2609 2659 2672 putat
2683 2610 2837 2666 stare,
2868 2599 3034 2653 videat
3067 2615 3131 2653 ne
3170 2597 3337 2652 cadat.
3378 2597 3446 2652 Et.
3485 2599 3715 2652 iterum.

2112 2693 2289 2749 Timeo
2337 2710 2400 2748 ne
2446 2698 2580 2766 forte
2629 2693 2746 2747 aliis
2794 2692 3079 2764 praedicans
3130 2692 3241 2763 ipse
3290 2689 3531 2762 reprobus
3583 2690 3718 2758 ﬁam

2117 2780 2166 2854 (ι
2196 2778 2321 2834 Cor.
2352 2779 2436 2834 10.
2460 2780 2554 2847 12;
2581 2779 2633 2836 9.
2655 2780 2747 2851 27)
2776 2798 2789 2835 :
2827 2783 3069 2854 jacentes
3095 2790 3272 2837 autem
3305 2781 3537 2852 erigens,
3559 2790 3620 2835 et
3645 2781 3719 2834 ad

2114 2872 2339 2928 ulterius
2378 2872 2621 2929 excitans
2664 2871 2936 2934 studium,
2985 2871 3370 2928 testiﬁcabatur
3412 2870 3719 2926 Corinthiis

2111 2964 2189 3020 sic
2216 2964 2482 3029 scribens,
2513 2964 2598 3020 Ne
2620 2970 2751 3037 forte
2779 2965 2966 3020 multos
2995 2965 3232 3036 deﬂeant,
3263 2966 3348 3035 qui
3375 2973 3493 3019 ante
3518 2981 3717 3033 pecca-

2111 3066 2307 3123 verunt,
2336 3067 2383 3111 et
2419 3058 2762 3129 paniteutiam
2790 3073 2892 3111 non
2922 3065 3129 3128 egerunt
3170 3056 3245 3126 (‘2.
3276 3053 3396 3111 Cor.
3439 3054 3526 3110 12.
3553 3054 3660 3125 21)
3696 3074 3715 3110 :

2110 3150 2401 3206 ostendens
2431 3165 2536 3205 non
2569 3158 2675 3204 tam
2703 3159 3019 3221 peccantes,
3052 3163 3210 3219 quam
3241 3163 3345 3203 non
3380 3146 3718 3218 pmuitentes

2110 3241 2300 3313 dignos
2327 3242 2575 3315 lacrymis
2603 3257 2742 3298 esse.
2776 3243 2841 3297 Et
2866 3242 3124 3312 prOpheta
3145 3241 3211 3296 ad
3239 3240 3455 3296 eosdem
3484 3257 3499 3297 :
3532 3239 3718 3295 Num-

2109 3334 2234 3404 quid
2259 3335 2346 3403 qui
2369 3335 2528 3398 cadit,
2556 3351 2658 3389 non
2686 3335 2933 3406 resurgit,
2961 3343 3050 3391 aut
3077 3349 3283 3387 aversus
3308 3349 3408 3386 non
3433 3333 3717 3387 revertitur

2112 3427 2244 3497 (Jer.
2270 3427 2326 3483 8.
2359 3427 2453 3497 4)?
2477 3427 2655 3496 Quare
2696 3435 2752 3483 et
2776 3426 2994 3482 eosdem
3025 3425 3317 3482 exhortans
3354 3424 3516 3479 David
3540 3424 3713 3493 dicit,

2114 3517 2283 3573 Hodie
2316 3520 2360 3573 si
2389 3534 2558 3574 vocem
2584 3520 2695 3586 eius
2736 3518 3003 3572 audieritis
3023 3558 3038 3580 ,
3075 3518 3233 3571 nolite
3261 3516 3511 3571 obdurare
3546 3517 3717 3571 corda

2109 3618 2272 3663 vestra
2309 3609 2440 3663 sicut
2481 3609 2536 3663 iu
2567 3608 2943 3663 exacerbatione
2980 3606 3154 3678 (Psal.
3196 3606 3285 3663 94.
3318 3607 3398 3677 8).
3437 3605 3714 3674 Quamdiu

2112 3701 2274 3772 igitur
2300 3701 2452 3755 hodie
2490 3700 2703 3761 dicitur,
2739 3714 2807 3756 ne
2839 3701 3076 3754 animum
3114 3697 3578 3767 despondeamus;
3608 3699 3713 3753 sed

2109 3793 2303 3848 bonam
2329 3791 2382 3847 in
2416 3793 2640 3847 Domino
2661 3806 2811 3863 spem
2835 3791 3112 3857 habentes,
3137 3799 3192 3845 et
3217 3790 3434 3862 pelagus
3455 3789 3575 3860 ejus
3595 3789 3714 3845 cle-

2110 3885 2323 3940 mentiae
2348 3885 2702 3955 recogitantes
2720 3924 2739 3950 ,
2769 3898 2984 3938 omnem
3015 3882 3398 3938 conscientiam
3427 3880 3714 3936 excutien-

2111 3984 2193 4032 tes
2218 3977 2410 4031 malam
2437 3975 2601 4030 multa
2643 3989 2764 4030 cum
2791 3989 2887 4045 spe
2914 3974 3294 4044 propositoque
3334 3971 3713 4028 adhmreamus

2110 4067 2330 4133 virtuti,
2363 4077 2417 4122 et
2445 4068 2814 4138 paenitentiam
2840 4067 3097 4136 majorem
3124 4067 3177 4119 in
3207 4065 3422 4120 modum
3448 4063 3714 4120 ostenda-

2112 4172 2253 4225 mus,
2283 4166 2342 4214 ut
2362 4157 2447 4213 hic
2469 4159 2713 4213 universa
2734 4158 3064 4228 deponentes
3088 4164 3304 4226 peccata
3325 4154 3491 4210 multa
3514 4153 3711 4209 ﬁducia

2107 4266 2289 4307 coram
2318 4250 2516 4307 Christi
2562 4250 2810 4307 tribunali
2843 4260 2986 4305 stare
3025 4248 3326 4320 possimus,
3371 4261 3711 4318 regnumque

2108 4343 2362 4399 caelorum
2395 4344 2676 4414 consequi.
2710 4342 2876 4413 Cujus
2903 4356 3090 4397 omnes
3130 4355 3226 4396 nos
3269 4340 3553 4410 participes
3590 4340 3710 4395 ﬁeri

2090 4435 2410 4506 contingat,
2460 4436 2634 4504 gratia
2677 4444 2733 4490 et
2770 4433 3051 4489 clementia
3101 4431 3313 4486 Domini
3356 4431 3524 4486 nostri
3575 4429 3711 4486 Jesu

2106 4524 2340 4592 Christi,
2395 4527 2485 4596 qui
2531 4542 2652 4581 cum
2696 4526 2880 4590 Patri,
2933 4523 3197 4593 simulque
3243 4530 3430 4578 sancto
3481 4521 3709 4592 Spiritui

2106 4616 2294 4686 gloria,
2339 4616 2646 4688 imperium,
2676 4626 2731 4672 et
2774 4616 2968 4682 honor,
3010 4628 3150 4669 nunc
3177 4622 3233 4670 et
3275 4628 3517 4685 seraper,
3561 4624 3618 4669 et
3653 4613 3709 4670 in

2108 4708 2303 4764 saecula
2327 4708 2667 4764 saeculorum.
2697 4708 2890 4763 Amen.

417 4800 3679 4833 .____________——_______________________

1519 4874 1522 4877 ‘
1570 4889 1711 4959 DE
1777 4888 2482 4978 PtENITENTlA,

1010 5058 1088 5102 ET
1117 5060 1199 5102 DE
1228 5059 1557 5104 nocsmu
1604 5061 1782 5108 REGIS
1824 5063 2098 5117 aeuus,
2129 5063 2209 5106 ET
2250 5064 2333 5106 DE
2375 5063 2533 5109 10m
2574 5065 2905 5109 noramus
2952 5047 3059 5130 (a).

1045 5285 1260 5327 ιιοιιιιιλ
1301 5289 1358 5327 ll.

482 5357 535 5412 1.
566 5355 788 5415 Vidistis
831 5361 1094 5431 superiori
1148 5364 1421 5421 Domiuiea
1464 5381 1691 5437 pugnam
1731 5375 1788 5424 et
1831 5367 2001 5425 victo-

411 5447 576 5512 riam,
626 5465 857 5521 pugnam
921 5453 1134 5523 quidem
1205 5455 1437 5523 diaboli,
1490 5460 1766 5515 victoriam
1819 5470 1999 5519 autem

406 5538 643 5594 Christi?
666 5542 891 5605 vidistis.
921 5555 977 5600 ut
996 5547 1306 5615 pteniteutia
1330 5550 1653 5620 laudaretur,
1678 5561 1733 5609 et
1752 5552 1997 5613 diabolus

467 5673 753 5746 (a)__collat_a
776 5692 885 5746 cum
908 5687 1015 5731 Mss.
1048 5689 1167 5746 Beg.
1209 5684 1349 5741 1828,
1375 5685 1512 5746 1829,
1550 5688 1692 5746 2052.
1715 5690 1857 5742 2121.
1884 5697 1997 5745 Haec

405 5731 602 5786 humilia
626 5740 822 5787 tertium
843 5741 997 5791 locum
1014 5731 1486 5798 obtinet—iugavth
1500 5731 1512 5746 ’
1555 5731 1692 5751 ﬂ",

2114 5280 2320 5350 plagam
2353 5296 2457 5335 non
2487 5280 2680 5346 ferret,
2708 5280 2804 5335 sed
2835 5281 3126 5351 trepidaret
3167 5288 3222 5337 et
3260 5280 3538 5337 horreret?
3563 5280 3700 5350 Quid

2109 5373 2286 5441 times,
2316 5388 2349 5428 ο
2374 5373 2614 5440 diabolo,
2646 5373 2772 5429 dum
2800 5375 3110 5444 pmnitentia
3141 5374 3424 5430 laudatur?
3448 5375 3572 5445 quid
3600 5390 3699 5448 ge-

2105 5465 2246 5520 mis?
2275 5466 2400 5536 quid
2428 5466 2653 5522 horres?
2682 5466 2869 5521 Merito
2898 5480 3049 5534 sane,
3080 5466 3271 5536 inquit,
3307 5481 3463 5537 gemo
3486 5474 3542 5522 et
3564 5466 3700 5521 ami-

2102 5574 2199 5628 gor
2222 5576 2235 5613 :
2260 5575 2447 5630 magna
2466 5560 2593 5615 mihi
2615 5575 2740 5616 vasa
2764 5561 2939 5631 rapuit
2960 5559 3270 5631 paenitentia
3299 5560 3417 5614 ista.
3441 5559 3698 5626 Quaenam

2102 5651 2194 5706 illa
2244 5652 2503 5708 tandem?
2548 5652 2911 5719 Meretricem,
2970 5651 3347 5723 publicanum,
3394 5650 3693 5726 latronem,

2099 5743 2488 5808 blaSphemum.
2520 5744 2806 5802 Enimvero
2841 5743 3005 5801 multa
3045 5757 3170 5800 vasa
3219 5742 3335 5815 ejus
3362 5740 3495 5799 sine
3530 5740 3702 5796 dubio
