3894 6226
174 283 291 340 235

176 403 365 471 rapuit
404 400 740 472 pmnitcntia,
780 404 836 452 et
882 397 1049 465 ipsam
1084 392 1199 463 ejus
1244 408 1423 448 arcem
1453 398 1677 461 evertit,
1722 411 1785 450 ac

175 494 330 549 letali
378 494 601 548 vulnere
640 499 722 546 est
756 505 784 543 a
828 487 1142 558 poenitentia
1187 485 1466 541 confossus
1496 504 1510 540 :
1538 487 1679 554 quod
1719 502 1785 540 cx

177 579 251 632 iis
300 578 584 648 intelliges,
629 573 997 637 dilectissime,
1050 586 1169 641 qua:
1209 583 1379 638 nuper
1419 571 1785 639 experimento

174 678 464 740 comperta
509 674 653 723 sunt.
684 664 793 721 Cur
832 665 993 733 igitur
1036 661 1299 731 ejusmodi
1342 676 1631 731 congressu
1675 675 1780 714 non

174 759 438 826 fruimur,
465 773 566 813 nec
581 756 802 827 singulis
823 754 1011 809 diebus
1036 753 1103 807 ad
1130 753 1413 806 ecclesiam
1434 751 1777 817 ventitamus,

175 861 241 905 ut
293 849 659 921 penitentiam
698 843 1156 915 complectamur?
1185 843 1308 897 Sive
1351 843 1492 896 enim
1535 851 1782 911 peccator

177 944 281 1005 sis,
308 940 586 1012 ingredere
615 940 668 993 in
691 936 995 1001 ecclesiam,
1020 944 1080 989 nt
1109 942 1321 1003 peccata
1347 944 1431 987 tua
1451 933 1596 987 dicas
1619 951 1632 986 :
1662 934 1779 988 sive

174 1034 363 1101 justus
402 1032 496 1095 sis,
540 1028 848 1103 ingredere,
880 1042 949 1107 ne
974 1041 1006 1080 a
1043 1024 1247 1097 justitia
1287 1024 1548 1079 excidas:
1593 1033 1779 1095 portus

177 1124 331 1186 enim
362 1130 446 1178 est
472 1121 683 1192 utrique
710 1119 958 1176 ecclesia.

262 1334 445 1390 Prima
480 1336 789 1407 pmnitentiw
816 1336 897 1389 via
934 1334 1184 1405 confessio
1232 1332 1444 1404 peccati.
1474 1329 1780 1401 Exemplum

180 1429 466 1496 peccatoris
488 1437 750 1497 peccatum
773 1443 875 1479 non
918 1425 1135 1495 confessi
1154 1433 1200 1478 et
1230 1425 1412 1494 puniti.
1435 1454 1507 1463 —
1526 1423 1780 1478 Peccator

177 1532 244 1572 es
266 1518 290 1571 ?
316 1518 395 1573 Ne
423 1518 758 1587 despondeas
784 1517 1019 1571 animum
1037 1558 1052 1580 ,
1086 1516 1180 1571 sed
1221 1516 1534 1585 ingredere,
1559 1530 1622 1569 ac
1657 1529 1777 1584 pte-

178 1610 468 1663 nitentiam
489 1608 741 1663 obtende.
773 1607 1050 1661 Peccasti?
1080 1607 1172 1660 Die
1194 1607 1341 1661 Deo:
1375 1605 1623 1661 Peccavi.
1647 1603 1778 1671 Quis

180 1699 278 1755 hic
304 1700 458 1754 labor
481 1699 601 1754 est?
626 1699 746 1769 quis
773 1698 1065 1754 circuitus?
1087 1713 1207 1768 quae
1235 1696 1509 1768 fatigatio?
1534 1712 1653 1766 qua:
1676 1711 1777 1750 an-

175 1795 374 1863 gustiae
409 1792 635 1848 verbum
679 1792 784 1846 hoc
826 1789 1109 1860 proferre:
1156 1790 1417 1844 Peccavi?
1453 1788 1589 1843 Num
1632 1788 1776 1843 enim

177 1895 265 1952 tn,
293 1885 393 1939 nisi
418 1894 472 1939 te
498 1884 673 1954 ipsum
708 1882 910 1938 dixeris
950 1891 1319 1953 peccatorem,
1350 1897 1381 1935 a
1421 1880 1635 1935 diabolo
1669 1894 1775 1935 non

175 1976 557 2031 accusaheris?
588 1976 908 2043 Prmoccupa
929 2014 945 2040 ,
973 1983 1027 2028 et
1062 1973 1211 2042 eripe
1253 1972 1325 2026 illi
1356 1986 1506 2026 suam
1551 1971 1779 2042 dignita-

179 2078 291 2121 tem
312 2084 328 2131 ;
351 2068 468 2135 ejus
488 2067 630 2121 enim
647 2067 877 2137 dignitas
896 2074 979 2119 est
993 2065 1298 2119 accusare‘.
1321 2062 1428 2118 Cur
1447 2063 1606 2133 igitur
1627 2064 1775 2118 illum

176 2175 290 2212 non
317 2159 603 2229 prmvenis,
635 2168 691 2213 et
726 2168 1002 2228 peccatum
1033 2157 1202 2222 dicis,
1234 2164 1291 2212 et
1316 2156 1519 2210 crimen
1547 2171 1773 2226 purgas,

175 2268 306 2306 cum
339 2250 504 2320 probe
547 2250 687 2305 scias
714 2252 875 2305 talem
924 2258 1289 2303 accusatorem
1322 2247 1436 2311 tibi,
1463 2248 1554 2313 qui
1600 2258 1774 2302 tacere

175 2349 434 2411 nequeat,
454 2340 772 2394 imminere?
790 2338 1066 2393 Peccasti?
1088 2337 1143 2391 ιιι
1173 2338 1451 2392 ecclesiam
1473 2337 1773 2407 ingredere,

176 2432 269 2486 dic
297 2431 443 2485 Deo:
477 2430 724 2484 Peccavi.
752 2428 895 2483 Nihil
922 2427 1064 2482 aliud
1100 2429 1196 2481 abs
1226 2436 1276 2480 te
1306 2427 1406 2480 nisi
1433 2428 1607 2481 solum
1634 2427 1775 2481 istud

184 2522 366 2591 exigo.
398 2522 490 2574 Ait
521 2521 660 2575 enim
697 2518 972 2589 Scriptura
1013 2534 1161 2573 sacra
1194 2535 1210 2572 :
1241 2517 1334 2571 Dic
1359 2527 1412 2570 tu
1442 2518 1634 2589 primus
1673 2519 1773 2571 ini-

180 2617 403 2685 quitates
424 2624 556 2679 tuas,
580 2623 633 2667 ut
640 2614 771 2684 justi
774 2612 937 2681 ﬁccris
958 2610 1007 2683 (1
1013 2612 1109 2666 sai.
1127 2614 1218 2667 43.
1236 2610 1351 2681 26);
1369 2609 1453 2664 die
1474 2619 1769 2680 peccatum,

189 2718 250 2759 ιιι
268 2707 450 2760 solvas
468 2714 765 2774 peccatum.
787 2703 901 2757 Non
920 2704 972 2756 in
987 2702 1090 2757 hoc
1110 2702 1259 2756 labor
1273 2711 1376 2768 est,
1397 2716 1503 2758 non
1519 2701 1775 2755 circuitus

176 2799 489 2861 verborum,
523 2810 695 2865 neque
724 2795 1067 2862 pecuniarum
1091 2806 1370 2863 expensas,
1410 2806 1582 2860 neque
1622 2789 1771 2845 aliud

180 2890 471 2960 quidquam
514 2887 811 2958 ejusmodi;
843 2888 929 2942 dic
976 2886 1230 2950 verbum,
1294 2884 1451 2939 bona:
1486 2885 1610 2940 ﬁdei
1655 2894 1773 2940 esto

176 2984 321 3038 circa
341 2992 637 3053 peccatum,
652 2992 708 3037 et
722 2982 829 3047 dic,
855 2981 1097 3037 Peccavi.
1111 2981 1264 3037 Unde
1276 2996 1405 3037 vero
1418 2982 1475 3035 ﬁt
1493 2982 1612 3047 hoc,
1631 2981 1775 3037 dicet

177 3078 373 3148 aliquis
391 3119 406 3143 ,
440 3086 499 3131 ut
521 3077 565 3131 si
595 3078 797 3146 primus
819 3085 1094 3144 peccatum
1122 3075 1341 3140 dixero,
1367 3084 1645 3144 peccatum
1675 3074 1773 3130 de-

180 3167 352 3222 leam?
375 3167 554 3222 llabeo
582 3166 925 3235 inScriptura
951 3166 1245 3229 hominem,
1269 3165 1359 3235 qui
1388 3174 1661 3234 peccatum
1691 3166 1775 3220 di-

179 3261 278 3326 xit,
297 3267 351 3313 et
369 3259 569 3314 delevit
593 3276 608 3312 :
631 3268 685 3312 et
706 3259 798 3328 qui
825 3271 929 3311 non
952 3257 1105 3323 dixit,
1130 3266 1186 3311 et
1208 3256 1488 3311 damnatus
1510 3265 1609 3312 est.
1637 3256 1771 3312 Cain

176 3351 373 3406 occidit
391 3350 610 3405 fratrem
623 3365 777 3405 suum
796 3349 952 3417 Abel,
974 3349 1171 3404 invidia
1187 3357 1483 3419 correptus,
1502 3351 1580 3405 sic
1598 3359 1771 3405 utere-

176 3445 275 3498 des
303 3443 557 3497 invidiam
588 3452 903 3511 sequeretur
927 3461 940 3495 :
968 3442 1234 3512 siquidem
1258 3457 1381 3498 eum
1409 3442 1687 3497 seductum
1716 3443 1771 3498 in

176 3549 422 3603 campum
468 3531 752 3587 interfecit.
780 3533 915 3600 Quid
947 3541 1123 3588 autem
1149 3535 1224 3587 ait
1252 3533 1327 3588 illi
1368 3534 1547 3589 Deus?
1576 3534 1673 3589 Ubi
1698 3544 1773 3589 est

177 3626 302 3679 Abel
320 3628 480 3696 frater
497 3635 611 3679 tuus
629 3624 781 3696 (Ceu.
807 3626 860 3680 4.
888 3625 986 3696 9)?
1006 3624 1107 3693 Qui
1125 3625 1486 3692 novitomnia,
1506 3641 1611 3679 non
1628 3625 1771 3696 quod

179 3719 406 3787 ignoret,
428 3717 740 3788 interrogat,
762 3717 856 3772 sed
885 3727 939 3772 ut
961 3716 1280 3772 homicidam
1299 3717 1495 3772 alliciat
1512 3718 1578 3773 ad
1602 3719 1773 3788 poeni-

179 3808 419 3862 tentiani.
464 3807 605 3864 Satis
655 3809 798 3862 enim
828 3809 1080 3863 indicavit
1112 3824 1171 3863 se
1197 3810 1610 3879 interrogantem
1660 3824 1767 3865 non

179 3899 423 3967 ignorare
445 3915 457 3951 :
487 3895 586 3952 Ubi
606 3907 678 3953 est
693 3898 819 3952 Abel
829 3897 989 3968 frater
1009 3908 1125 3952 tuus
1145 3897 1194 3970 (Ι
1202 3898 1331 3969 bid.)
1348 3898 1373 3952 ?
1391 3900 1462 3952 At
1487 3899 1577 3954 ille
1589 3899 1725 3953 dixit
1749 3918 1764 3954 :

179 3989 396 4053 Nescio;
414 3991 660 4054 numquid
679 4000 846 4045 custos
875 3993 1050 4062 fratris
1071 3992 1169 4045 mei
1197 4007 1310 4045 sum
1338 4008 1429 4062 ego
1445 3992 1471 4045 .9
1492 3994 1640 4057 Esto,
1660 4010 1769 4050 non

176 4094 237 4134 es
257 4091 457 4145 custos,
480 4095 578 4134 cur
598 4082 759 4134 etiam
780 4081 1129 4150 interemptor
1149 4082 1248 4135 es?
1269 4098 1374 4135 non
1392 4083 1728 4139 custodiebas
1750 4104 1764 4138 :

176 4186 273 4225 cur
309 4172 466 4224 etiam
508 4171 863 4226 interfecisti?
888 4171 1088 4226 Tamen
1127 4173 1227 4227 ista
1267 4172 1580 4227 confiteris?
1623 4175 1768 4230 Reus

177 4279 236 4318 cs
265 4280 475 4334 quoque
519 4274 677 4333 atque
721 4265 985 4319 obnoxius
1010 4265 1283 4319 custodiae.
1332 4264 1470 4332 Quid
1499 4268 1657 4336 igitur
1699 4268 1764 4321 ad

178 4356 325 4411 illum
360 4357 539 4411 Deus?
576 4355 686 4411 Vox
718 4358 980 4427 sanguinis
1006 4356 1182 4425 fratris
1226 4357 1298 4410 tui
1329 4357 1452 4412 Abel
1483 4358 1670 4411 clamat
1700 4361 1767 4412 ad

177 4465 256 4502 me
278 4449 341 4502 de
364 4447 620 4520 terran.
652 4464 699 4502 υ.
729 4447 841 4513 10).
862 4448 1051 4517 Arguit
1077 4447 1225 4501 illum
1254 4448 1453 4512 statim,
1478 4459 1530 4502 et
1553 4464 1767 4518 poenam

177 4541 357 4594 intulit
401 4558 504 4594 non
555 4550 662 4594 tam
693 4541 760 4596 ob
800 4539 1001 4595 caedem
1033 4554 1190 4609 quam
1234 4541 1303 4594 ob
1340 4541 1761 4610 impudentiam:

178 4649 283 4687 non
314 4634 458 4689 enim
490 4635 561 4688 ita
614 4636 755 4689 Deus
780 4634 893 4688 odit
925 4650 1048 4688 eum
1073 4635 1162 4703 qui
1210 4643 1415 4703 peccat,
1443 4645 1498 4687 ιιι
1523 4644 1642 4690 cum
1674 4637 1763 4706 qui

178 4726 513 4796 impudenter
544 4742 602 4781 se
627 4727 783 4797 gerit.
827 4726 983 4781 Certe
1023 4726 1153 4780 Cain
1182 4727 1246 4779 ad
1278 4728 1643 4796 paenitentiam
1676 4746 1766 4784 ac-

177 4820 453 4875 cedentem
493 4834 597 4872 non
629 4818 881 4885 admittit,
918 4820 1039 4887 quia
1090 4827 1362 4886 peccatum
1413 4820 1613 4887 primus
1657 4838 1760 4875 non

177 4912 326 4966 dixit.
356 4911 492 4979 Quid
519 4912 660 4966 enim
685 4911 794 4964 ait?
824 4911 994 4981 Majas
1016 4922 1088 4965 cst
1115 4921 1375 4980 peccatum
1400 4930 1585 4978 meum,
1613 4930 1762 4983 quam

178 5013 232 5054 ut
254 5002 539 5055 remittatur
558 5002 683 5054 mihi
711 5001 815 5074 (Ib.
846 5019 894 5056 v.
929 5002 1019 5071 15)
1047 5019 1059 5055 :
1093 5002 1244 5071 quasi
1265 5002 1469 5058 diceret
1498 5021 1512 5058 :
1540 5004 1759 5058 Multum

178 5094 412 5162 peccavi,
455 5110 560 5148 non
602 5110 720 5148 sum
767 5094 959 5165 dignus
1001 5104 1061 5148 ut
1100 5096 1296 5149 vivam.
1342 5096 1477 5161 Quid
1513 5112 1640 5167 ergo
1692 5097 1758 5151 ad

180 5185 321 5238 illum
372 5184 549 5238 Deus?
599 5182 812 5239 Gemens
855 5202 916 5237 ac
966 5195 1184 5239 tremens
1231 5186 1330 5239 eris
1375 5202 1527 5255 super
1575 5197 1760 5240 terram

179 5275 278 5343 (Ib.
328 5293 375 5329 υ.
426 5275 644 5348 12):et
692 5292 907 5347 gravem
960 5277 1035 5331 illi
1091 5277 1478 5348 molestamque
1543 5292 1758 5348 poenam

179 5367 445 5435 imposuit.
496 5367 613 5421 Non
643 5367 904 5422 intcrlicio
944 5376 1029 5432 te,
1076 5368 1264 5438 inquit,
1295 5384 1362 5421 ne
1397 5368 1592 5423 veritas
1621 5370 1757 5424 obli-

178 5457 316 5511 vioni
344 5457 601 5520 tradatur,
625 5457 719 5512 sed
744 5455 942 5523 efficio,
969 5468 1024 5512 ut
1054 5458 1127 5513 sis
1146 5458 1253 5523 lex,
1271 5474 1390 5528 qua:
1413 5459 1482 5514 ab
1510 5460 1777 5515 omnibus

180 5551 396 5617 legatur,
425 5559 481 5603 ut
523 5530 799 5604 calainitas
845 5548 1191 5618 philosophiae
1230 5560 1400 5606 mater
1424 5549 1532 5605 liat.
1564 5551 1630 5607 Et
1652 5551 1758 5610 cir-

236 5708 255 5739 ί
288 5706 361 5756 Sic
386 5714 488 5755 Mss.
524 5711 636 5754 Hice
658 5703 899 5754 Morellius
920 5717 1086 5756 manca
1112 5706 1349 5761 ediderat.

502 5796 767 5857 PATROL.
813 5797 929 5859 Gn.
972 5802 1196 5870 XLlX.

1334 279 1421 335 DE
1462 279 1929 337 POENITENTIA.
1970 282 2197 340 llOMlL.
2240 286 2300 342 ll.

3360 306 3468 364 286

1891 398 2068 454 cnibat
2090 400 2244 466 Cain,
2274 404 2359 457 lex
2386 406 2638 477 animata,
2669 411 2915 468 columna
2941 416 3168 470 motoria
3192 460 3204 481 ,
3233 434 3353 488 qua
3382 431 3466 478 ta.

1886 491 2073 554 ccbat,
2125 503 2178 547 et
2227 504 2402 551 tamen
2449 515 2632 555 vocem
2682 504 2804 558 tuba
2843 507 3122 563 clariorem
3169 512 3465 568 emittebat.

1885 579 2076 675 l\’emo,
2109 585 2301 655 inquit,
2328 590 2453 643 talia
2483 592 2673 660 faciat,
2706 612 2774 651 ne
2804 600 2927 654 talia
2961 601 3209 669 patiatur.
3243 604 3470 675 Propter

1886 671 2266 742 impudentiam
2294 683 2556 750 supplicio
2577 697 2658 740 est
2683 688 2925 756 allectus,
2955 704 3006 747 et
3026 709 3146 748 cum
3175 712 3280 751 non
3305 671 3470 753 dixis-

1884 773 1968 817 set
1992 776 2265 832 peccatum
2289 812 2304 837 ,
2335 772 2427 826 sed
2451 777 2729 833 convictus
2752 790 2929 845 esset,
2957 785 3027 839 ob
3053 786 3183 840 illud
3211 789 3467 843 cummis-

1883 870 2000 909 sum
2048 858 2329 916 damnatus
2377 874 2478 919 est.
2526 866 2582 921 Si
2637 871 2779 925 enim
2823 887 2917 928 sua
2958 889 3148 946 Sponte
3186 878 3468 936 confessus

1882 955 2045 1014 esset,
2079 961 2351 1018 peccatum
2377 969 2408 1010 a
2435 970 2494 1011 se
2525 958 2694 1026 primo
2716 961 2985 1020 detectum
3016 969 3320 1029 delevisset.

1951 1042 2006 1091 2.
2040 1037 2176 1093 Laus
2202 1040 2410 1098 Davidis
2438 1056 2482 1099 et
2498 1051 2826 1115 psalmorum.
2854 1053 3126 1125 Confertur
3149 1063 3320 1118 anima
3352 1083 3467 1121 cum

1880 1144 2065 1194 curru;
2108 1131 2478 1190 demonstratur
2517 1141 2686 1208 quod,
2730 1144 2867 1199 circa
2907 1148 3138 1205 virtutem
3179 1164 3228 1207 et
3267 1157 3462 1223 vitium,

1878 1222 2047 1289 minus
2080 1227 2243 1280 aetatis
2272 1244 2422 1298 quam
2452 1233 2722 1291 voluntatis
2756 1240 2888 1293 ratio
2921 1243 3152 1299 habenda
3189 1257 3280 1302 est.
3302 1277 3376 1290 --
3399 1222 3465 1307 Ut

1878 1322 2055 1367 autem
2095 1315 2208 1410 haec
2249 1317 2322 1410 ita
2362 1334 2420 1375 se
2459 1321 2655 1380 habere
2694 1327 2988 1400 intelligas,
3030 1349 3330 1406 cognosce,
3358 1358 3465 1410 quo

1878 1410 2034 1498 pacto
2060 1406 2195 1498 alius
2231 1409 2492 1480 quispiam
2517 1429 2638 1469 cum
2675 1418 2896 1476 dixisset
2923 1425 3125 1492 primus
3148 1470 3163 1494 ,
3191 1406 3462 1498 peccatum

1876 1492 2152 1587 deleverit.
2199 1499 2486 1559 Veniamus
2513 1507 2578 1562 ad
2624 1509 2877 1567 Davidem
2899 1556 2914 1579 ,
2944 1492 3261 1587 prophetam
3290 1531 3345 1577 et
3372 1540 3463 1580 re-

1875 1586 2143 1684 gem-{sed
2166 1588 2430 1667 lubentius
2451 1610 2570 1651 eum
2593 1614 2657 1653 ex
2681 1604 2895 1658 nomine
2915 1586 3205 1677 prophetia:
3218 1615 3462 1684 appello:

1875 1673 2135 1772 siquidem
2166 1695 2385 1772 regnum
2414 1686 2531 1755 ejus
2560 1690 2610 1744 in
2638 1673 3310 1772 l’almstinam,-prophetia
3337 1723 3464 1762 vero

1876 1764 2112 1867 in'lines
2156 1771 2303 1828 orbis
2346 1785 2606 1835 terrarum
2658 1764 3050 1846 extendebatut:
3074 1810 3090 1849 :
3130 1764 3190 1849 et
3238 1812 3460 1867 regnum

1874 1855 2087 1958 quidem
2129 1862 2340 1958 modico
2388 1875 2626 1939 tempore
2658 1876 2997 1935 terminatum
3040 1893 3159 1951 est,
3187 1855 3463 1958 prophetia

1875 1961 2002 2002 vero
2028 1949 2345 2011 immortalia
2374 1960 2537 2015 verba
2567 1969 2892 2031 pronuntiat.
2918 1970 3096 2027 Satius
3124 1949 3462 2035 solem

1874 2041 2135 2112 exstingui
2160 2086 2175 2110 ,
2206 2061 2364 2116 quam
2393 2052 2552 2106 verba
2580 2055 2793 2114 Davidis
2821 2061 3073 2120 oblivioni
3106 2067 3260 2122 tradi.
3287 2069 3384 2124 llzc
3411 2073 3462 2126 in

1873 2132 2189 2190 adulterium
2217 2148 2271 2194 et
2299 2139 2642 2201 homicidium
2672 2149 2849 2218 lapsus
2875 2164 2994 2209 est:
3025 2156 3157 2213 vidit
3178 2161 3343 2229 enim,
3377 2165 3462 2218 in-

1874 2226 1989 2295 quit
2016 2226 2319 2300 Scriptura,
2352 2237 2633 2295 mulierem
2662 2243 2935 2310 pulchram
2974 2263 3033 2304 se
3064 2226 3363 2318 lavantem,
3408 2266 3462 2310 et

1873 2318 2139 2415 adamavit
2164 2336 2282 2377 eam
2312 2343 2324 2378 :
2350 2326 2543 2383 deinde
2567 2333 2709 2400 quod
2738 2337 2874 2404 apud
2904 2353 2965 2393 se
2993 2348 3268 2409 statuerat,
3302 2358 3456 2415 pere-

1872 2410 1948 2480 git
1974 2410 2059 2506 (ἓ.
2089 2414 2219 2487 Reg.
2247 2419 2332 2474 11.
2361 2420 2450 2490 2).
2477 2422 2545 2477 Ει
2570 2435 2684 2480 erat
2712 2427 2765 2482 in
2791 2429 3051 2487 adulterio
3083 2410 3372 2506 propheta,
3409 2441 3460 2493 in

1873 2504 2051 2559 medio
2077 2506 2187 2563 luto
2217 2514 2519 2582 margarita.
2550 2515 2925 2577 Verumtamen
2953 2538 3012 2578 se
3043 2504 3293 2594 peccaSse
3322 2546 3454 2585 non-

1872 2598 1997 2652 dum
2027 2613 2282 2659 noverat:
2314 2607 2448 2662 adeo
2476 2613 2875 2678 perturbatione
2898 2618 3058 2671 animi
3090 2622 3294 2689 sopitus
3323 2635 3457 2678 emt.

1872 2690 2004 2746 Cum
2031 2695 2172 2748 enim
2203 2697 2380 2752 ebrius
2407 2712 2486 2755 est
2513 2705 2693 2774 auriga
2719 2747 2734 2772 ,
2768 2706 3118 2779 incomposite
3146 2692 3312 2768 fertur
3334 2730 3455 2771 cur-

1872 2797 2001 2837 rus:
2037 2800 2198 2854 porro
2223 2790 2361 2858 quod
2392 2793 2571 2863 auriga
2598 2805 2654 2849 et
2679 2811 2888 2864 currus,
2925 2799 3024 2855 hoc
3050 2803 3227 2857 anima
3255 2815 3379 2859 sunt
3406 2816 3461 2862 et

1871 2887 2087 2943 corpus.
2109 2877 2164 2931 Si
2190 2877 2327 2934 forte
2345 2879 2692 2940 obtenebrata
2715 2886 2785 2939 sit
2808 2889 2982 2942 :mima
3002 2931 3018 2956 ,
3048 2900 3156 2946 tum
3183 2903 3236 2947 et
3265 2908 3463 2965 corpus

1873 2963 1926 3020 in
1951 2966 2064 3022 luto
2085 2970 2365 3025 volutatur.
2389 2972 2649 3041 Quamdiu
2673 2994 2898 3049 namque
2919 2990 3025 3037 stat
3049 2987 3250 3055 auriga,
3273 2963 3461 3043 currus

1870 3073 2082 3130 quoque
2111 3070 2257 3116 recte
2286 3063 2562 3135 dirigitur;
2607 3083 2729 3123 cum
2759 3087 2887 3129 vero
2930 3074 3234 3132 destituitur
3260 3080 3463 3136 viribus

1872 3149 1982 3216 ille,
2029 3166 2200 3222 neque
2245 3164 2420 3223 potest
2456 3156 2691 3214 habenas
2737 3172 2937 3231 tenere,
2969 3176 3080 3221 tum
3126 3184 3252 3223 vero
3299 3171 3462 3227 etiam

1871 3257 2057 3297 currus
2085 3246 2228 3300 malo
2255 3261 2377 3302 esse
2417 3250 2467 3302 in
2508 3254 2645 3305 Statu
2677 3253 2934 3309 cernitur.
2976 3256 3050 3310 lta
3080 3274 3292 3330 quoque
3320 3261 3379 3315 ﬁt
3404 3264 3459 3318 in

1873 3329 2126 3387 homine:
2155 3333 2406 3401 quamdiu
2434 3335 2613 3391 sobria
2644 3347 2727 3394 est
2751 3348 2804 3394 et
2831 3341 3013 3409 vigilat
3037 3329 3235 3408 anima,
3264 3360 3460 3414 corpus

1872 3420 2043 3491 ipsum
2069 3424 2229 3478 etiam
2254 3440 2447 3495 purum
2478 3439 2793 3500 permanet;
2824 3433 2912 3488 ubi
2945 3448 3075 3489 vero
3113 3435 3461 3492 obtenebrata

1872 3519 2035 3576 fuerit
2059 3523 2258 3589 anima,
2290 3539 2487 3594 corpus
2514 3527 2672 3581 etiam
2702 3528 2872 3597 ipsum
2902 3531 2955 3583 in
2986 3531 3099 3585 luto
3127 3547 3190 3587 ac
3215 3532 3460 3602 voluptao

1874 3611 2011 3665 tibus
2035 3613 2320 3668 volutatur.
2355 3614 2493 3683 Quid
2523 3616 2682 3687 igitur
2710 3618 2917 3673 David?
2944 3618 3222 3677 Commisit
3249 3623 3460 3678 adulte-

1870 3703 2044 3767 rium;
2073 3704 2166 3758 sed
2197 3707 2490 3773 nesciebat,
2514 3724 2686 3780 neque
2706 3711 2775 3766 ab
2803 3712 2911 3767 ullo
2934 3714 3274 3783 arguebatur,
3301 3715 3462 3786 idque

1870 3808 1990 3848 cum
2016 3811 2179 3851 senex
2209 3797 2493 3853 admodum
2521 3811 2661 3855 esset
2685 3819 2700 3855 :
2729 3810 2789 3856 ut
2817 3804 3084 3874 intelligas
3103 3846 3117 3870 ,
3146 3807 3190 3861 si
3219 3804 3357 3862 forte
3384 3807 3463 3863 sis

1870 3889 2181 3960 negligens,
2245 3907 2421 3959 neque
2478 3893 2569 3946 tibi
2619 3895 2869 3950 canitiem
2931 3898 3225 3965 prodesse,
3284 3914 3461 3970 neque

1868 3995 2077 4046 rursus,
2109 3982 2154 4035 si
2183 3982 2454 4037 studiosus
2478 3985 2552 4038 sis
2577 3998 2640 4040 ac
2665 3986 2910 4057 diligens,
2936 3989 3274 4057 juventutem
3301 4005 3461 4059 posse

1872 4079 1923 4125 te
1948 4071 2161 4128 laedere.
2193 4072 2374 4143 Neque
2398 4076 2539 4130 enim
2565 4077 2633 4132 ab
2659 4086 2814 4132 relate
2843 4094 3051 4145 mores,
3083 4082 3177 4135 sed
3202 4081 3271 4136 ab
3294 4082 3456 4137 animi

1869 4164 2134 4217 sententia
2189 4174 2336 4220 recte
2386 4165 2521 4221 facta
2576 4178 2936 4237 promanant:
2988 4186 3110 4225 nam
3163 4180 3219 4227 et
3272 4173 3455 4228 Daniel

1869 4255 2148 4310 duodecim
2176 4272 2436 4311 annorum
2462 4260 2478 4290 ¹
2504 4270 2638 4321 erat,
2673 4271 2725 4314 et
2749 4260 3052 4328 judicabat;
3084 4263 3322 4318 seniores
3356 4278 3453 4317 au-

1871 4355 2004 4413 tem,
2036 4348 2314 4403 inveterati
2336 4351 2387 4404 in
2414 4349 2624 4417 diebus,
2653 4352 2904 4407 adulterii
2932 4353 3160 4408 fabulam
3178 4358 3452 4412 conﬁnxe-

1869 4450 2022 4507 runt,
2051 4451 2104 4494 et
2151 4455 2248 4495 nec
2274 4441 2376 4496 illis
2405 4443 2625 4496 canities
2669 4442 2898 4512 profuit,
2942 4460 3042 4499 nec
3080 4445 3326 4514 juventus
3368 4450 3454 4504 isti

1868 4534 2053 4588 nocult
2095 4533 2255 4604 (Dan.
2298 4535 2397 4601 15,
2430 4537 2500 4591 45
2525 4537 2708 4606 seqq.).
2757 4536 2826 4591 Et
2854 4547 2910 4592 ut
2951 4538 3210 4609 intelligas
3241 4555 3344 4595 non
3390 4557 3453 4596 ex

1869 4634 2043 4691 actate,
2068 4624 2159 4678 sed
2186 4639 2249 4679 ex
2278 4625 2439 4678 animi
2468 4627 2741 4695 proposito
2757 4628 2823 4683 de
2843 4628 3140 4683 actionibus
3154 4639 3453 4701 temperan-

1871 4718 1955 4769 tiae
1986 4716 2243 4783 judicium
2287 4717 2437 4781 ferri,
2458 4715 2621 4773 David
2645 4720 2839 4775 cumin
2866 4724 2982 4793 ipsa
3008 4737 3138 4776 cana
3181 4734 3454 4780 senectute

1869 4816 2189 4873 versaretur,
2219 4809 2411 4861 tuncin
2433 4808 2746 4864 adulterium
2777 4811 2956 4881 lapsus
2976 4818 3285 4879 est,c:cdem
3307 4833 3454 4873 com-

1868 4902 2044 4963 misit,
2070 4911 2123 4956 et
2146 4902 2224 4954 sic
2252 4903 2473 4956 allectus
2504 4914 2651 4969 erat;
2679 4912 2737 4958 ut
2762 4920 2819 4958 se
2846 4920 3096 4976 peccasse
3134 4910 3249 4979 ipse
3275 4914 3455 4967 nesci-

1869 5002 1981 5046 ret:
2012 4992 2274 5062 siquidem
2319 4994 2497 5065 anriga
2542 5010 2697 5050 mens
2738 4996 2854 5065 ejus
2897 5007 3012 5053 erat
3058 5000 3452 5059 incontinentire

1867 5083 2127 5137 ebrietate
2179 5093 2442 5154 correpta.
2518 5085 2699 5155 Itaque
2749 5088 2910 5142 mittit
2952 5090 3018 5144 ad
3072 5106 3194 5147 eum
3245 5094 3452 5150 Nathan

1867 5173 2178 5243 prophetam
2210 5175 2353 5230 Deus
2381 5193 2394 5228 :
2429 5180 2686 5246 propheta
2711 5180 2854 5234 venit
2885 5180 2949 5234 ad
2984 5182 3319 5253 prophetam.
3362 5185 3451 5238 Sic

1866 5266 2006 5321 enim
2029 5279 2148 5321 cum
2175 5266 2394 5322 medicis
2418 5268 2591 5338 agitur
2618 5284 2634 5323 :
2662 5269 2705 5323 si
2727 5271 2936 5341 quando
2951 5270 3106 5327 fuerit
3123 5288 3262 5345 :rger
3287 5274 3451 5327 medis

1866 5375 1959 5416 cus
1978 5401 1993 5426 ,
2027 5370 2134 5415 tum
2167 5362 2333 5416 altero
2359 5361 2559 5434 indiget
2588 5363 2677 5419 ille
2700 5367 2927 5420 medico.
2956 5363 3098 5419 Idem
3126 5364 3213 5419 hic
3236 5368 3449 5435 quoque

1866 5453 2060 5508 accidit
2085 5470 2098 5508 :
2128 5457 2470 5510 commiserat
2491 5468 2763 5527 peccatum
2795 5455 3051 5526 propheta
3071 5497 3086 5522 ,
3113 5466 3164 5511 et
3185 5457 3443 5527 projiheta

1866 5554 2007 5613 erat,
2042 5547 2129 5616 qui
2169 5549 2463 5604 remedium
2506 5548 2780 5603 afferebat.
2813 5547 2973 5602 Venit
3000 5547 3158 5620 igitur
3199 5547 3267 5604 ad
3295 5547 3445 5605 illum

1940 5713 1954 5742 π
1980 5711 2028 5754 tn
2050 5700 2239 5764 savilio,
2272 5702 2436 5754 decem
2461 5715 2709 5752 annorum.

3005 5805 3082 5865 18
