3896 6230
481 300 583 356 287

481 416 722 479 Nathan,
754 429 922 484 neque
970 412 1145 468 statim
1191 411 1258 463 ab
1303 411 1417 479 ipso
1459 409 1638 462 limine
1674 408 1817 461 illum
1857 407 2061 477 arguit,

483 520 575 564 aut
598 509 765 564 dicit:
797 506 1033 563 Sceleste
1059 519 1120 558 ac
1149 499 1479 564 detestande,
1509 498 1716 552 adulter
1747 507 1801 552 et
1842 496 2067 551 homici-

486 603 550 657 da
584 621 597 656 :
626 609 708 656 tot
737 599 1027 655 honoribus
1056 613 1084 650 a
1117 597 1226 650 Deo
1267 594 1564 648 cumulatus
1590 607 1649 646 es
1671 633 1685 657 ,
1717 601 1771 645 et
1801 600 1854 644 tu
1899 591 2064 659 ipsius

483 693 730 748 mandata
776 688 1021 745 violasti?
1058 687 1198 742 Nihil
1255 686 1358 740 tale
1386 684 1518 739 dixit
1557 683 1800 748 Nathan,
1851 698 1918 738 ne
1962 683 2064 736 im-

1195 296 1250 350 S.
1292 293 1569 350 JOANNIS
1608 291 2080 350 CHRYSOSTOMJ
2121 292 2434 347 ARCllll-ZI’.
2477 290 3007 349 CONSTANTINOP.
3671 293 3753 346 233

2175 405 2390 460 Achaab
2420 416 2594 460 autem
2625 407 2870 476 cupiebat
2894 405 3104 477 quidem
3155 407 3384 474 vineam,
3427 407 3540 463 sed
3577 408 3653 461 illi
3672 413 3758 462 vim

2174 497 2349 552 facere
2391 499 2622 563 nolebat,
2649 497 2726 553 sic
2763 508 2818 552 ut
2856 501 2910 553 in
2939 499 3181 554 morbum
3231 500 3431 554 idcirco
3483 498 3754 553 incideret.

2175 593 2416 662 lngressa
2448 603 2626 648 autem
2669 592 2736 647 ad
2783 593 2930 646 illum
2966 592 3214 657 Jezabel,
3247 591 3575 646 muliercula
3604 592 3758 659 impu-

2173 685 2324 748 dens,
2357 685 2657 754 deSperata,
2692 685 2980 749 immunda,
3013 685 3344 749 detestanda,
3375 684 3560 755 inquit
3592 702 3604 736 :
3639 682 3759 751 Quid

481 786 852 859 pudentiorem
891 782 1038 836 illum
1079 779 1363 842 redderet;
1391 793 1512 832 cum
1557 777 1698 830 enim
1735 783 1950 844 peccata
1989 774 2041 828 di
2069 775 2139 845 ς)
2171 778 2538 843 contristaris,
2589 787 2777 832 etnon
2817 777 3094 832 comedis?
3143 791 3302 846 surge
3347 786 3404 831 et
3453 774 3757 828 manduca:

485 876 783 946 vulgantur,
837 883 945 926 tum
992 870 1057 925 ad
1112 870 1368 939 majorem
1417 866 1800 938 impudentiam
1849 865 1914 930 is,
1975 866 2064 933 qui

483 975 828 1036 peccaverat,
851 963 1188 1034 provocatur.
1217 959 1371 1014 Venit
1398 959 1556 1028 igitur
1578 957 1643 1010 ad
1673 956 1840 1022 illum,
1864 965 1918 1010 et
1941 969 2063 1008 con-

483 1058 655 1112 ﬁctam
689 1056 794 1110 litis
821 1054 1048 1108 fabulam
1077 1052 1239 1118 texit,
1277 1051 1454 1120 aitque
1481 1067 1493 1101 :
1527 1048 1699 1102 Litem
1729 1046 1904 1101 habeo
1928 1046 2065 1116 apud

482 1161 535 1204 te
553 1191 570 1215 ,
592 1164 624 1203 0
642 1164 734 1202 rex
757 1148 770 1200 ε
796 1147 950 1200 Dives
979 1154 1093 1198 erat
1110 1143 1345 1212 quidam,
1375 1151 1427 1195 et
1448 1155 1647 1210 pauper
1671 1137 1883 1208 quidam
1915 1147 2064 1192 erat:

482 1239 712 1294 habebat
735 1248 911 1292 autem
939 1236 1089 1290 dives
1115 1243 1355 1288 armenta
1381 1241 1434 1286 et
1470 1245 1656 1301 greges
1688 1229 1900 1294 multos,
1935 1244 2067 1298 pau-

483 1344 576 1399 per
607 1344 735 1384 vero
781 1343 939 1382 unam
983 1325 1210 1380 habebat
1252 1337 1405 1377 ovem
1426 1364 1440 1388 ,
1473 1337 1592 1391 quae
1620 1320 1686 1374 de
1709 1320 1874 1374 calice
1903 1321 2068 1388 ipsius

483 1423 725 1486 bibebat,
750 1430 804 1474 et
825 1420 894 1474 de
919 1433 1098 1473 mensa
1119 1417 1237 1486 ejus
1257 1415 1468 1480 edebat,
1501 1414 1622 1468 etin
1653 1413 1770 1467 sinu
1798 1413 1913 1482 ejus
1939 1412 2068 1465 dor-

487 1512 703 1566 miebat.
734 1512 844 1566 Hoc
872 1511 990 1564 loco
1013 1510 1110 1563 viri
1131 1524 1256 1578 erga
1278 1522 1496 1562 uxorem
1524 1521 1760 1559 amorem
1783 1505 2064 1574 significat.

480 1605 616 1659 Cum
645 1613 821 1658 autem
855 1603 1166 1672 peregrinus
1186 1600 1446 1670 quispiam
1491 1599 1756 1663 venisset,
1805 1598 1916 1651 suis
1943 1613 2066 1665 par-

485 1712 616 1750 cens
645 1695 794 1750 dives
823 1704 1095 1762 acceptam
1124 1692 1369 1762 pauperis
1395 1705 1547 1744 ovem
1575 1689 1832 1759 jugulavit
1861 1688 1918 1760 (2
1939 1689 2065 1758 Reg.

485 1785 572 1840 12.
610 1786 752 1851 1-5).
779 1785 938 1838 Vides
965 1793 1021 1837 ut
1043 1783 1144 1836 hoc
1173 1783 1290 1835 loco
1312 1781 1542 1834 fabulam
1575 1789 1751 1844 texat,
1776 1789 1830 1833 et
1849 1781 2067 1849 spongia

485 1876 753 1930 obtectum
783 1876 978 1929 ferrum
1017 1871 1232 1942 gestet?
1257 1872 1394 1938 Quid
1417 1887 1544 1940 ergo
1573 1872 1705 1926 rex?
1747 1871 2070 1925 Existimans

485 1981 544 2020 se
572 1964 826 2019 adversus
853 1963 1075 2017 alterum
1098 1962 1412 2017 sententiam
1437 1963 1762 2031 ferre,quam
1791 1961 2069 2015 celerrime

486 2054 802 2110 sententiam
831 2053 1086 2122 adjunxit.
1121 2052 1206 2106 Sic
1231 2053 1370 2107 enim
1394 2051 1565 2127 facere
1590 2051 1761 2106 solent
1783 2050 2026 2105 homines
2052 2069 2064 2103 :

485 2145 740 2198 adversus
767 2144 900 2198 alios
927 2143 1154 2197 libenter
1186 2152 1238 2196 et
1265 2157 1451 2196 severe
1487 2142 1777 2196 sententias
1804 2140 1982 2196 ferunt
2016 2151 2069 2196 et

487 2235 848 2303 pronuntiant.
883 2233 951 2287 Et
991 2232 1116 2302 quid
1147 2232 1221 2286 ait
1263 2231 1462 2286 David?
1499 2230 1627 2284 Vivit
1655 2231 1940 2298 Dominus,
1985 2234 2067 2286 di—

485 2341 616 2397 gnus
645 2335 802 2378 morte
838 2335 909 2378 est
941 2326 1054 2379 talis
1073 2367 1085 2388 ,
1109 2333 1256 2393 atque
1281 2340 1420 2378 ovem
1440 2325 1489 2377 in
1531 2325 1870 2394 quadruplum
1896 2325 2065 2378 reddet

487 2415 597 2486 (Ib.
626 2431 673 2469 υ.
715 2415 768 2470 5.
809 2415 888 2485 6).
932 2415 1069 2483 Quid
1125 2415 1283 2485 igitur
1327 2413 1572 2469 Nathan?
1623 2415 1740 2469 Non
1792 2415 2069 2484 interjecto

484 2507 772 2560 multarum
802 2505 1052 2559 horarum
1082 2505 1253 2574 spatio
1282 2505 1487 2574 plagam
1517 2505 1773 2572 emolliit,
1822 2505 1916 2559 sed
1956 2515 2069 2560 sta-

486 2600 578 2653 tim
609 2598 876 2661 exseruil,
915 2606 969 2652 et
1013 2597 1341 2666 repentinam
1369 2595 1658 2651 sectionem
1687 2597 1953 2661 admovit,
2001 2612 2069 2650 ne

487 2690 687 2745 doloris
730 2691 976 2745 sensum‘
1026 2688 1302 2742 eximeret.
1353 2686 1433 2740 Tu
1460 2704 1532 2752 es,
1565 2701 1596 2740 o
1638 2702 1729 2742 rex
1763 2687 1863 2760 (Ib.
1896 2703 1943 2742 v.
1990 2690 2065 2758 7).

489 2776 624 2848 Quid
675 2794 802 2849 ergo
829 2795 921 2834 rex
947 2778 1061 2832 ait?
1113 2776 1327 2831 Peccavi
1368 2776 1584 2831 Domino
1611 2776 1714 2846 (Ib.
1745 2795 1794 2832 v.
1828 2776 1916 2848 15)
1943 2820 1957 2844 ,
1991 2779 2070 2833 in-

483 2871 616 2940 quit.
644 2870 758 2926 Non
789 2870 922 2925 dixit
955 2887 966 2922 :
997 2869 1127 2935 Quis
1167 2870 1391 2954 enim\es
1414 2879 1467 2922 tu
1488 2910 1504 2936 ,
1535 2870 1622 2938 qui
1653 2883 1738 2923 me
1779 2869 2068 2938 reprehen-

484 2963 606 3018 dis?
633 2964 751 3033 quis
778 2972 828 3017 te
849 2963 1020 3027 misit,
1049 2970 1106 3015 ttt
1135 2973 1241 3014 tam
1265 2961 1430 3015 libere
1452 2961 1781 3030 loquereris?
1810 2976 1912 3030 qua
1940 2978 2068 3016 vero

483 3054 700 3110 audacia
750 3054 1006 3122 impulsus
1041 3051 1140 3106 hoc
1169 3051 1375 3106 fecisti?
1421 3051 1562 3106 Nihil
1615 3052 1718 3105 tale
1766 3051 1932 3116 dixit,
1972 3052 2068 3107 sed

484 3154 757 3215 peccatum
796 3145 1044 3214 agnovit,
1075 3152 1130 3198 et
1156 3142 1280 3212 quid
1306 3143 1379 3196 ait
1413 3160 1425 3196 :
1470 3141 1686 3196 Peccavi
1711 3141 1930 3198 Domino
1957 3142 2065 3210 (Ib.

485 3251 534 3289 υ.
581 3237 690 3304 15).
721 3235 859 3302 Quid
903 3236 1064 3305 igitur
1091 3234 1160 3290 ad
1187 3249 1310 3289 eum
1339 3234 1584 3289 Nathau?
1614 3233 1784 3288 Etiam
1824 3233 2068 3288 Dominus

485 3327 673 3380 dimisit
710 3337 966 3398 peccatum
1008 3336 1170 3379 tuunt.
1222 3326 1473 3396 Teipsum
1513 3325 1875 3380 condcmnasti
1901 3366 1917 3390 ,
1975 3328 2066 3381 tibi

480 3433 580 3490 ego
603 3433 812 3488 pinnam
840 3418 1084 3472 condono
1115 3436 1127 3471 :
1160 3417 1293 3472 bona
1323 3415 1426 3470 fide
1470 3426 1743 3485 peccatum
1795 3417 2068 3471 confessus

483 3525 572 3574 es,
603 3518 874 3578 peccatum
913 3507 1182 3563 delevisti.
1231 3507 1348 3560 Tibi
1393 3508 1489 3575 ipsi
1535 3507 1784 3561 mulctam
1840 3508 2070 3562 accersi-

484 3599 605 3653 visti
627 3639 642 3663 ,
673 3615 772 3668 ego
811 3601 1126 3652 sententiam
1159 3613 1329 3652 meam
1363 3597 1572 3652 roscidi.
1611 3598 1770 3652 Vides
1798 3608 1853 3652 ιιι
1881 3599 2068 3667 imple-

486 3699 598 3741 tum
637 3687 795 3741 fuerit
839 3687 976 3755 quod
1007 3688 1260 3755 scriptum
1291 3695 1373 3740 cst
1399 3705 1409 3740 :
1455 3686 1546 3739 Dic
1578 3699 1630 3739 tu
1667 3688 1856 3755 primus
1888 3689 2069 3757 iniqui-

484 3786 610 3831 tates
646 3787 796 3842 tuas,
850 3787 904 3830 ut
937 3776 1228 3845 iustiﬁceris
1275 3774 1406 3845 (Isai
1448 3777 1535 3830 43.
1577 3777 1703 3847 26)?
1749 3778 1879 3843 Quis
1919 3779 2067 3832 labor

486 3867 715 3940 primum
757 3879 970 3939 peccata
1014 3867 1234 3923 dicere?

555 3961 608 4015 5.
638 3959 809 4012 Altera
838 3958 1140 4028 pauitantia:
1159 3957 1239 4012 via
1259 3958 1496 4028 Incrynta:
1514 3974 1530 4010 .'
1549 3959 1602 4010 in
1633 3959 1918 4028 exemplum
1946 3976 2065 4027 pro-

481 4053 640 4121 fertur
664 4053 979 4106 Acltaab.—
1007 4050 1182 4106 Habes
1210 4061 1384 4106 autem
1415 4059 1470 4106 et
1492 4051 1710 4106 alteram
1742 4052 2067 4122 paenitentiae

482 4145 619 4198 viain
653 4162 666 4197 :
694 4159 849 4213 quam
906 4142 1119 4198 tandem
1151 4142 1329 4196 illam?
1385 4142 1661 4197 Peccatum
1693 4141 1838 4198 flere.
1869 4143 2066 4197 Pecca-

481 4236 586 4290 sti?
609 4235 754 4300 ﬂeto,
779 4244 834 4289 et
853 4243 1124 4305 peceatum
1145 4236 1326 4288 solvis.
1346 4234 1598 4300 Quisnam
1620 4233 1707 4288 hic
1728 4235 1910 4288 labor?
1935 4235 2065 4290 nihil

481 4343 511 4380 a
543 4336 594 4380 te
617 4327 844 4402 amplius
883 4328 1126 4394 requiro,
1155 4341 1312 4394 quam
1362 4334 1419 4379 ut
1444 4325 1570 4379 ﬂeas
1609 4335 1883 4395 peccatum
1913 4343 1925 4376 :
1957 4341 2064 4379 non

481 4418 602 4473 dico
629 4417 761 4481 tibi,
792 4426 849 4470 ut
885 4416 1157 4471 einetiaris
1199 4415 1361 4470 maria
1386 4456 1400 4480 ,
1454 4426 1510 4468 ut
1538 4417 1588 4468 in
1635 4423 1821 4484 portus
1853 4425 1902 4470 te
1930 4418 2064 4470 reci-

485 4507 630 4576 pias,
663 4521 836 4576 ueque
863 4515 920 4560 ut
961 4506 1060 4560 iter
1085 4506 1356 4571 conficias,
1387 4521 1560 4576 neque
1600 4515 1656 4559 ut
1701 4505 2060 4576 longissimam

483 4596 964 4665 peregrinationem
993 4595 1275 4665 suscipias,
1304 4611 1478 4665 neque
1508 4605 1563 4650 ut
1593 4596 1843 4666 pecunias
1875 4613 2062 4652 nume—

483 4702 590 4753 res,
613 4695 703 4740 aut
723 4686 880 4742 suavis
909 4685 1157 4740 fluctibus
1189 4696 1240 4741 te
1264 4687 1596 4751 committas;
1625 4687 1718 4742 sed
1743 4688 1908 4757 quid?
1934 4689 2062 4743 Pro-

484 4784 601 4843 pter
627 4775 916 4830 admissum
939 4784 1212 4846 peccatum
1243 4776 1409 4843 plora.
1453 4775 1606 4831 Unde
1656 4793 1783 4831 vero
1836 4778 1938 4832 hoc
1983 4781 2060 4845 lit,

485 4864 673 4934 inquit,
694 4876 753 4918 ut
777 4866 821 4919 si
847 4867 1072 4934 plorem,
1105 4874 1378 4934 peccatum
1406 4866 1644 4920 solvam?
1671 4867 1836 4937 Hujus
1871 4870 1944 4923 rei
1972 4869 2064 4923 de-
2113 4857 2132 4865 h

482 4958 921 5010 monstrationem
967 4956 1129 5011 habes
1156 4958 1313 5011 etiam
1364 4972 1427 5011 cx
1484 4957 1775 5027 Scriptura.
1810 4960 1928 5014 Fuit
1969 4977 2058 5015 rex

482 5045 699 5117 quidam
731 5047 786 5116 (ὃ
814 5047 939 5117 Reg.
972 5046 1064 5117 2|)
1117 5047 1368 5101 Achaab:
1417 5047 1502 5102 hic
1534 5063 1662 5103 vero
1701 5049 1874 5119 justus
1901 5049 2063 5105 fuisse

487 5138 813 5208 perhibetur.
857 5140 1121 5194 Caeterum
1150 5149 1365 5210 propter
1393 5139 1602 5194 Jezabel
1653 5156 1874 5195 uxorem
1910 5156 2061 5195 suam

483 5229 676 5300 injuste
719 5231 989 5300 regnabat.
1023 5230 1118 5284 llic
1162 5229 1404 5285 Nabuthe
1445 5229 1718 5300 cujusdam
1769 5231 2060 5286 Jesraelitze

485 5322 694 5377 vineam
719 5323 1040 5392 concupivit,
1071 5330 1125 5376 et
1149 5322 1291 5376 misit
1319 5321 1384 5375 ad
1417 5336 1538 5376 eum
1564 5321 1749 5376 dicens
1779 5340 1790 5374 :
1822 5323 1894 5376 Da
1925 5322 2056 5375 mihi

481 5412 689 5468 vineam
720 5421 883 5475 tuam.
902 5428 1059 5481 quam
1090 5413 1386 5481 concupivi,
1418 5423 1470 5466 et
1499 5412 1584 5466 vel
1615 5411 1892 5481 pecuniam
1917 5427 1946 5464 a
1976 5428 2060 5466 me

482 5506 681 5572 accipe,
708 5504 793 5558 vel
834 5520 954 5558 cum
999 5504 1164 5557 altero
1191 5513 1456 5557 commata
1488 5503 1624 5556 loco.
1672 5505 1742 5555 At
1769 5501 1858 5558 ille
1884 5501 2014 5556 dixit
2045 5521 2057 5556 :

484 5598 652 5655 Ansit,
683 5604 740 5648 ut
761 5595 1107 5650 hereditatem
1135 5602 1344 5664 patrum
1389 5609 1631 5651 meorum
1660 5594 1886 5650 vendam
1917 5595 2008 5651 tibi
2039 5595 2052 5649 !

547 5746 566 5778 ⁸
600 5751 704 5794 MSS.
715 5783 728 5804 ,
747 5746 991 5796 homicidii
1011 5759 1216 5799 sensum

2172 884 2270 938 ego
2299 868 2545 933 efficiam,
2570 878 2629 922 ut
2651 868 2923 938 possideas
2946 868 3154 922 vineam
3181 867 3426 922 Nabuthe
3439 867 3758 923 Jesraelitaa.

2174 959 2240 1013 Et
2266 961 2531 1031 accipiens
2571 961 2784 1030 scripsit
2808 960 3089 1028 epistolam
3135 975 3199 1013 ex
3231 973 3461 1028 persona
3523 959 3670 1027 regis
3706 959 3761 1011 ad

2173 1044 2411 1098 seniores
2450 1043 2674 1098 dicens:
2710 1043 3001 1098 Prmdicate
3025 1042 3310 1112 jejunium,
3345 1051 3400 1096 et
3438 1043 3671 1095 statuite
3698 1043 3762 1092 vi-

2173 1151 2255 1190 ros
2289 1135 2570 1191 mendaces
2591 1135 2844 1190 adversus
2860 1133 3122 1199 Nabuthe,
3151 1134 3272 1203 quia
3297 1132 3581 1188 benedixit
3606 1132 3759 1186 Deum

2173 1236 2228 1282 et
2265 1241 2465 1296 regem,
2499 1227 2601 1281 hoc
2625 1236 2707 1281 est
2736 1224 3139 1295 blasphemavit.
3175 1223 3218 1277 Ο
3242 1222 3510 1292 jejunium
3567 1237 3760 1274 summa

2174 1319 2451 1388 iniquitate
2497 1319 2711 1387 plenum
2737 1318 2750 1371 l
2780 1317 3141 1372 Praedicarunt
3163 1314 3442 1384 jejunium,
3481 1324 3545 1368 ut
3573 1313 3761 1368 cedent

2176 1417 2464 1478 patrarent.
2494 1408 2626 1474 Quid
2650 1423 2778 1477 ergo
2800 1407 3027 1462 accidit?
3061 1405 3347 1474 Lapidatus
3369 1415 3452 1459 est
3484 1403 3730 1458 Nabuthe
3748 1445 3761 1466 ,

2173 1515 2236 1554 ae
2261 1510 2501 1554 mortuus
2525 1507 2625 1554 est.
2653 1498 2764 1553 Hoc
2790 1497 2878 1552 ubi
2905 1497 3088 1552 didicit
3105 1495 3336 1560 Jezabel,
3361 1495 3498 1548 dixit
3520 1493 3758 1548 Achaab:

2171 1590 2339 1660 Surge
2358 1630 2372 1655 ,
2401 1589 2769 1660 possideamus
2792 1589 2999 1642 vineam
3024 1605 3039 1653 ;
3065 1588 3184 1656 quia
3213 1595 3454 1640 mortuus
3485 1594 3577 1639 est
3598 1583 3761 1638 Nabuo

2175 1683 2286 1736 the.
2310 1684 2378 1737 At
2398 1682 2487 1737 ille
2516 1690 2627 1735 tum
2657 1681 2910 1749 temporis
2956 1680 3298 1733 contristatus
3328 1719 3342 1739 ,
3368 1677 3654 1744 ingressus
3693 1684 3762 1727 est

2176 1783 2385 1839 tamen,
2411 1783 2463 1828 et
2486 1775 2694 1828 vineam
2721 1772 2974 1843 possedit.
3005 1772 3161 1825 Mittit
3189 1769 3254 1824 ad
3286 1785 3407 1823 eum
3441 1769 3621 1823 liliam
3653 1783 3761 1836 pro-

2176 1867 2388 1936 phetam
2431 1867 2589 1922 Deus.
2622 1865 2789 1929 Vade,
2840 1865 3035 1934 inquit,
3079 1864 3163 1917 die
3193 1862 3450 1917 Achaab:
3503 1862 3761 1929 Quoniam

2179 1958 2420 2012 occidisti
2441 2000 2454 2024 ,
2496 1967 2550 2012 et
2580 1957 2896 2028 possedisti,
2937 1957 3012 2010 sic
3038 1955 3338 2010 effundatur
3359 1955 3584 2025 sanguis
3617 1966 3759 2014 tuus,

2175 2059 2228 2104 et
2248 2065 2409 2104 canes
2439 2050 2750 2119 sanguinem
2782 2057 2928 2102 tuum
2980 2047 3211 2116 lingent,
3259 2055 3314 2100 ct
3339 2045 3664 2100 meretrices
3691 2045 3760 2096 la-

2173 2141 2371 2195 vabunt
2397 2141 2447 2192 in
2495 2140 2752 2209 sanguine
2793 2147 2882 2192 tuo
2935 2139 3013 2207 (5.
3046 2135 3174 2208 Reg.
3223 2135 3338 2208 21).
3386 2135 3468 2189 ira
3511 2135 3760 2189 divinitus

2173 2233 2368 2287 emissa
2389 2273 2403 2297 ,
2429 2232 2669 2286 absoluta
2699 2230 2980 2294 sententia,
3024 2229 3341 2299 supplicium
3383 2239 3467 2283 est
3498 2229 3758 2298 adimple-

2173 2334 2306 2379 tum.
2334 2326 2412 2379 Ac
2436 2324 2574 2390 vide,
2609 2339 2713 2393 quo
2739 2324 2882 2378 illum
2912 2324 3088 2376 mittat
3119 2340 3134 2376 :
3169 2323 3219 2376 in
3253 2322 3484 2375 vincam.
3530 2321 3633 2376 Ubi
3667 2322 3757 2374 ini-

2172 2416 2374 2485 quitas,
2417 2416 2488 2470 ibi
2527 2430 2738 2485 quoque
2769 2414 3106 2484 supplicium.
3139 2413 3207 2467 Et
3228 2414 3354 2483 quid
3383 2413 3495 2466 ait?
3523 2411 3663 2466 Cum
3691 2413 3760 2466 in-

2172 2507 2338 2561 tuitus
2364 2515 2445 2560 est
2474 2506 2669 2574 ipsum,
2701 2504 2915 2559 Aehaab
2944 2504 3078 2559 dixit
3109 2521 3119 2556 :
3151 2502 3396 2557 Invenisti
3423 2519 3502 2556 me
3531 2505 3758 2555 inimicus

2173 2614 2344 2661 meus;
2373 2597 2522 2667 quasi
2551 2597 2753 2652 diceret
2783 2614 2796 2646 :
2829 2595 2998 2651 Reum
3040 2611 3125 2650 me
3162 2594 3604 2664 deprehendisti,
3647 2594 3759 2664 quia

2175 2691 2423 2759 peccavi:
2475 2703 2614 2744 nune
2644 2689 2734 2743 tibi
2766 2689 2884 2743 data
2915 2699 2997 2743 est
3020 2687 3231 2742 occasio
3271 2687 3400 2741 mihi
3443 2687 3752 2742 insultandi.

2174 2779 2418 2836 Invenisti
2446 2798 2524 2835 me
2539 2783 2769 2835 inimicus
2799 2799 2956 2834 meus.
2992 2780 3125 2849 Quia
3155 2795 3364 2849 semper
3396 2780 3545 2834 Elias
3577 2794 3756 2850 repre-

2174 2871 2439 2926 hendebat
2466 2871 2715 2938 Aehaab,
2771 2873 2946 2926 sciens
2992 2871 3209 2925 Achaab
3239 2886 3297 2924 se
3343 2886 3636 2940 peccasse,
3687 2869 3756 2923 Tu

2172 2964 2385 3032 quidem
2413 2979 2645 3034 semper,
2673 2964 2861 3034 inquit,
2886 2980 2972 3020 me
3002 2963 3434 3034 reprehendebas
3463 2983 3475 3017 :
3505 2978 3655 3017 nunc
3674 2978 3758 3016 au-

2175 3065 2280 3110 tem
2326 3067 2622 3126 opportune
2653 3057 2781 3111 mihi
2813 3056 3055 3111 insultas.
3093 3056 3307 3111 Sciebat
3332 3056 3474 3110 enim
3525 3071 3590 3110 se
3638 3070 3754 3125 pec-

2173 3161 2342 3202 casse.
2375 3148 2454 3201 le
2498 3146 2721 3202 adverso
2752 3147 2938 3202 reeitat
2967 3147 3037 3200 illi
3069 3147 3386 3202 sententiam
3425 3163 3437 3198 :
3481 3145 3615 3200 ιιωε
3645 3145 3756 3197 dicit

2174 3238 2456 3293 Dominus:
2479 3239 2732 3304 Quoniam
2759 3239 3002 3304 occidisti,
3018 3247 3064 3292 et
3081 3238 3366 3307 possedisti,
3387 3247 3432 3290 et
3461 3238 3755 3308 sanguinem

2171 3332 2266 3384 viri
2278 3333 2408 3400 justi
2436 3329 2676 3396 effudisli,
2715 3330 2786 3383 sic
2812 3329 3095 3396 e/fundetur
3131 3330 3338 3400 sanguis
3369 3339 3502 3390 tuus,
3535 3338 3584 3382 et
3614 3345 3756 3382 canes

2173 3421 2516 3492 lingenteum,
2563 3429 2607 3472 et
2651 3422 2930 3474 meretrices
2969 3419 3203 3473 lavabunt
3262 3420 3315 3472 in
3359 3420 3609 3490 sanguine
3657 3429 3752 3470 tuo.

2173 3511 2298 3566 Haec
2327 3526 2444 3565 eum
2468 3511 2724 3566 audiisset
2749 3511 2984 3577 Aehaab,
3010 3511 3355 3566 contristatus
3380 3520 3488 3575 est,
3539 3521 3596 3566 et
3637 3525 3753 3581 pro-

2173 3611 2291 3670 pter
2315 3612 2586 3668 peccatum
2613 3619 2764 3656 suum
2796 3603 3054 3671 plorabat.
3074 3603 3295 3672 Agnovit
3317 3603 3678 3672 iniquitatem,
3709 3609 3756 3654 et

2174 3693 2330 3744 latam
2369 3693 2419 3745 in
2465 3708 2586 3745 eum
2614 3693 2933 3746 sententiam
2967 3693 3238 3747 revocavit
3283 3692 3443 3746 Deus.
3473 3692 3583 3747 Sed
3617 3692 3753 3760 prius

2173 3782 2304 3838 Elia.-
2333 3799 2389 3836 se
2419 3784 2692 3837 excusavit
2742 3783 2901 3847 Deus,
2935 3798 3002 3837 ne
3026 3783 3160 3837 forte
3188 3782 3415 3837 mendax
3464 3781 3750 3844 videretur,

2173 3875 2324 3944 eique
2356 3873 2641 3935 accideret,
2671 3872 2808 3941 quod
2835 3872 2984 3926 Jonas
3013 3871 3203 3926 accidit
3229 3873 3244 3902 ί
3280 3890 3292 3924 :
3328 3874 3432 3924 tale
3457 3870 3586 3941 quid
3614 3870 3748 3926 enim

2173 3979 2360 4034 passus
2389 3972 2472 4016 est
2499 3973 2552 4016 et
2577 3962 2758 4016 Jonas.
2791 3962 2931 4016 Dixit
2957 3961 3032 4016 illi
3075 3961 3214 4017 Deus
3249 3979 3260 4014 :
3290 3961 3469 4026 Vade,
3522 3960 3750 4030 prmdica

2172 4057 2223 4108 in
2249 4055 2437 4108 Ninive
2466 4055 2697 4118 civitate,
2737 4054 2788 4106 in
2832 4069 2935 4124 qua
2968 4053 3208 4108 habitant
3238 4064 3452 4108 centum
3481 4063 3536 4109 et
3569 4052 3748 4124 viginti

2171 4145 2331 4198 millia
2363 4144 2631 4197 hominum
2655 4143 2852 4212 absque
2874 4144 3182 4198 mulieribus
3203 4154 3256 4198 et
3281 4144 3550 4213 parvulis:
3579 4145 3749 4197 Adhuc

2171 4246 2266 4290 tres
2289 4236 2393 4288 dies
2416 4275 2429 4300 ,
2480 4245 2526 4286 et
2574 4233 2759 4287 Ninive
2796 4235 3106 4288 subvertetur
3153 4233 3296 4304 (Jon.
3329 4236 3378 4287 1.
3410 4235 3488 4304 2).
3530 4234 3748 4288 Nolebat

2170 4327 2316 4381 abire
2343 4325 2533 4390 Jonas,
2583 4333 2765 4394 utpote
2795 4327 2880 4378 cui
2911 4335 3032 4379 nota
3060 4335 3200 4379 esset
3230 4326 3320 4380 Dei
3352 4323 3745 4384 misericordia;

2169 4419 2261 4474 sed
2290 4417 2414 4488 quid
2442 4417 2603 4471 facit?
2631 4417 2684 4471 ln
2731 4417 2905 4486 fugam
2937 4419 3265 4472 convertitur
3294 4435 3308 4470 :
3341 4419 3414 4472 ait
3439 4420 3609 4483 enim,
3643 4417 3744 4486 Ego

2169 4509 2552 4579 praedicaturus
2593 4510 2750 4564 abibo
2781 4527 2792 4562 :
2818 4523 2873 4562 tu
2898 4525 3018 4563 cum
3065 4510 3369 4563 misericors
3399 4510 3472 4562 sis
3492 4551 3506 4573 ,
3535 4520 3745 4563 senten-

2169 4601 2292 4654 tiam
2319 4600 2580 4664 mutabis;
2623 4609 2677 4654 at
2703 4616 2802 4668 ego
2841 4609 3108 4669 tamquam
3143 4601 3309 4655 falsus
3337 4601 3598 4670 prepheta
3645 4610 3744 4653 tru-

2167 4689 2404 4744 cidabor.
2441 4691 2810 4745 Verumtamen
2841 4701 3119 4760 exceptum
3149 4691 3300 4745 illum
3323 4707 3471 4746 mare
3497 4706 3605 4745 non
3628 4692 3741 4744 abs-

2167 4783 2384 4849 condit,
2437 4783 2532 4837 sed
2571 4791 2728 4836 terra:
2773 4783 2922 4836 illum
2972 4782 3237 4849 reddidit,
3269 4792 3323 4837 et
3351 4783 3554 4837 salvum
3603 4783 3740 4836 illum

2167 4873 2352 4926 Ninive
2401 4873 2826 4942 incolumemque
2867 4873 3131 4937 servavit,
3177 4881 3230 4927 et
3262 4881 3509 4943 tanquam
3550 4873 3739 4942 optima

2168 4978 2423 5017 conserva
2449 4978 2601 5016 suum
2618 4977 2930 5017 conservum
2947 4963 3252 5016 custodivit.
3288 4962 3558 5017 Descendit
3582 4963 3738 5020 enim,

2170 5054 2357 5122 inquit,
2401 5051 2564 5106 Jonas
2608 5061 2662 5105 ut
2709 5054 2920 5124 fugeret,
2945 5063 2992 5107 et
3017 5053 3202 5106 invenit
3243 5053 3411 5105 navim
3456 5063 3653 5107 euntem
3695 5052 3740 5102 in

2177 5139 2477 5206 Tharsis,et
2496 5141 2638 5194 dedit
2667 5141 3010 5208 naulumcjus
3032 5149 3080 5193 et
3105 5145 3339 5194 ascendit
3362 5144 3416 5195 in
3445 5160 3562 5196 eam
3590 5142 3740 5213 (Jan.

2177 5233 2225 5287 1.
2256 5234 2309 5298 ὅ)
2336 5235 2432 5302 (a).
2474 5230 2593 5300 Quo
2630 5232 2789 5302 fugis,
2823 5249 2855 5285 0
2878 5231 3052 5286 Jona?
3083 5249 3211 5285 num
3245 5234 3406 5285 aliam
3448 5236 3500 5287 in
3549 5247 3738 5287 terram

2238 5413 2252 5443 ¹
2289 5419 2421 5478 nunc
2462 5409 2691 5478 locumin
2714 5407 2852 5478 savil.
2893 5415 2944 5457 et
2981 5407 3088 5478 aliis
3131 5409 3304 5478 partim
3337 5405 3646 5478 differentem

2169 5480 2306 5522 recte
2329 5472 2639 5532 interpretari
2683 5469 2872 5518 videtur
2896 5469 3026 5532 {Sed
3063 5468 3199 5532 prius
3222 5481 3332 5532 qua:
3365 5471 3430 5517 ad
3645 5476 3739 5532 spe:

2167 5541 2294 5644 Stant
2316 5522 2525 5643 obserdin‘z,
2550 5545 2608 5582 ne
2622 5531 2831 5581 mendax
2851 5522 3073 5581 videatut"
3083 5522 3392 5592 Etias,'et'que
3415 5530 3605 5580 accidat
3628 5522 3740 5592 qua!

2197 5607 2304 5644 ante
2324 5608 2427 5644 acc:
2467 5609 2481 5643 ι
2509 5627 2520 5640 .

2235 5676 2308 5738 (a)
2340 5682 2454 5738 (mm
2497 5677 2575 5723 bis
2607 5671 2774 5738 confer
2806 5686 2866 5724 ea
2889 5687 2997 5736 qua:
3021 5674 3243 5724 dicuntur
3267 5686 3411 5736 supra
3436 5673 3608 5722 ttomil.
3635 5673 3652 5723 ι
3687 5671 3740 5720 de

2176 5737 2476 5798 minuentis,
2495 5747 2626 5784 num.
2649 5737 2698 5783 3.
