3894 6226
278 347 379 405 287

274 459 460 527 λέγει⁹
499 458 785 528 Παράνομε
832 458 925 510 καὶ
965 456 1316 525 ὲναγέστατε,
1363 457 1515 526 μοιχὲ
1546 457 1640 509 καὶ
1675 454 1859 525 φονεῦ,

278 550 547 611 τοσαύτας
579 549 743 620 τιμάς
790 547 955 613 ἐδέξω
1001 549 1150 619 παρά
1186 548 1279 601 τοῦ
1323 547 1479 611 Θεοῦ,
1524 548 1620 600 καὶ
1653 548 1716 599 σὺ
1765 547 1864 610 τὰς

281 642 501 705 ἐντολὰς
535 640 700 694 αὑτοῦ
747 641 1172 710 κατεπάτησας;
1222 639 1389 694 Οὐδὲν
1424 638 1663 693 τοιοῦτον
1712 634 1868 693 εἶπεν

280 734 309 786 6
335 730 538 795 Νάθαν,
561 733 647 785 ἵνα
668 731 743 802 μὴ
758 732 1238 802 ἀναισχυντότερον
1263 731 1426 785 αὑτὸν
1445 728 1863 801 ἀπεργάσηται·

278 825 342 893 δη
352 824 716 895 μοσιευόμενα
743 823 851 895 γὰρ
878 824 946 877 τά
979 823 1354 894 ἁμαρτήματα
1381 824 1461 886 εἰς
1482 819 1869 891 ἀναισχυντίαν

284 918 638 988 προκαλεῖται
660 920 752 969 τὸν
777 915 1159 987 ἡμαρτηκότα.
1200 915 1459 987 Ἔρχεται
1484 910 1578 967 οὖν
1604 913 1741 984 πρὸς
1770 910 1871 965 αὑ-

281 1009 374 1061 τὸν
412 1010 506 1064 καὶ
530 1009 716 1079 δρᾶμα
738 1009 895 1079 δίκης
929 1008 1144 1077 ὑφαίνει
1163 1025 1177 1038 ’
1209 1008 1304 1061 καὶ
1331 1007 1384 1059 τί
1417 1022 1549 1075 φησι
1571 1023 1586 1071 ;
1612 1004 1866 1067 Βασιλεῦ,

282 1095 407 1168 δίκη
440 1097 530 1167 μοί
565 1099 682 1150 ἐστι
711 1098 848 1169 πρὸς
878 1098 958 1150 σέ.
991 1093 1101 1151 Ἦν
1129 1114 1215 1160 τις
1256 1095 1511 1159 πλούσιος
1549 1094 1646 1148 καὶ
1681 1090 1750 1165 ἦν
1784 1110 1870 1159 τις

286 1186 457 1259 πένης
476 1203 490 1216 ·
528 1182 642 1258 εἶχε
677 1188 736 1242 66
766 1189 795 1240 6
829 1187 1084 1251 πλούσιος
1113 1186 1365 1257 βουκόλια
1389 1187 1484 1240 καὶ
1510 1187 1710 1256 ἀγέλας
1743 1187 1872 1239 πολο

284 1279 418 1343 λάς’
449 1275 517 1351 ἦν
549 1280 605 1332 δὲ
638 1281 737 1333 καὶ
766 1282 796 1333 6
829 1279 998 1350 πένης
1031 1279 1171 1349 ἔχων
1202 1280 1418 1349 ἀμνάδα
1458 1280 1608 1349 μίαν,
1647 1281 1767 1349 ἥτις
1807 1279 1872 1331 ἐκ

284 1371 381 1426 τοῦ
412 1372 673 1445 ποτηρίου
712 1372 876 1427 αὑτοῦ
903 1372 1074 1439 έπινε,
1110 1375 1204 1427 καὶ
1238 1375 1302 1426 ἐκ
1329 1372 1432 1443 τῆς
1459 1373 1739 1443 τραπέζης
1775 1372 1873 1424 a6-

286 1465 381 1518 τοῦ
427 1466 603 1536 ήσθιε,
653 1466 748 1520 καὶ
792 1467 851 1520 ὲν
889 1465 967 1537 τῷ
1012 1466 1198 1537 κόλπῳ
1228 1466 1392 1520 αὑτοῦ
1425 1465 1744 1520 ὲκάθευδεν’
1786 1465 1875 1518 ὲν-

287 1556 465 1612 ταῦθα
520 1559 582 1612 τὸ
628 1558 853 1628 γνήσιον
905 1557 1000 1611 τοῦ
1055 1557 1248 1625 ἀνδρὸς
1300 1558 1436 1628 1:96;
1483 1557 1580 1627 τὴν
1639 1559 1874 1625 γυναῖκα

288 1648 558 1702 δείκνυσιν
579 1665 591 1677 '
623 1648 868 1712 ἐλθόντος
901 1649 959 1702 66
986 1648 1137 1715 ξένου
1177 1648 1341 1713 τινὸς,
1374 1649 1629 1717 ἐφείσατο
1655 1650 1683 1701 6
1711 1647 1875 1700 πλού-

292 1758 405 1804 σιος
430 1741 538 1793 τῶν
563 1740 709 1793 ίδίων
739 1753 789 1806 ι,
822 1742 919 1793 καὶ
946 1739 1126 1794 λαϐὼν
1148 1742 1246 1810 τὴν
1277 1740 1491 1811 ἀμνάδα
1520 1739 1612 1793 τοῦ
1643 1740 1874 1810 πένητος

289 1831 520 1901 ἔσφαξεν
552 1833 741 1900 αὑτήν.
775 1827 928 1895 Εἶδες
949 1831 1065 1894 πῶς
1086 1830 1320 1885 ἐνταῦθα
1343 1831 1557 1900 ὑφαίνει
1582 1830 1643 1883 τὸ
1665 1831 1871 1903 δρᾶμα,

290 1922 368 1993 τῷ
407 1922 630 1991 σπόγγῳ
677 1921 1153 1992 ἐπικεκρυμμένον
1199 1920 1338 1991 έχων
1384 1920 1446 1973 τὸ
1485 1921 1760 1992 σιδήριον;
1809 1920 1874 1972 Τί

289 2013 383 2070 οὖν
415 2019 443 2070 6
477 2015 764 2085 βασιλεύς;
803 2015 1060 2085 Νομίζων
1089 2014 1232 2068 κατά
1259 2015 1420 2069 ἄλλου
1453 2014 1873 2083 ἀποφαίνεσθαι,

290 2106 555 2178 ὀξυτάτην
596 2107 843 2177 ἐπήγαγε
889 2104 987 2176 τὴν
1035 2106 1332 2175 ἀπόφασιν.
1391 2105 1633 2158 Τοιοῦτοι
1681 2104 1787 2175 γὰρ
1825 2106 1876 2156 οί

292 2197 604 2270 ἄνθρωποι·
642 2197 786 2251 κατά
837 2196 948 2249 τῶν
997 2195 1174 2250 ἀλλων
1219 2196 1385 2266 ἡδέως
1431 2194 1529 2259 τὰς
1574 2196 1880 2264 ἀποφάσεις

293 2290 389 2342 καὶ
414 2289 704 2358 ἀποτόμως
740 2287 1019 2341 ποιοῦνται
1054 2288 1149 2340 καὶ
1176 2287 1465 2342 ἐκδιδόασι.
1504 2287 1615 2340 Καὶ
1635 2285 1686 2339 τί
1712 2302 1879 2356 φησιν

292 2384 322 2433 6
363 2381 557 2446 Δαυῒδ;
603 2378 691 2448 Ζῆ
724 2381 958 2447 Κύριος,
1007 2379 1179 2445 ἄξιος
1216 2378 1477 2433 θανάτου
1523 2381 1556 2433 ό
1589 2377 1876 2441 τοιοῦτος,

294 2468 393 2522 καὶ
423 2466 723 2522 ἀποδώσει
750 2467 866 2536 τὴν
888 2466 1126 2537 ἀμνάδα
1155 2469 1658 2535 τετραπλασίων-α.
1694 2467 1759 2519 Τί
1786 2463 1881 2519 οὖν

193 2627 199 2633 .
294 2561 324 2612 6
356 2559 574 2623 Νάθανς
609 2561 724 2615 Οὐκ
763 2560 1000 2632 ἐμάλαξε
1034 2563 1259 2626 πολλαῖς
1292 2562 1465 2634 ὥραις
1505 2561 1602 2634 τὴν
1642 2561 1877 2632 πληγὴν,

296 2655 412 2709 ἀλλ’
456 2656 616 2721 εὐθὺς
651 2655 917 2726 ἐκφαίνει,
955 2655 1049 2708 καὶ
1088 2654 1354 2726 ὀξυτάτην
1379 2655 1628 2724 ἐπήγαγε
1659 2653 1758 2724 τὴν
1794 2670 1884 2706 το-

302 2746 430 2818 μὴν.
466 2747 555 2801 ἵνα
606 2746 680 2819 μὴ
730 2746 905 2817 κλέψῃ
939 2746 1039 2816 τὴν
1074 2746 1325 2817 αἴσθησιν
1369 2745 1466 2800 τοῦ
1498 2746 1661 2799 πόνου
1702 2745 1751 2799 ιι.
1796 2745 1882 2798 Σὺ

296 2835 372 2899 εἴ,
419 2839 660 2911 βασιλεῦ.
696 2838 761 2891 Τί
787 2834 879 2893 οὖν
910 2841 940 2893 6
967 2838 1220 2909 βασιλεύς
1248 2855 1441 2909 φησιν;
1472 2838 1778 2907 Ἥμαρτον
1804 2835 1885 2901 τῷ

299 2930 514 2998 Κυρίῳ.
551 2930 665 2982 Οὑκ
693 2925 837 2989 εἶπε,
885 2927 980 2991 Τίς
1008 2927 1117 2998 γάρ
1168 2923 1264 2980 εἷό
1296 2926 1535 2996 ἐλέγχων
1566 2941 1670 2996 με;
1702 2925 1787 2988 τίς
1827 2923 1884 2977 δέ

303 3038 364 3074 σε
391 3021 676 3076 ἀπέστειλε
705 3020 1218 3093 παρῤησιάξεσθαις
1252 3019 1383 3089 ποίᾳ
1416 3018 1473 3070 δέ
1510 3018 1684 3089 τόλμῃ
1725 3016 1887 3069 τοῦτο

302 3114 645 3184 πεποίηκας;
702 3113 867 3166 Οὐδὲν
918 3113 1159 3165 τοιοῦτον
1210 3106 1398 3176 εἶπεν,
1458 3110 1594 3164 ἀλλά
1645 3110 1887 3179 συνέγνω

300 3207 401 3276 τὴν
434 3206 726 3276 ἁμαρτίαν.
782 3207 892 3259 Καὶ
935 3206 989 3258 τί
1029 3220 1227 3276 φησιν;
1282 3202 1624 3273 Ἠμάρτηκα
1659 3201 1740 3267 τῷ
1772 3207 1887 3257 Kv-

303 3298 427 3366 ρίῳ.
453 3298 516 3351 Τί
542 3293 633 3350 οὖν
661 3299 689 3351 ό
718 3297 907 3351 Νάθαν
936 3297 1072 3368 πρὸς
1096 3297 1259 3349 αὑτόν
1283 3311 1298 3360 ;
1326 3296 1436 3349 Καὶ
1458 3297 1671 3362 Κύριος
1689 3292 1888 3362 ἀφῆκε

305 3389 372 3444 τε»
417 3388 731 3458 ἁμάρτημὰ
782 3403 929 3443 σου·
984 3387 1176 3442 ἐαυτὸν
1215 3387 1596 3450 κατεδίκασας,
1650 3383 1759 3454 ἐγώ
1806 3401 1888 3437 σοι

309 3480 577 3551 συγχωρῶ
608 3480 707 3553 τὴν
735 3479 1031 3549 καταδίκην
1050 3495 1064 3510 ο
1116 3478 1476 3549 εὐγνωμόνως
1505 3477 1886 3548 ὡμολόγησας,

308 3571 505 3634 ἔλυσας
542 3571 641 3643 τὴν
684 3570 992 3644 ἁμαρτίανο
1044 3568 1223 3639 σαυτῷ
1250 3568 1350 3639 τὴν
1397 3568 1692 3639 καταδίκην
1737 3567 1890 3640 [290]

310 3666 645 3727 ἐπεσπάσω,
698 3662 810 3732 ἐγὼ
860 3662 1024 3716 ἔλυσα
1078 3661 1175 3732 τὴν
1224 3662 1518 3731 ἀπόφασιν.
1572 3656 1725 3724 Εἶδες
1773 3661 1892 3725 πῶς

312 3752 608 3825 ἐπληρώθη
642 3753 703 3808 τὸ
739 3753 1149 3824 γεγραμμένον.
1192 3751 1343 3820 Λέγε
1378 3750 1460 3805 σὺ
1493 3751 1602 3817 τὰς
1638 3752 1893 3819 ἀνομίας

311 3860 432 3901 σου
459 3844 711 3912 πρῶτος,
747 3846 849 3899 ἶνα
873 3844 1115 3901 δικαιωθ
1126 3841 1226 3909 ac;
1273 3842 1432 3905 Ποῖος
1470 3842 1716 3912 κάματος
1739 3837 1894 3905 οὗτος

312 3937 377 3990 τὸ
403 3940 576 3991 εἰπεῖν
611 3935 828 4007 πρῶτον
853 3937 952 4005 τὴν
985 3934 1302 4005 ἁμαρτίαν;

387 4035 455 4099 γ’.
495 4029 679 4100 Ἔχεις
706 4029 763 4083 δὲ
792 4027 1081 4098 μετανοίας
1112 4023 1229 4078 ὁδὸν
1266 4023 1359 4077 καὶ
1399 4023 1610 4096 ἐτέρανο
1644 4023 1804 4076 ποίαν
1828 4022 1894 4093 δὴ

314 4122 548 4191 ταύτην;
565 4121 638 4173 Τὸ
657 4119 923 4190 πενθῆσαι
942 4119 1042 4189 τὴν
1064 4116 1339 4188 ἁμαρτίαν
1356 4126 1377 4155 ο
1392 4155 1405 4169 .
1427 4115 1499 4168 Ἥ
1510 4132 1744 4185 μαρτες;
1766 4115 1892 4167 πέν-

317 4214 517 4284 θησον,
559 4214 653 4266 καί⁵
689 4212 839 4275 λύεις
877 4212 977 4283 τὴν
1010 4211 1310 4282 ἁμαρτίαν.
1342 4210 1500 4273 "oio;
1529 4209 1778 4279 κάματος
1806 4201 1897 4263 οῦ-

319 4321 441 4368 τοςς
464 4303 616 4357 οὐδέν
637 4320 696 4356 σε
716 4301 879 4355 πλέον
900 4299 1138 4364 ἀπαιτῶ,
1168 4300 1202 4370 ἦ
1223 4300 1285 4354 τὸ
1306 4299 1570 4371 πενθῆσαι
1595 4299 1694 4370 τὴν
1721 4300 1901 4371 ἁμαρ·

320 4397 444 4448 τίαν
470 4411 484 4425 ⁸
508 4395 570 4447 06
595 4394 741 4462 λέγω
776 4409 857 4445 σοι
891 4392 1103 4463 πελάγη
1144 4394 1353 4462 τεμεῖν,
1384 4391 1509 4444 οὔτε
1550 4393 1631 4454 εἰς
1672 4390 1903 4461 λιμένας

325 4489 676 4554 καταγαγεῖν,
726 4484 849 4538 οὔτε
896 4485 1267 4555 ὁδοιπορῆσαι.
1323 4482 1445 4537 οὔτε
1502 4484 1621 4536 ὁδὸν
1676 4483 1903 4554 ἄπειρον

325 4578 601 4639 ἀπελθεῖν,
634 4576 757 4630 οὑτε
789 4593 894 4648 χρη
905 4576 1088 4645 μάτων
1123 4573 1451 4643 καταϐολὴν,
1485 4572 1608 4626 οὔτε
1644 4574 1906 4644 κυμάτων

328 4669 535 4743 ἀγρίων
567 4668 895 4738 ποιήσασθαι
923 4666 1116 4729 δίοδον,
1138 4664 1273 4717 ἀλλά
1291 4666 1378 4729 τίς
1411 4664 1687 4735 Πένθησον
1713 4666 1806 4718 ἐπὶ
1836 4667 1904 4737 τῇ

329 4760 593 4832 ἁμαρτίᾳ.
634 4761 742 4813 Καὶ
766 4758 929 4812 πόθεν
961 4757 1140 4818 τοῦτο,
1179 4757 1364 4826 φησὶν,
1395 4757 1477 4809 ὅτι
1505 4756 1598 4809 ὲάν
1627 4756 1905 4827 πενθήσω,

329 4851 444 4905 λύω
472 4851 568 4922 τὴν
614 4851 921 4921 ἁμαρτίαν;
957 4849 1141 4920 Ἔχεις
1179 4848 1274 4901 καὶ
1306 4844 1498 4900 τούτου
1532 4847 1807 4913 ἀπόδειξιν
1846 4849 1910 4902 ἐκ

328 4943 431 5013 τῆς
455 4942 605 5006 θείας
634 4942 876 5013 Γραφῆς.
901 4938 1009 4993 τΗν
1031 4958 1112 5003 τις
1146 4940 1348 5010 ’Λχαάϐ
1379 4939 1630 5008 βασιλεύς
1656 4958 1671 4972 ο
1699 4940 1911 5003 δίκαιος

331 5034 388 5087 δὲ
425 5029 578 5097 οὗτος
622 5035 978 5103 μαρτυρεῖται
1003 5049 1016 5062 ι
1045 5032 1360 5084 ἐϐασίλευσε
1394 5031 1450 5083 66
1482 5025 1636 5094 οὗτος
1663 5034 1743 5094 είς
1766 5030 1914 5084 κακά

334 5126 440 5180 ὑπὸ
478 5126 712 5190 Ἰεζάϐελ
740 5126 840 5194 τῆς
869 5125 1125 5193 γυναικὸς
1160 5124 1326 5177 αὑτοῦ
1353 5139 1367 5153 ’
1397 5115 1553 5186 οῦτός
1603 5142 1745 5189 τινος
1796 5124 1911 5178 Να-

337 5213 497 5269 ϐουθὲ
539 5213 901 5285 Ίεζραηλίτου
952 5213 1252 5283 ἀμπελῶνα
1280 5212 1627 5283 ἐπεθύμησε,
1674 5212 1769 5266 καὶ
1807 5214 1915 5266 ἀπ-

336 5307 542 5360 έστειλε
569 5307 702 5377 πρὸς
724 5306 887 5359 αὑτὸν
905 5304 1082 5371 λέγων
1100 5320 1112 5332 ·
1134 5304 1232 5368 Δός
1263 5322 1352 5374 μοι
1378 5304 1471 5356 τὸν
1492 5304 1796 5375 ἀμπελῶνά
1821 5323 1916 5361 σου

335 5400 395 5453 ὃν
435 5398 777 5472 ἐπεθύμησα,
818 5394 912 5452 καὶ
960 5397 993 5470 ἦ
1033 5397 1297 5471 ἀργύριον
1336 5396 1467 5450 λαϐὲ
1520 5397 1649 5469 παρ’
1688 5397 1846 5468 ἐμοῦ,
1882 5397 1915 5467 ἢ

338 5491 693 5562 ἀντάλλαγμα
730 5491 824 5544 τοῦ
857 5490 1043 5545 τόπου.
1080 5490 1137 5543 '0
1159 5489 1216 5543 66
1246 5484 1367 5541 εἷπε
1400 5506 1413 5519 ·
1444 5489 1536 5560 Μή
1578 5506 1667 5559 μοι
1689 5491 1917 5559 γένοιτο

406 5626 435 5655 ⁸
456 5622 669 5675 Suillius
687 5626 783 5673 τῶν
805 5624 1010 5676 οἰκείων.
1033 5622 1164 5685 quod
1190 5622 1366 5671 eodem
1391 5620 1583 5671 recidit.
1609 5621 1744 5672 Enn.

404 5685 435 5736 ἓ
462 5685 575 5748 Msa.
600 5685 686 5735 τοῦ
707 5686 867 5748 φόνου.

410 5748 433 5779 ⁸
465 5745 563 5798 Am
588 5749 673 5800 τὴν
696 5745 865 5796 αἰτίαν.

1438 338 1524 395 DE
1557 337 2029 396 POENITENTIA.
2073 339 2302 394 IIOMIL.
2343 339 2407 395 11.

3440 344 3546 400 288

1967 452 2604 528 κληρονομίαν’πατέρων
2630 474 2730 529 μου
2758 457 3003 529 πωλῆσαί
3029 472 3130 509 σοι.
3174 456 3233 510 ’0
3251 455 3309 508 66
3344 457 3548 527 ’Δχαάϐ

1968 546 2231 616 ἐπεθύμει
2280 548 2378 618 μὲν
2424 547 2517 601 τοῦ
2558 548 2876 619 ἀμπελῶνος
2902 566 2914 578 ’
2949 549 3048 600 οὑκ
3080 546 3238 618 ἤθελε
3267 547 3324 600 66
3355 546 3548 617 βιάσα-

1969 636 2091 690 σθαι
2124 638 2308 701 αὑτὸν,
2332 639 2408 701 ὡς
2433 640 2498 692 ὲκ
2524 639 2713 693 τούτου
2748 638 2987 694 κακώσει
3011 639 3171 692 αὑτὸν
3204 641 3543 711 περιπεσεῖν.

1966 729 2297 784 Είσελθοῦσα
2345 730 2402 784 δὲ
2435 730 2572 802 πρὸς
2616 731 2779 785 αὑτὸν
2822 730 3089 796 Ἰεζάϐελ,
3128 729 3351 798 γύναιον
3395 730 3549 784 ἀναί-

1966 840 2190 893 σχυντον
2214 823 2307 877 καὶ
2329 824 2795 895 ἀπηγορευμένον,
2816 822 3122 893 ἀκάθαρτον
3144 823 3240 876 καὶ
3260 822 3553 891 ἐναγέσταο

1965 932 2078 979 τον,
2113 915 2246 987 φησί
2270 930 2287 945 '
2322 914 2388 968 Τί
2414 916 2581 987 λυπῇ,
2616 918 2710 970 καὶ
2734 916 2833 969 οὐκ
2859 915 3092 982 ἐσθίεις;
3117 915 3345 974 ἀνάστα.
3372 914 3514 985 φάγε
3534 931 3550 945 ’

1968 1005 2080 1075 ἰγώ
2120 1021 2179 1058 σε
2226 1005 2366 1059 ποιῶ
2406 1006 2811 1078 κληρονομῆσαι
2847 1005 2937 1058 τὸν
2975 1006 3276 1076 ἀμπελῶνα
3307 1004 3553 1058 Ναϐουθὲ

1967 1096 2064 1151 τοῦ
2108 1095 2496 1169 Ἰεζραηλίτου.
2529 1099 2638 1151 Καὶ
2668 1097 2907 1151 λαϐοῦσα
2934 1098 3139 1169 γράφει
3177 1095 3461 1167 ἐπιστολὴν
3486 1097 3549 1149 ἐκ

1969 1188 2262 1261 προσώπου
2311 1190 2406 1243 τοῦ
2462 1190 2729 1260 βασιλέως
2762 1190 2898 1261 πρὸς
2930 1190 3058 1253 τοὺς
3103 1189 3551 1261 πρεσϐυτέρους,

1968 1282 2205 1351 λέγουσα
2230 1299 2244 1312 ·
2285 1282 2574 1355 Κηρύξατε
2618 1282 2896 1354 νηστείαν,
2937 1284 3032 1336 καὶ
3075 1283 3309 1354 στήσατε
3358 1282 3555 1353 ἄνδρας

1969 1372 2186 1443 ψευδεῖς
2219 1373 2360 1427 κατὰ
2391 1373 2661 1440 Ναϐουθὲ,
2710 1374 2790 1427 ὅτι
2818 1373 3079 1443 εὑλόγησε
3108 1372 3242 1426 Θεὸν
3271 1372 3365 1426 καί⁷
3399 1372 3555 1442 βασι-

1970 1466 2097 1531 λέα,
2122 1467 2421 1533 τουτέστιν,
2461 1466 2903 1538 ἐϐλασφήμησεν.
2950 1467 3014 1518 Ὦ
3046 1465 3268 1538 νηστεία
3302 1467 3556 1519 ἐπιτετα-

1975 1559 2145 1630 μένης
2205 1560 2308 1628 τῆς
2370 1560 2716 1630 παρανομίας
2772 1558 3176 1631 πεπληρωμένη
3208 1576 3223 1591 ·
3281 1557 3554 1629 ἑκήρυξαι

1972 1651 2246 1721 νηστείαν,
2279 1652 2367 1705 ἵνα
2395 1653 2555 1721 φόνον
2586 1652 2875 1722 ποιήσωσι.
2908 1651 2973 1703 Τί
2998 1647 3090 1705 οῦν
3116 1652 3376 1719 γέγονεν;
3420 1650 3559 1703 Ἐλι-

1973 1740 2146 1811 θάσθη
2197 1740 2470 1804 Ναϐουθὲ,
2501 1741 2597 1794 καὶ
2623 1740 2885 1797 ἀπέθανε.
2917 1739 3182 1794 Μαθοῦσα
3222 1740 3281 1793 66
3323 1739 3561 1805 Ἰεζάϐελ

1972 1834 2119 1903 λέγει
2148 1833 2224 1905 τῷ
2252 1834 2490 1905 ’Λχαάϐο
2525 1834 2782 1896 Ἀνάστα,
2814 1833 3315 1904 κληρονομήσωμεν
3343 1835 3434 1886 τὸν
3455 1833 3562 1902 ἀμ-

1974 1926 2211 1989 πελῶνα,
2239 1928 2321 1981 ὅτι
2352 1925 2590 1980 ἀπέθανε
2620 1924 2890 1979 Ναϐουθέ.
2930 1924 2990 1977 Ὀ
3022 1924 3080 1978 66
3109 1923 3374 1992 λυπηθεὶς
3423 1923 3560 1993 πρὸς

1974 2022 2034 2075 τὸ
2054 2023 2251 2093 παρὸν,
2285 2020 2504 2091 εἰσῆλθε
2528 2020 2736 2090 μέντοι,
2766 2019 2862 2072 καὶ
2889 2017 3300 2089 ἐκληρονόμησε
3335 2016 3423 2069 τὸν
3454 2016 3562 2084 ἀμ-

1974 2112 2210 2165 πελῶνα.
2250 2112 2463 2182 Πέμπει
2494 2112 2631 2182 πρὸς
2664 2109 2825 2164 αὑτὸν
2854 2112 2883 2163 6
2912 2108 3042 2173 Θεὸς
3079 2108 3267 2161 Ἠλίαν
3294 2106 3385 2160 τὸν
3424 2123 3562 2179 προ-

1976 2207 2153 2277 φήτην
2180 2223 2193 2237 ο
2224 2206 2484 2267 Ἀπελοε,
2514 2205 2701 2274 φησὶν,
2735 2204 2889 2257 εἰπὸν
2914 2200 2995 2274 τῷ
3031 2203 3255 2274 Ἀχαά6,
3303 2202 3455 2257 Ἀνθ“
3474 2197 3563 2255 ὧν

1974 2299 2317 2367 ἐφόνευσας
2340 2298 2438 2351 καὶ
2465 2297 2985 2366 ἐκληρονόμησας,
3021 2296 3207 2361 οὕτως
3231 2294 3563 2365 ἐκχυθήσεο

1976 2406 2071 2444 ται
2102 2390 2170 2443 τὸ
2205 2385 2349 2460 αἷμά
2377 2405 2519 2455 σου,
2552 2389 2652 2443 καί
2686 2392 2740 2463 οὶ
2774 2389 2960 2455 κύνες
3001 2387 3279 2453 λείξουσι
3311 2387 3380 2441 τὸ
3423 2383 3568 2457 αἷμὰ

1979 2495 2118 2549 σου,
2159 2482 2258 2535 καί
2290 2484 2351 2535 αἱ
2384 2482 2599 2550 πόρναι
2628 2481 2958 2535 λούσονται
2988 2479 3058 2533 ἑν
3088 2477 3169 2545 τῷ
3196 2478 3397 2550 αἵματί
3424 2494 3564 2533 σου.

1979 2573 2251 2646 Θεήλατος
2286 2576 2319 2646 ἡ
2355 2573 2515 2646 ὀργὴ,
2544 2562 2930 2645 ἀπηρτισμένη
2968 2574 3002 2643 ή
3036 2572 3332 2642 ἀπόφασις,
3358 2573 3571 2641 πεπλη-

1983 2665 2204 2736 ρωμένη
2234 2666 2267 2736 ή
2302 2664 2591 2734 καταδίκη.
2619 2664 2731 2718 Καὶ
2756 2664 2862 2734 δρα
2887 2662 2992 2717 ποῦ
3018 2662 3229 2733 πέμπει
3257 2662 3416 2716 αὐτόν
3441 2677 3456 2693 ο
3490 2663 3571 2725 είς

1980 2752 2073 2806 τὸν
2102 2752 2422 2823 ἀμπελῶνα.
2462 2754 2636 2806 Ὅπου
2669 2754 2703 2824 ἡ
2739 2751 3079 2824 παρανομία,
3131 2751 3250 2805 ἐκεῖ
3294 2751 3391 2804 καὶ
3420 2751 3455 2820 ἡ
3487 2767 3571 2803 τιο

1986 2842 2184 2916 μωρία.
2213 2842 2324 2896 Καὶ
2347 2840 2402 2895 τί
2424 2858 2622 2913 φησιν;
2660 2839 2806 2895 Ἰδὼν
2829 2839 2989 2894 αὑτὸν
3023 2838 3227 2909 Ἀχαάϐ
3256 2838 3425 2907 λέγει·
3452 2838 3571 2892 Εὕ-

1975 2928 2170 2999 ρηκὰς
2185 2947 2264 2995 με
2287 2932 2319 2983 ό
2339 2929 2552 2999 ἐχθρός
2572 2947 2716 2998 μου,
2748 2929 2868 2982 ἀντὶ
2886 2926 3005 2994 τοῦ,
3048 2927 3332 2981 ’Υπαίτιόν
3357 2944 3424 2996 με
3450 2925 3572 2979 έλα-

1985 3016 2078 3081 ϐες
2112 3018 2193 3071 ὅτι
2225 3017 2526 3087 ἡμάρτηκα
2549 3029 2565 3044 ⁸
2600 3016 2696 3069 νῦν
2730 3015 2921 3085 καιρὸν
2949 3015 3093 3084 ἔχεις
3118 3012 3424 3084 ὲπεμϐῆναί
3456 3030 3571 3084 μοι.

1987 3104 2263 3174 Εὕρηκάς
2284 3121 2361 3174 με
2388 3107 2420 3157 ό
2448 3103 2663 3171 ἐχθρός
2684 3119 2828 3171 μου.
2875 3101 3096 3173 Ἐπειδὴ
3126 3101 3357 3172 ἤλεγχεν
3407 3101 3496 3153 ἀεὶ
3543 3102 3574 3153 6

2000 3193 2184 3255 Ἠλίας
2207 3192 2299 3246 τὸν
2331 3191 2555 3263 Ἀχαάϐ,
2579 3193 2607 3245 6
2634 3189 2841 3262 Ἀχαάϐ
2868 3190 3023 3254 εἰδὼς
3047 3191 3131 3244 ὅτι
3157 3190 3429 3261 ἥμαρτεν,
3463 3188 3577 3242 Ἀεὶ

1990 3284 2089 3352 μὲν
2105 3282 2335 3353 ἦλεγχές
2354 3298 2442 3353 με,
2467 3281 2631 3351 φησί’
2646 3280 2740 3334 νῦν
2760 3280 2816 3334 66
2838 3279 3113 3351 εὐκαίρως
3134 3297 3223 3350 μοι
3242 3277 3542 3341 ἐπιϐαίνεις
3560 3294 3574 3309 ⁸

1988 3371 2103 3441 ᾔδει
2141 3370 2251 3442 γὰρ
2281 3371 2361 3423 ὃτι
2404 3369 2718 3440 ἡμάρτηκε.
2764 3366 3255 3439 Παραναγινώσκει
3294 3365 3442 3436 αὐτῷ
3478 3366 3578 3433 τὴν

1990 3459 2268 3527 ἀπόφασιν
2286 3474 2300 3488 ⁶
2326 3456 2470 3511 Τάδε
2484 3456 2647 3526 λέγει
2665 3457 2900 3524 Κύριος,
2925 3455 3109 3525 φησίν·
3147 3454 3303 3508 Ἀνθ’
3326 3446 3414 3506 ὧν
3440 3453 3583 3521 ἐφό-

1989 3563 2217 3613 νευσας
2228 3546 2326 3600 καί
2341 3545 2840 3615 ἐκληρονόμησας
2851 3543 2947 3597 καί
2963 3537 3105 3611 αἷμα
3116 3540 3334 3609 ἀνδρὸς
3346 3540 3583 3593 δικαίου

1992 3637 2259 3706 ἐξέχεας,
2297 3635 2485 3702 οὕτως
2512 3632 2912 3702 ἐκχυθήσεται
2947 3630 3014 3685 τὸ
3047 3629 3191 3700 αἷμά
3225 3644 3362 3694 σου,
3391 3628 3489 3682 καί
3526 3632 3580 3681 οἱ

1992 3727 2173 3791 κύνες
2188 3724 2505 3788 λείξουσιν
2524 3720 2677 3795 [τοι]
2693 3720 2861 3785 αὐτὸ,
2883 3721 2979 3774 καί
3003 3721 3063 3773 αὶ
3086 3720 3300 3786 πόρναι
3318 3718 3582 3771 λούσαν-

1994 3831 2088 3867 ται
2120 3812 2190 3866 ἐν
2216 3810 2297 3877 τῷ
2334 3812 2536 3881 αἵματί
2571 3827 2709 3864 σου.
2760 3806 3028 3868 ’Λκούσας
3062 3805 3238 3859 ταῦτα
3278 3802 3485 3874 Ἀχαάϐ
3511 3798 3580 3873 ἦν

1997 3900 2407 3972 σκυθρωπάζων
2435 3900 2531 3951 καὶ
2561 3897 2774 3950 πενθῶν
2805 3895 2900 3949 ἐπὶ
2929 3899 2996 3966 τῇ
3022 3893 3270 3963 ἁμαρτίᾳ
3293 3908 3307 3921 ο
3340 3890 3584 3957 συνέγνω

1995 3990 2094 4062 τὴν
2119 3988 2355 4050 ἀδικίαν,
2385 3986 2481 4040 καὶ
2511 3985 2669 4038 ἔλυσε
2693 3984 2793 4054 τὴν
2820 3980 2940 4036 κατ’
2970 3981 3137 4033 αὑτοῦ
3167 3978 3349 4046 ψῆφον
3373 3980 3403 4030 6
3426 3977 3583 4039 Θεός.

2010 4077 2170 4131 ’Λλλά
2191 4074 2409 4147 πρῶτον
2432 4073 2814 4143 ἀπελογήσατο
2843 4070 2873 4122 ὁ
2898 4067 3031 4130 Θεὸς
3052 4067 3130 4137 τῷ
3171 4065 3350 4134 Ἠλία,
3386 4064 3475 4118 ἵνα
3506 4065 3582 4133 μὴ

1997 4166 2073 4229 ὡς
2122 4163 2365 4234 ψεύστης
2414 4163 2557 4232 φανῇ
2580 4159 2607 4200 δ
2644 4158 2740 4214 καὶ
2776 4156 2922 4228 πάθῃ
2957 4155 3096 4227 ὅπερ
3125 4152 3328 4207 ἐπαθεν
3357 4152 3545 4212 Ἰωνᾶς
3570 4166 3583 4179 ο
3644 4157 3651 4166 ’

1999 4254 2242 4307 τοιοῦτον
2270 4252 2378 4323 γάρ
2407 4249 2614 4318 ὑπέστη
2643 4247 2738 4301 ad!
2764 4248 2794 4298 6
2827 4236 3032 4306 Ἰωνᾶς.
3062 4240 3228 4309 Λέγει
3258 4239 3394 4311 πρὸς
3422 4237 3587 4323 αὑτὸν

2002 4344 2030 4395 ό
2048 4342 2180 4404 Θεός
2204 4357 2218 4371 ·
2255 4320 2515 4401 "Acie-.606,
2548 4331 2785 4407 κήρυξον
2815 4332 2896 4394 εἰς
2919 4327 3110 4383 Νινευῒ
3139 4328 3240 4399 τὴν
3273 4326 3430 4381 πόλιν
3462 4326 3521 4378 ἐν

2004 4425 2316 4482 κατοικοῦσι
2340 4424 2548 4478 δώδεκα
2579 4420 2838 4493 μυριάδες
2870 4416 3173 4487 ἀνθρώπων
3200 4414 3368 4485 χωρὶς
3404 4430 3592 4480 γυναι-

2006 4516 2117 4573 κῶν
2145 4517 2242 4570 καὶ
2271 4514 2499 4569 παιδίων
2516 4528 2533 4543 ·
2564 4513 2692 4565 Ἔτι
2717 4508 2876 4577 τρεῖς
2896 4505 3237 4577 ήμέραι,καί
3261 4503 3470 4558 [Vn-va
3487 4520 3593 4558 κα-

2006 4602 2513 4673 ταστραφήσεται.
2554 4598 2615 4651 ὐ
2655 4597 2840 4660 Ἰωνᾶς
2877 4596 2978 4648 οὐκ
3022 4591 3282 4664 ἠϐούλετο
3313 4590 3591 4653 ἀπελθεῖν,

2009 4695 2164 4758 εἰδὼς
2190 4695 2286 4763 τὴν
2303 4690 2398 4745 τοῦ
2429 4688 2565 4743 Θεοῦ
2589 4685 2998 4757 φιλανθρωπίαν
3018 4700 3033 4715 ·
3057 4681 3196 4737 ἀλλά
3218 4680 3274 4734 τί
3299 4682 3474 4747 ποιεῖς
3500 4680 3594 4743 Εἰς

2011 4785 2189 4854 φυγὴν
2210 4780 2470 4853 τρέπεται
2488 4793 2501 4806 ’
2530 4777 2675 4846 λέγει
2708 4776 2837 4847 γὰρ,
2879 4772 3024 4843 Ἐγὼ
3053 4773 3365 4843 ἀπέρχομαι
3387 4770 3596 4841 κηρύσ-

2014 4884 2141 4926 σων·
2162 4870 2226 4924 σὺ
2243 4867 2623 4939 φιλάνθρωπος
2654 4865 2730 4932 ὢν
2760 4861 3061 4935 μεταμέλῃ,
3085 4859 3196 4927 ἐγὼ
3229 4859 3284 4912 66
3303 4857 3376 4921 ὼς
3403 4857 3596 4928 ψευδο-

2013 4963 2299 5033 προφήτης
2312 4957 2663 5030 ἁναιροῦμαι.
2682 4954 2822 5007 Ἀλλ’
2839 4954 2989 5022 ὅμως
3003 4954 3036 5022 ἡ
3064 4950 3309 5004 θάλασσα
3324 4947 3486 5001 αὑτὸν
3501 4945 3598 4998 λα-

2015 5050 2183 5104 ϐοῦσα
2208 5051 2307 5102 οὑκ
2330 5045 2586 5118 ἔκρυψεν,
2610 5042 2723 5099 ἀλλ’
2746 5043 2994 5096 ἀπέδωκε
3018 5042 3084 5111 τῇ
3113 5042 3203 5109 γῇ,
3229 5038 3323 5091 καὶ
3343 5036 3595 5089 ἀπέσωσε

2016 5139 2178 5193 πάλιν
2212 5138 2292 5200 είς
2323 5135 2370 5188 Ν
2379 5133 2533 5197 ινευῒ,
2567 5130 2817 5202 καθάπερ
2841 5130 3039 5201 ἀρίστη
3066 5124 3348 5187 σύνδουλος
3380 5121 3598 5175 σύνδου-

2015 5228 2106 5281 λον
2131 5223 2481 5295 διατηροῦσα.
2508 5219 2735 5287 Κατέϐη
2761 5219 2890 5289 γὰρ,
2920 5218 3105 5287 φησὶν.
3142 5210 3347 5275 Ἰωνᾶς
3370 5208 3473 5262 τοῦ
3489 5224 3600 5295 ερυέ

2018 5316 2164 5385 γεῒν,
2204 5294 2304 5367 καί
2346 5308 2482 5380 εὗρε
2516 5308 2735 5365 πλοῖον
2772 5305 3024 5373 βαδίζον
3059 5305 3146 5366 είς
3189 5296 3462 5366 Θαρσεῖς,
3485 5294 3601 5385 παῖ

2019 5381 2202 5458 ἔδωκε
2227 5402 2335 5455 τὸν
2360 5399 2593 5455 ναῦλον
2617 5394 2825 5457 αὐτοῦ,
2855 5394 2952 5447 καί
2976 5388 3159 5455 ἀνέϐη
3181 5388 3267 5452 εις
3290 5385 3458 5438 αὑτό.
3485 5381 3599 5437 Ηνσῦ

2022 5489 2243 5560 φεύγεις
2292 5489 2476 5553 Ἰωνᾶς
2525 5487 2605 5548 εἰς
2653 5482 2757 5552 γῆν
2791 5479 2960 5549 ἀλλην
3002 5475 3252 5546 ἀπέρχῃ;
3303 5468 3465 5524 Ἀλλά
3504 5469 3599 5523 τοῦ

2084 5615 2120 5686 4.
2138 5621 2235 5672 .m
2259 5619 2404 5686 Wet
2421 5632 2540 5683 quos
2556 5614 2735 5686 ερυεισ)
2901 5608 3048 5686 αὐτοῦ
3082 5610 3218 5686 δίμηγ
3236 5606 3419 5686 εθεές-
3438 5604 3604 5686 ΑἈὶλει

2024 5669 2526 5792 τξᾶιξῖἒνθάναλόγίσαι
2559 5680 2620 5728 τὰ
2655 5669 2740 5726 τοῦ
2773 5675 2957 5732 Ἠλίου,
2978 5673 3056 5720 ῖνα
3080 5672 3142 5733 μή
3188 5670 3396 5733 ψεύστης
3430 5671 3547 5731 φανῇ
3575 5669 3602 5713 6

2143 5757 2209 5798 ας.
