3896 6230
288 354 396 410 ἓκθ

288 460 679 538 proﬁcisceris?
703 458 861 529 Atqui
898 453 1101 510 Domini
1126 463 1197 508 est
1218 460 1349 505 terra
1372 457 1417 503 et
1453 444 1710 519 plenitudo
1735 444 1863 547 ejus.

286 565 418 619 Num
451 560 502 611 in
533 554 715 609 mare?
740 549 929 607 Nescis
957 545 1118 618 quod,
1151 544 1325 615 Ipsius
1348 549 1419 596 est
1454 554 1628 604 mare,
1674 545 1719 590 et
1760 544 1871 604 ipse

290 651 401 723 fecit
422 648 552 702 illud
571 644 743 716 (Psal.
772 644 862 699 2'5.
890 642 914 696 Ι
941 647 995 696 et
1021 639 1110 694 9i.
1138 636 1234 703 5).?
1262 634 1395 689 Nam
1417 633 1469 723 in
1486 628 1719 687 cadum?
1749 627 1866 682 Non

283 722 495 795 audiisti
533 735 787 791 Davidem
816 732 1116 787 dicentem:
1157 724 1343 781 Videbo
1374 722 1522 778 cmlos
1565 731 1679 774 tuos
1715 732 1871 789 Opera
1904 768 1940 797 ἡ

283 831 557 900 digitorum
583 835 786 880 tuorum
832 820 1003 892 (Psal.
1037 821 1091 874 8.
1138 816 1231 887 4)?
1260 814 1657 870 Verumtamen.
1671 808 1761 863 ille
1798 805 1867 861 ti-

287 935 435 974 more
463 924 741 987 correptus
783 912 970 983 fugere
1024 925 1083 964 sc
1120 906 1338 978 putabat
1371 923 1386 958 :
1427 905 1593 958 Deum
1639 913 1870 969 namque

291 1028 412 1068 vere
435 1013 618 1081 fugere
647 1023 804 1063 nemo
833 1011 1024 1076 potest.
1058 1002 1158 1058 Ubi
1189 1009 1368 1055 tamen
1394 1011 1515 1051 eum
1542 1008 1690 1049 mare
1717 990 1872 1046 resti-

288 1106 383 1159 tuit
403 1144 419 1170 ,
452 1114 507 1159 et
534 1102 677 1158 venit
700 1100 923 1155 Niniven
945 1139 961 1164 ,
990 1092 1296 1165 praedicavit
1318 1090 1502 1145 dicens
1528 1105 1541 1142 :
1571 1086 1748 1141 Adhuc
1774 1093 1872 1139 tres

286 1196 418 1261 dies,
444 1204 489 1248 et
521 1192 705 1246 Ninive
732 1189 1042 1245 subvertetur
1071 1183 1213 1256 (Ion.
1246 1183 1300 1236 5.
1330 1181 1406 1251 4).
1458 1178 1527 1234 Ut
1566 1184 1741 1231 autem
1784 1175 1871 1228 itt-

288 1285 496 1355 telligas
529 1282 630 1336 hoc
667 1281 816 1336 illum
868 1280 1047 1333 animo
1076 1275 1380 1328 volventem
1423 1284 1544 1325 sese
1592 1268 1644 1321 in
1694 1266 1872 1335 fugam

289 1375 649 1437 convertisse,
705 1371 871 1426 Deum
920 1367 1208 1430 nimirum,
1259 1377 1381 1417 cum
1410 1362 1480 1415 sit
1528 1358 1869 1420 misericors,

294 1467 659 1539 pmnilentiam
710 1474 950 1517 acturum
1005 1473 1166 1526 super
1211 1454 1431 1520 malitia,
1463 1466 1622 1522 quam
1665 1449 1733 1504 de
1771 1449 1875 1503 illis

289 1569 406 1615 erat
434 1561 683 1628 loquutus
706 1598 721 1621 ,
744 1555 1083 1621 futurumque
1121 1549 1291 1618 ipsum
1321 1544 1512 1599 falsum
1542 1541 1874 1612 prophetam,

290 1654 408 1722 ipse
434 1666 530 1720 per
555 1663 614 1704 se
649 1646 867 1702 indicat.
892 1644 1178 1712 Postquam
1216 1638 1357 1693 enim
1389 1637 1444 1691 in
1471 1635 1661 1690 Ninive
1681 1632 1870 1703 pracdi-

290 1742 470 1806 cavit,
500 1748 650 1795 extra
671 1738 938 1792 civitatem
968 1746 1216 1804 egressus
1241 1739 1340 1795 est,
1372 1726 1575 1796 etquid
1611 1724 1878 1780 accideret

291 1830 627 1888 observabat.
662 1827 791 1883 Cum
822 1835 999 1880 autem
1030 1822 1350 1894 prmteriisse
1380 1829 1490 1874 tres
1538 1817 1656 1872 dies
1708 1814 1874 1878 vidit,

292 1936 470 1992 neque
490 1919 776 1990 quidquam
802 1931 1009 1982 eorum,
1043 1929 1161 1985 qua:
1190 1911 1544 1968 comminatus
1569 1906 1764 1970 fuerat,
1788 1923 1880 1961 us-

293 2013 436 2083 piam
467 2011 704 2077 evenire,
760 2018 872 2063 tum
921 2007 1151 2076 priorem
1193 2017 1343 2058 suam
1392 1999 1769 2070 cogitationem
1822 1997 1877 2051 in

293 2110 529 2157 mentem
558 2105 804 2164 revocat,
833 2105 887 2152 et
906 2096 1017 2151 ait:
1048 2090 1233 2147 Nonne
1257 2091 1343 2145 isti
1367 2099 1484 2145 sunt
1508 2103 1760 2144 sermones
1783 2086 1878 2140 mei

291 2208 420 2261 quos
450 2191 677 2244 dicebam
707 2203 725 2241 :
754 2186 991 2257 quoniam
1027 2182 1167 2237 Deus
1192 2182 1470 2236 misericors
1500 2189 1593 2247 est,
1626 2187 1670 2232 et
1695 2177 1877 2247 longa-

296 2282 471 2349 nimis,
523 2290 571 2336 et
600 2294 753 2350 agens
792 2274 1139 2344 pmnitentiam
1189 2288 1340 2343 super
1386 2270 1596 2324 malitiis
1622 2269 1881 2322 hominum

293 2373 446 2428 (Jun.
477 2373 532 2427 4.
562 2370 662 2442 2)?
693 2369 770 2424 Ne
790 2370 945 2438 igitur
966 2367 1072 2420 tale
1099 2364 1229 2435 quid
1250 2361 1515 2418 accideret
1544 2360 1696 2426 Elite,
1723 2359 1882 2428 quale

293 2463 469 2529 Jonar,
513 2475 728 2516 causam
756 2458 975 2528 exponit
1013 2456 1188 2520 Deus,
1222 2463 1440 2523 propter
1476 2466 1636 2522 quam
1667 2449 1882 2505 Achaab

295 2552 643 2611 condonavit.
667 2551 735 2604 Et
757 2548 884 2620 quid
915 2547 990 2601 ait
1027 2546 1154 2600 Elim
1187 2544 1362 2598 Deus?
1403 2541 1599 2606 Vidisti,
1631 2540 1879 2613 quemad-

300 2647 505 2700 modum
531 2642 784 2697 incesserit
814 2641 1021 2710 plorans
1047 2646 1094 2690 et
1123 2635 1280 2689 tristis
1305 2632 1511 2687 Acltaab
1539 2648 1710 2684 coram
1760 2647 1838 2683 me
1860 2630 1887 2682 ?

308 2735 431 2790 Non
463 2735 648 2805 faciam
672 2730 947 2787 secundum
972 2727 1217 2782 malitiam
1237 2726 1346 2798 ejus
1384 2724 1460 2794 (5.
1486 2722 1613 2795 Reg.
1647 2722 1736 2776 2|.
1766 2722 1879 2793 29).

300 2827 493 2897 Pame
528 2825 784 2880 Dominus
823 2822 963 2877 servi
1007 2820 1066 2874 ﬁt
1090 2818 1414 2882 advocatus,
1462 2825 1517 2872 et
1540 2814 1677 2884 apud
1709 2814 1886 2868 homi-

274 2932 424 2973 .nem
452 2916 592 2970 Deus
623 2912 823 2968 homini
871 2910 1254 2983 patrocinatur.
1296 2906 1415 2962 Noli
1439 2905 1769 2971 existimare,
1801 2904 1887 2959 in~

300 3008 440 3078 quit,
470 3007 587 3062 sine
615 3019 772 3061 causa
803 3019 888 3058 mc
933 3003 1004 3056 illi
1036 2999 1335 3071 pepercisse
1365 3015 1378 3051 :
1411 2996 1637 3051 mutavit
1674 3009 1885 3062 mores,

300 3110 352 3154 et
381 3100 516 3155 iram
549 3112 725 3153 meam
764 3094 962 3150 mutavi
985 3103 1143 3163 atque
1168 3089 1422 3160 mitigavi.
1464 3087 1544 3142 Ne
1568 3102 1697 3143 vero
1725 3086 1890 3142 falsus

303 3191 563 3262 propheta
589 3189 880 3253 censearis,
922 3185 1187 3256 siquidem
1229 3197 1354 3238 vera
1382 3180 1762 3251 pronuntiasti;
1787 3179 1889 3234 nisi

303 3298 482 3338 mores
502 3289 780 3345 mutasset,
811 3294 872 3334 ea
903 3292 1152 3348 passurus
1185 3282 1322 3341 erat,
1354 3289 1474 3344 quae
1499 3272 1760 3328 sententia
1787 3273 1889 3327 mi-

305 3374 570 3436 nabatur;
617 3386 803 3427 verum
832 3370 933 3423 iste
964 3382 1141 3423 mores
1184 3365 1425 3430 mutavit,
1455 3371 1509 3418 et
1553 3365 1685 3417 iram
1716 3377 1889 3416 meam

303 3480 403 3535 ego
435 3462 687 3534 mitigavi.
730 3462 795 3516 Et
821 3461 896 3514 ait
918 3460 1058 3513 Deus
1076 3457 1141 3511 ad
1172 3455 1343 3511 Eliam
1370 3472 1384 3508 :
1412 3452 1600 3507 Vidisti
1639 3452 1898 3521 quemad-

303 3554 522 3611 modum
551 3552 833 3608 incesserit
861 3549 1077 3604 Achaab
1118 3548 1334 3617 plorans
1358 3556 1412 3600 et
1438 3544 1642 3599 tristis?
1670 3543 1786 3598 Non
1809 3543 1892 3599 fa-

302 3646 445 3701 ciam
489 3640 780 3698 secundum
830 3641 963 3695 iram
1003 3652 1200 3693 meam.
1234 3636 1390 3691 Vides
1419 3635 1630 3706 ploratu
1675 3646 1893 3705 peccata

303 3734 474 3792 deleri
494 3735 523 3788 ἲ

376 3829 434 3881 4.
490 3824 663 3880 Tertia
705 3823 1007 3895 paenitentia:
1062 3820 1143 3876 via
1191 3818 1476 3874 humilitas.
1521 3845 1593 3857 —
1620 3814 1795 3872 Habes
1842 3827 1897 3873 et

307 3919 521 3975 tertiam
563 3916 893 3988 pmnitentice
942 3915 1104 3969 viam.
1155 3912 1324 3967 Porro
1351 3909 1546 3964 multas
1571 3910 1899 3980 poenitentia:

309 4010 421 4064 vias
449 4008 582 4074 dixi,
610 4018 669 4063 ut
711 4007 1021 4063 diversitate
1071 4004 1278 4060 viarum
1320 4002 1526 4058 facilem
1555 4001 1645 4056 tibi
1674 4002 1898 4057 salutem

308 4099 552 4154 reddam.
586 4099 839 4166 Quaenam
868 4106 952 4153 est
997 4097 1208 4151 tandem
1241 4096 1356 4150 haec
1382 4093 1536 4148 tertia
1562 4091 1684 4147 via?
1713 4092 1902 4148 Humi-

311 4190 434 4246 litas
465 4209 478 4244 :
508 4190 725 4246 humilis
774 4199 915 4255 esto,
955 4196 1013 4243 et
1057 4198 1396 4258 peccatorum
1427 4185 1639 4240 vincula
1676 4185 1899 4241 solvisti.

311 4284 483 4353 Hujus
516 4298 730 4354 quoque
755 4281 1266 4337 demonstrationem
1290 4279 1510 4334 exhibet
1536 4276 1827 4348 Scriptura,
1852 4286 1907 4333 et

312 4377 475 4433 lectio
502 4375 824 4431 narrationis
848 4374 915 4428 de
944 4372 1227 4443 publicano
1253 4381 1309 4426 et
1338 4371 1613 4426 Pharisato
1641 4368 1791 4438 (Luc.
1816 4368 1902 4423 l8.

315 4470 402 4525 10.
424 4467 584 4540 sqq.).
607 4466 1003 4529 Ascendebant,
1034 4465 1221 4535 inquit,
1239 4464 1294 4518 in
1320 4464 1575 4532 templum
1601 4461 1906 4518 Pharisazus

315 4572 370 4617 et
399 4561 736 4631 publicanus,
770 4568 829 4614 ut
873 4567 1112 4625 orarent,
1140 4567 1195 4612 et
1223 4558 1386 4626 coepit
1429 4557 1734 4613 Pharismus
1779 4570 1908 4612 suas

316 4666 638 4707 enumerare
658 4651 882 4705 virtutes
922 4667 936 4703 :
983 4649 1098 4703 Non
1147 4663 1263 4702 sum
1289 4664 1411 4720 ego,
1442 4649 1633 4718 inquit,
1661 4656 1909 4719 peccator

317 4744 458 4798 sicut
480 4742 708 4796 mundus
756 4750 918 4807 totus,
949 4755 1122 4810 neque
1146 4740 1284 4795 sicut
1314 4740 1412 4795 iste
1437 4741 1774 4810 publicanus.
1808 4740 1907 4794 Mi-

317 4850 439 4891 sera
467 4843 523 4890 et
547 4834 731 4889 infelix
773 4835 955 4888 anima
987 4834 1028 4898 ³,
1055 4841 1223 4887 totum
1255 4832 1440 4888 orbem
1491 4841 1754 4888 terrarum
1780 4848 1910 4888 con-

317 4926 585 4981 demnasti
612 4944 626 4980 :
655 4941 752 4980 cur
779 4927 939 4980 etiam
984 4925 1289 4994 proximum
1323 4934 1468 4979 tuum
1499 4922 1733 4979 amixisti
1755 4924 1779 4975 ?
1805 4940 1909 4978 non

320 5017 621 5073 sufﬁciebat
641 5016 731 5071 tibi
764 5025 907 5071 totus
945 5015 1116 5083 orbis,
1162 5014 1262 5069 nisi
1314 5014 1655 5085 publicanum
1701 5030 1913 5086 quoque

321 5109 643 5165 damnares‘t
685 5122 874 5164 omnes
898 5107 998 5162 hac
1024 5109 1233 5162 ratione
1263 5107 1602 5177 vituperasti,
1644 5115 1699 5161 et
1725 5123 1794 5162 ne
1823 5108 1912 5163 uni

323 5199 541 5270 quidem
569 5200 686 5255 viro
711 5198 1015 5269 pepercisti.
1051 5197 1169 5253 Non
1215 5213 1332 5252 sum
1364 5213 1463 5267 ego
1505 5199 1642 5253 sicut
1684 5198 1914 5252 mundus

325 5299 493 5357 tutus,
523 5304 694 5360 neque
724 5289 977 5344 sicutiste
1011 5288 1353 5357 publicanus:
1383 5287 1566 5358 jejuno
1593 5287 1673 5342 bis
1694 5288 1747 5342 in
1779 5287 1913 5343 heb~

328 5380 578 5448 domada,
607 5381 840 5436 decimas
885 5395 1092 5445 eorum,
1126 5394 1243 5447 quae
1264 5378 1532 5446 possideo,
1557 5378 1624 5432 do
1666 5379 1913 5448 pauperi-

330 5471 453 5525 bus.
478 5472 809 5543 Arrogantia:
836 5471 994 5526 verba
1041 5469 1387 5540 proloquutus
1439 5478 1540 5524 cst.
1573 5469 1744 5525 Homo
1785 5469 1919 5524 infe-

329 5561 429 5624 lix,
456 5572 593 5629 esto,
640 5573 901 5618 terrarum
945 5564 1129 5618 orbem
1179 5561 1573 5629 condemnasti,
1613 5576 1710 5617 cur
1754 5562 1915 5616 etiam

330 5655 632 5727 proximum
656 5665 800 5709 tuum
825 5655 1161 5725 publicanum
1180 5652 1609 5726 reprehendisti?
1635 5670 1741 5711 non
1763 5669 1919 5712 exsa-

402 5789 420 5817 *
459 5794 583 5838 tuus
597 5795 700 5852 διε..
727 5788 868 5841 Miser
886 5795 929 5841 et
952 5786 1234 5841 insatiabilis
1250 5784 1419 5840 animo.

1424 335 1510 391 DF.
1552 325 2017 389 POENITENTIA.
2059 322 2286 381 liOMlL.
2327 323 2388 379 11.

3458 320 3569 376 990

1980 445 2188 495 turatus
2210 454 2270 494 es
2298 437 2650 494 accusatione
2679 435 2842 492 tutius
2879 435 3048 503 urbis,
3098 435 3197 490 nisi
3219 443 3288 491 et—
3315 437 3566 491 comitem

1980 539 2127 585 tuum
2173 530 2495 586 damnares?
2536 528 2673 597 Quid
2702 528 2861 598 igitur
2904 526 3412 598 publicanusﬂiec-
3446 542 3570 583 cum

1979 622 2217 677 audisset
2243 622 2335 676 ille
2361 663 2378 689 ,
2408 635 2513 675 non
2552 620 2688 675 dixit
2737 639 2751 675 :
2795 617 2874 674 Tu
2905 634 3031 674 vero
3061 617 3309 690 quisnam
3350 631 3410 674 es
3433 660 3448 685 ,
3478 619 3570 689 qui

1980 712 2112 767 mihi
2141 712 2256 767 hzce
2300 711 2532 782 obiicis?
2562 711 2703 767 unde
2750 711 2844 767 tibi
2871 713 2979 766 vita
3010 726 3128 767 mea
3155 710 3423 766 innotuit?
3465 725 3573 765 non

1978 813 2325 859 conversatus
2362 818 2421 858 es
2466 818 2699 869 mecum,
2742 818 2853 858 non
2888 802 3137 857 habitasti
3189 818 3419 867 mecum,
3464 818 3572 858 non

1980 911 2187 950 mecum
2214 904 2427 951 tetatem
2469 896 2790 966 transegisti.
2840 895 2947 951 Cur
2971 896 3106 952 adeo
3150 895 3429 966 superbis?
3454 895 3575 967 quis

1980 988 2116 1043 bona
2164 1004 2324 1058 opera
2359 998 2447 1043 tua
2499 1004 2598 1043 suo
2628 989 2939 1045 testimonio
2963 989 3342 1045 commendat?
3366 1004 3466 1045 cur
3493 997 3575 1046 te-

1982 1081 2155 1149 ipsum
2175 1079 2404 1134 laudas?
2428 1096 2524 1135 cur
2540 1080 2634 1135 tibi
2659 1081 2756 1151 ipsi
2777 1081 3076 1137 blandiris?
3101 1081 3207 1137 Sed
3235 1082 3365 1137 nihil
3381 1081 3574 1138 horum

1980 1172 2113 1226 dixit
2152 1172 2486 1241 publicanus,
2524 1189 2709 1227 verum
2748 1174 2922 1243 capite
2964 1174 3017 1228 in
3064 1183 3259 1229 terram
3309 1174 3564 1230 inclinato

1981 1264 2239 1329 adoravit,
2270 1274 2323 1319 et
2348 1266 2482 1319 dixit
2511 1284 2522 1318 :
2553 1264 2691 1320 Deus
2735 1267 2988 1337 prapitius
3018 1275 3119 1321 esto
3140 1267 3264 1321 mihi
3283 1268 3574 1338 peccaturi;

1981 1362 2036 1408 et
2063 1370 2184 1408 cum
2215 1356 2566 1411 humilitatem
2594 1371 2708 1425 prae
2734 1371 2793 1411 se
2818 1357 3048 1423 tulisset,
3073 1358 3248 1427 justus
3270 1367 3350 1412 est
3377 1357 3569 1413 factus.

1987 1443 2290 1499 Pharisams
2318 1456 2495 1500 autem
2523 1447 2718 1501 amissa
2744 1447 2945 1515 justitia
2969 1463 3036 1502 ex
3059 1448 3258 1518 tcmplu
3273 1447 3572 1513 descendit,

1982 1544 2035 1588 et
2080 1535 2390 1604 publicanus
2414 1536 2674 1606 justitiam
2723 1537 2948 1607 adeptus
2975 1538 3286 1605 descendit;
3327 1547 3383 1596 et
3407 1540 3570 1595 verba

1983 1625 2123 1681 facta
2167 1627 2430 1681 vicerunt.
2485 1626 2618 1682 Nam
2667 1628 2756 1682 ille
2783 1628 2996 1698 quidem
3022 1630 3273 1700 cperibus
3313 1631 3573 1701 justitiam

1982 1718 2188 1783 amisit;
2212 1717 2301 1774 hic
2328 1735 2455 1774 vero
2498 1720 2809 1775 humilitatis
2837 1736 3086 1779 sermone
3109 1724 3369 1793 justitiam
3395 1727 3577 1795 acqui-

1982 1810 2124 1864 sivit.
2157 1813 2486 1881 Quamquam
2517 1829 2583 1869 ne
2610 1812 2884 1869 humilitas
2915 1815 3128 1885 quidem
3156 1829 3271 1873 erat
3294 1818 3421 1873 illud
3455 1835 3470 1881 ;
3498 1819 3574 1872 si-

1983 1902 2200 1972 quidem
2225 1903 2496 1960 humilitas
2524 1904 2730 1960 esthoc
2752 1947 2768 1973 ,
2792 1920 2911 1960 cum
2942 1907 3062 1976 quis
3093 1922 3315 1979 magnus
3340 1924 3461 1964 cum
3482 1912 3574 1978 sit,

1983 1996 2217 2066 scipsum
2245 1996 2489 2053 humiliat
2516 2013 2531 2064 ;
2554 1999 2656 2054 hoc
2684 2014 2812 2054 vero
2841 1999 3103 2069 publicani
3130 1999 3326 2056 factum
3348 2017 3451 2057 non
3473 2001 3578 2057 hu-

1986 2087 2183 2143 militas
2204 2088 2318 2154 fuit,
2352 2089 2446 2144 sed
2488 2090 2684 2145 veritas
2708 2108 2723 2147 :
2750 2106 2878 2147 vera
2921 2093 3064 2147 enim
3091 2102 3244 2150 erant
3275 2095 3363 2150 illa
3391 2096 3573 2162 verba,

1985 2195 2107 2236 cum
2134 2190 2385 2252 peccator
2408 2192 2551 2238 esset
2574 2182 2683 2237 ille.

2057 2294 2111 2350 5.
2157 2293 2559 2350 Publicanorum
2598 2296 2820 2351 conditio
2858 2298 3044 2368 qualis.
3093 2329 3165 2339 —
3209 2299 3345 2368 Quid
3395 2301 3577 2368 enim,

1987 2397 2189 2453 quaeso,
2209 2385 2362 2456 pejus
2382 2386 2700 2456 publicano?
2720 2388 2771 2442 in
2799 2387 2989 2443 alienis
3005 2389 3404 2447 calamitatibus
3432 2392 3579 2448 lucra

1988 2483 2246 2542 sectatus,
2268 2476 2562 2532 alienorum
2601 2478 2840 2533 laborum
2880 2478 2940 2533 lit
2989 2481 3253 2553 particeps
3282 2499 3296 2537 :
3328 2493 3383 2538 et
3409 2484 3581 2539 mole-

1989 2565 2145 2619 stiam
2167 2566 2379 2635 quidem
2403 2582 2506 2621 non
2530 2567 2764 2636 respicit,
2796 2577 3031 2638 quaestus
3059 2582 3237 2625 autem
3271 2572 3323 2626 in
3349 2587 3576 2628 consor-

1991 2657 2120 2709 tium
2142 2657 2289 2712 venit
2317 2675 2331 2713 :
2373 2657 2552 2729 itaque
2582 2674 2849 2715 summum
2876 2670 2957 2716 est
2984 2662 3249 2731 publicani
3278 2674 3577 2734 peccatum.

1990 2746 2128 2801 Nihil
2157 2748 2354 2818 quippe
2377 2751 2518 2806 aliud
2544 2759 2625 2805 est
2646 2752 2984 2823 publicanus,
3015 2769 3174 2825 quam
3200 2757 3374 2812 audax
3404 2766 3458 2813 et
3488 2756 3584 2812 lto-

1991 2848 2142 2894 nesta
2171 2841 2411 2910 quaedam
2457 2843 2707 2897 violentia
2732 2886 2748 2911 ,
2780 2856 3056 2914 peceatum
3087 2847 3205 2918 lege
3242 2862 3582 2918 concessum,

1990 2934 2231 3001 speciosa
2257 2933 2499 3004 qumdam
2531 2935 2736 3005 rapina.
2767 2935 2900 3005 Quid
2932 2938 3073 2992 enim
3102 2939 3385 3009 publicano
3409 2942 3584 3012 pejus,

1991 3025 2083 3095 qui
2120 3025 2271 3095 juxta
2318 3026 2458 3081 viam
2499 3027 2686 3094 sedet,
2733 3039 2789 3084 et
2838 3031 3134 3088 alienorum
3175 3033 3404 3091 fructus.
3434 3036 3585 3093 labo-

1991 3130 2110 3169 rum
2161 3116 2335 3185 metit,
2375 3126 2432 3173 et
2478 3134 2598 3173 eum
2638 3120 2847 3177 labores
2886 3124 3100 3194 quidem
3143 3125 3403 3182 subeundi
3439 3137 3586 3195 sunt,

1995 3206 2124 3260 nihil
2151 3217 2322 3275 curat,
2347 3223 2468 3264 cum
2489 3225 2619 3266 vero
2645 3212 2848 3268 lucrum
2874 3215 3111 3281 obvenit,
3144 3217 3196 3272 in
3227 3219 3589 3287 participatio-

1995 3314 2117 3353 nem
2139 3301 2285 3355 venit
2308 3316 2518 3370 eorum,
2550 3303 2819 3373 inquibus
2844 3307 3064 3363 minime
3089 3308 3381 3366 laboravit?
3399 3309 3592 3380 itaque

1995 3390 2039 3445 si
2069 3406 2188 3445 cum
2212 3400 2460 3462 peccator
2488 3403 2631 3449 esset
2652 3396 3006 3465 publicanus,
3028 3407 3229 3456 tantum
3260 3399 3482 3471 adeptus
3508 3414 3593 3457 est

1994 3480 2194 3536 donum
2218 3521 2236 3550 ,
2264 3499 2385 3538 cum
2415 3484 2768 3542 humilitatem
2797 3487 3131 3544 exhibuisset
3155 3506 3169 3545 :
3196 3500 3396 3562 quanto
3425 3492 3593 3562 magis

1996 3573 2085 3643 qui
2137 3575 2333 3631 virtute
2382 3576 2632 3645 prmditus
2672 3578 2761 3645 sit,
2787 3588 2842 3634 et
2898 3579 3250 3643 humilitatem
3305 3582 3594 3639 exhibeat?

1998 3664 2139 3735 Ergo
2159 3665 2205 3719 si
2234 3676 2450 3736 peccata
2491 3677 2577 3722 tua
2608 3670 3019 3737 confitearis,.et
3041 3671 3252 3728 humilis
3280 3674 3377 3741 sis,
3420 3674 3596 3745 justus

1999 3756 2202 3810 evadis.
2246 3757 2397 3813 Scire
2441 3760 2591 3829 cupis
2631 3760 2749 3830 quis
2787 3777 2912 3816 vere
2951 3761 3019 3817 sit
3071 3763 3330 3825 humilis?
3372 3765 3595 3821 Paulum

2002 3851 2208 3920 respice
2234 3849 2325 3921 qui
2353 3866 2476 3905 vere
2504 3852 2721 3909 humilis
2757 3863 2871 3910 erat
2899 3896 2915 3920 ,
2947 3854 3165 3910 Paulum
3209 3856 3481 3911 doctorem
3503 3872 3595 3913 or-

2002 3940 2086 3996 bis
2131 3941 2769 4020 terrarum,spiritualem
2837 3951 3141 4011 oratorem,
3171 3963 3269 4004 vas
3290 3947 3598 4009 electionis.

2007 4048 2219 4106 portum
2244 4037 2606 4107 tranquillum,
2634 4036 3236 4105 turriminconcussam,
3266 4038 3357 4109 qui
3387 4039 3597 4096 modico

2007 4144 2130 4184 cum
2152 4137 2292 4184 esset
2329 4144 2572 4199 corpore,
2618 4137 2786 4187 totum
2822 4129 3009 4185 orbem
3041 4140 3302 4185 terrarum
3332 4132 3596 4200 circuivit,

2007 4230 2061 4275 et
2086 4221 2236 4290 quasi
2270 4221 2443 4276 alatus
2468 4230 2609 4277 esset
2639 4221 2787 4277 illum
2808 4221 3088 4292 percurrit.
3121 4220 3293 4277 Cerne
3317 4222 3468 4276 illum
3494 4221 3599 4279 hu-

2008 4312 2203 4368 militer
2218 4327 2281 4368 ac
2308 4312 2548 4368 modeste
2572 4312 2892 4368 sentientem
2910 4312 2977 4367 de
3005 4328 3084 4381 se,
3108 4314 3322 4368 idiotam
3343 4325 3397 4369 et
3422 4313 3600 4385 philo-

2013 4408 2259 4476 sophum,
2302 4421 2526 4476 egenum
2543 4407 2843 4461 etdivitem.
2876 4405 3025 4461 Illum
3043 4422 3171 4463 vere
3188 4407 3440 4462 humilem
3458 4406 3597 4474 dico,

2011 4502 2097 4571 qui
2116 4501 2327 4555 labores
2343 4501 2655 4555 innumeros
2675 4501 2986 4566 exantlarat,
3005 4502 3095 4571 qui
3132 4500 3276 4556 mille
3294 4510 3490 4570 tropica
3507 4501 3603 4557 ad-

2012 4606 2199 4646 versus
2212 4591 2480 4647 diabolum
2493 4599 2756 4653 erexerat.
2776 4593 2873 4663 qui
2899 4592 3243 4661 praedicabat,
3270 4607 3333 4648 ac
3351 4592 3561 4648 dicebat
3584 4610 3600 4650 :

2014 4680 2190 4736 Gratia
2215 4681 2327 4752 ejus
2348 4681 2401 4734 in
2427 4697 2506 4734 me
2525 4697 2681 4735 uacua
2702 4698 2801 4736 non
2828 4682 2947 4753 fuit,
2970 4681 3060 4737 sed
3079 4681 3437 4752 plusontnibus
3458 4681 3601 4736 labo-

2013 4772 2122 4827 ravi
2143 4771 2216 4842 (I.
2241 4769 2358 4829 Cor.
2384 4771 2472 4827 i5.
2499 4771 2588 4842 l0)
2611 4773 2731 4843 :qui
2756 4787 2998 4827 carceres
3018 4772 3287 4840 sustinuit,
3315 4783 3368 4827 et
3398 4772 3600 4844 plagas,

2014 4871 2069 4918 et
2093 4863 2334 4926 verbera,
2356 4861 2444 4932 qui
2475 4861 2660 4917 orbem
2693 4871 2951 4918 terrarum
2990 4864 3229 4933 epistolis
3250 4872 3472 4919 venatus
3498 4875 3602 4927 est,

2016 4956 2106 5027 qui
2144 4956 2343 5010 caelesti
2395 4968 2526 5010 voce
2548 4964 2768 5010 vocatus
2789 4964 2892 5020 est,
2924 4954 3013 5010 ille
3047 4954 3260 5009 humilis
3309 4962 3443 5020 erat,
3482 4969 3603 5008 cum

2017 5053 2219 5109 diceret
2249 5071 2262 5107 :
2292 5045 2402 5122 Ego
2427 5066 2539 5107 sum
2565 5048 2799 5102 minimus
2833 5044 3206 5118 apostolorum,
3239 5047 3323 5117 qui
3348 5062 3450 5099 non
3489 5061 3602 5099 sum

2018 5147 2200 5217 dignus
2236 5146 2403 5200 voeari
2437 5143 2696 5216 apostolus
2734 5140 2791 5212 (l
2832 5141 2949 5195 Cor.
3000 5141 3087 5196 15.
3119 5138 3204 5211 9).
3250 5136 3406 5193 Vides
3428 5137 3607 5192 humi-

2019 5237 2184 5292 litatis
2208 5234 2659 5307 magnitudinem?
2685 5232 2834 5289 vides
2876 5232 3145 5286 humiliter
3182 5229 3498 5285 sentientem
3535 5226 3604 5282 de

2019 5346 2079 5386 se
2122 5331 2372 5397 Paulum,
2401 5329 2486 5399 qui
2527 5327 2759 5398 scipsum
2787 5325 3062 5380 minimum
3109 5320 3431 5392 vocet?Ego
3474 5322 3608 5375 enim

2021 5440 2135 5478 sum
2166 5465 2177 5487 ,
2206 5422 2414 5492 inquit,
2437 5421 2680 5474 minimus
2720 5418 3084 5487 apostolorum,
3115 5415 3200 5484 qui
3241 5429 3340 5467 non
3371 5429 3485 5468 sunt
3529 5412 3611 5466 tli-

2022 5534 2152 5588 gnus
2188 5514 2355 5570 uocari
2398 5510 2673 5582 apostolus.
2724 5510 2836 5565 Hoc
2881 5509 3023 5565 enim
3057 5522 3182 5561 vere
3216 5505 3482 5561 humilitas
3505 5515 3606 5574 est,

2024 5610 2076 5663 in
2102 5609 2348 5664 omnibus
2380 5606 2616 5673 scipsum
2645 5603 2876 5673 abjicere
2896 5643 2910 5668 ,
2937 5615 3000 5655 ac
3025 5614 3084 5656 se
3110 5600 3387 5655 minimum
3430 5597 3612 5668 appel-

2024 5700 2154 5755 lare.
2184 5696 2368 5768 Cogita
2396 5697 2638 5767 quisnam
2670 5700 2811 5748 esset
2835 5692 2901 5760 is,
2928 5692 3016 5762 qui
3045 5690 3160 5745 lucc
3189 5690 3350 5746 verba
3376 5688 3612 5761 profere-

2031 5794 2120 5850 bat
2152 5811 2164 5845 :
2194 5792 2386 5847 Paulus
2413 5789 2663 5844 cwlorum
2709 5785 2860 5856 civis,
2894 5784 2985 5855 qui
3012 5799 3234 5856 corpore
3264 5794 3381 5843 erat
3407 5793 3614 5840 utemu-
