3894 6226
342 323 439 380 9.91

345 463 448 521 que
495 443 888 511 circumdatus,
926 441 1283 497 Ecclesiarum
1328 432 1604 502 columna,
1649 438 1916 494 terrestris

339 539 558 610 angelus
578 582 593 602 ,
622 538 781 592 homo
821 536 1066 591 cmlcstis.
1097 533 1301 588 Etenim
1333 531 1491 600 hujus
1535 529 1632 584 viri
1668 530 1924 586 mentioni

339 631 571 686 libenter
598 630 872 690 immoror,
908 626 1033 681 dmn
1078 624 1285 678 virtutis
1322 622 1438 693 ejus
1477 621 1923 694 pulchritudinem

338 734 544 793 specto.
573 720 686 776 Non
718 721 787 775 ita
827 719 905 773 sol
932 718 1181 772 exoriens
1221 726 1276 771 et
1324 716 1633 783 Splendiilos
1675 715 1926 770 amittens

337 814 518 870 radios
544 814 726 867 oculos
756 826 902 866 meos
927 809 1208 872 exhilarat,
1238 819 1296 863 ut
1322 809 1471 861 Pauli
1501 807 1665 861 virtus
1691 815 1923 860 mentem

337 923 512 963 meam
546 907 829 960 illuminat.
867 902 998 959 Nam
1027 902 1109 957 sol
1137 901 1351 972 quidem
1382 901 1612 954 illustrat
1640 898 1847 962 oculos,
1871 906 1925 950 at

342 998 536 1053 Paulus
573 996 638 1051 ad
687 997 830 1066 ipsos
862 995 1094 1050 fornices
1131 994 1386 1048 cit-lorum
1442 1007 1537 1044 nos
1565 989 1741 1046 evehit
1769 1008 1783 1043 :
1812 990 1927 1043 ani-

338 1105 477 1142 mam
495 1089 636 1143 enim
659 1087 1021 1142 sublimiorem
1038 1085 1173 1149 sole,
1198 1100 1261 1137 ac
1282 1085 1402 1137 luna
1432 1082 1920 1137 redditeelsiorem.

338 1178 481 1233 Talis
509 1180 704 1248 quippe
732 1178 944 1231 virtutis
973 1186 1054 1231 est
1078 1175 1335 1245 potentia,
1363 1181 1419 1226 ut
1446 1171 1714 1226 hominem
1747 1171 1798 1226 in
1830 1186 1925 1224 an-

337 1271 513 1342 gelum
540 1278 838 1335 convertat,
879 1268 1176 1337 elliciatque
1224 1276 1279 1320 ut
1327 1265 1503 1319 anima
1546 1265 1690 1317 velut
1738 1260 1927 1332 pennis

337 1363 558 1429 prmdita
598 1362 650 1416 in
686 1361 874 1416 cadum
904 1359 1085 1415 tendat
1119 1376 1132 1411 :
1177 1358 1313 1410 hanc
1344 1355 1591 1410 virtutem
1641 1368 1740 1407 nos
1771 1354 1928 1407 docet

338 1454 537 1508 Paulus
580 1471 594 1508 :
636 1452 794 1520 hujus
829 1449 1042 1504 virtutis
1095 1448 1391 1501 imitatores
1433 1445 1543 1498 lieri
1594 1442 1924 1498 Studeamus.

341 1545 447 1600 Sed
486 1560 590 1598 non
620 1552 832 1613 oportet
858 1558 955 1596 nos
982 1556 1011 1594 a
1041 1540 1315 1609 proposito
1346 1536 1549 1607 digredi
1579 1543 1917 1604 argumento.

336 1637 434 1691 llic
459 1637 602 1690 enim
621 1649 814 1706 scopus
840 1632 1097 1688 orationis
1118 1642 1315 1686 nostra:
1341 1629 1461 1693 fuit,
1488 1638 1545 1683 ut
1567 1628 1777 1682 tertiam
1805 1641 1925 1696 pte-

335 1782 1634 1808 _____________________.____.____.

1043 326 1096 383 S.
1133 324 1412 382 JOANNIS
1448 320 1919 379 CHRYSOSTOMI
1955 322 2275 383 ARCHIEP.
2314 326 2850 388 CONSTANTINUP.

3504 337 3620 391 29?.

2028 441 2265 497 nitenti-e
2309 446 2446 499 viam
2485 462 2604 502 esse
2649 449 2995 505 humilitatem
3038 452 3466 521 ostenderemus,
3515 474 3620 526 pu-

2032 534 2299 591 blicanum
2322 553 2427 592 non
2456 541 2688 608 seipsum
2718 541 2852 596 ultra
2882 542 3098 597 modum
3137 543 3488 614 depressisse,
3518 551 3619 603 sed

2028 630 2308 685 veritatem
2332 646 2452 687 esse
2471 632 2796 701 confessum,
2814 649 2935 690 cum
2961 653 3053 691 sua
3084 650 3297 707 peccata
3315 640 3618 711 detegeret,

2031 738 2094 777 ac
2111 724 2313 792 justum
2336 740 2459 781 esse
2472 726 2689 793 factum,
2718 745 2821 782 non
2840 744 2959 783 cum
2979 731 3231 799 pecunias
3257 744 3619 799 numerasset,

2031 832 2137 870 non
2180 832 2301 873 cum
2347 821 2513 874 maria
2546 836 2796 877 emensus
2831 833 2995 891 esset,
3023 841 3197 894 neque
3223 841 3344 880 cum
3390 829 3619 882 multum

2034 909 2136 965 iter
2162 910 2385 978 pedibus
2407 911 2746 980 confecisset,
2772 932 2942 986 neque
2966 934 3086 972 cum
3116 919 3376 975 immensa
3397 937 3619 990 mqunra

2032 1015 2388 1072 peragrasset,
2416 1022 2592 1075 neque
2618 1023 2739 1061 cum
2762 1010 2962 1064 amicos
2989 1020 3257 1080 rogasset,
3290 1028 3466 1082 neque
3494 1028 3620 1069 cum

2032 1094 2253 1149 multum
2304 1100 2559 1166 temporis
2601 1098 2967 1168 impendisset,
3013 1102 3105 1156 sed
3137 1101 3450 1158 humilitatis
3492 1120 3622 1159 eum

2032 1204 2193 1258 opera
2229 1190 2328 1246 sibi
2353 1190 2612 1261 justitiam
2660 1207 3020 1262 comparasse,
3069 1210 3133 1249 ac
3175 1211 3337 1266 regno
3360 1198 3621 1253 ca-lorum

2032 1295 2153 1335 esse
2181 1281 2481 1336 donatum:
2527 1283 2679 1353 cujus
2714 1299 2815 1339 nos
2860 1299 3047 1341 omnes
3093 1287 3294 1341 utinam
3340 1299 3625 1358 compotes

2035 1374 2149 1428 fieri
2181 1376 2472 1445 contingat,
2516 1378 2687 1446 gratia
2713 1385 2768 1431 et
2797 1377 3160 1432 misericordia
3201 1378 3409 1433 Domini
3451 1380 3624 1434 nostri

2034 1465 2161 1522 Jesu
2191 1465 2408 1533 Christi,
2431 1467 2513 1522 cui
2548 1468 2717 1539 gratia
2742 1476 2797 1524 et
2825 1468 3109 1538 imperium
3152 1469 3203 1524 in
3232 1472 3426 1526 sarcula
3449 1487 3627 1527 smcu-

2031 1557 2226 1612 lorun't.
2255 1560 2442 1613 Amen.

1481 1868 2025 1953 EJUSDEM
2065 1867 2509 1953 ORATIO

1189 2075 1271 2119 ne
1315 2070 1757 2125 ELEEMOSYNA,
1803 2069 1883 2111 ET
1924 2069 1990 2112 ιη
2033 2069 2247 2115 DECEM
2291 2070 2586 2115 vmemes
2633 2052 2740 2132 (a).

1661 2191 2292 2247 «om

962 2370 1179 2411 ιιοιιιιιΑ
1215 2368 1293 2407 ιιι.

415 2457 467 2510 1.
498 2452 578 2507 De
606 2450 814 2505 humilia
850 2446 1155 2515 praecedenti
1193 2445 1433 2516 loquitur.
1474 2471 1546 2482 -—
1588 2443 1670 2495 An
1706 2439 1925 2495 novistis

338 2545 481 2600 unde
504 2544 654 2598 nobis
678 2556 845 2611 nuper
872 2553 1050 2594 sermo
1079 2538 1383 2605 inceperat,
1414 2541 1506 2587 aut
1529 2546 1635 2599 quo
1659 2531 1924 2595 desierat,

339 2645 431 2690 aut
464 2650 529 2690 ex
561 2647 666 2702 quo
694 2638 1036 2701 argumento,
1068 2626 1121 2680 iu
1150 2624 1292 2695 quod
1320 2624 1588 2678 desierant
1613 2623 1804 2692 prioris
1830 2621 1928 2675 bo-

340 2726 503 2783 milia:
528 2723 728 2779 verba?
756 2720 861 2777 Sed
904 2735 999 2774 vos
1028 2716 1224 2771 oblitos
1268 2714 1518 2771 existimo
1543 2754 1556 2776 ,
1603 2728 1709 2783 quo
1739 2712 1857 2766 loco
1897 2726 1927 2764 a

343 2817 499 2874 nobis
520 2816 609 2872 ille
634 2829 812 2870 sermo
842 2812 1022 2867 finitus
1051 2809 1148 2874 sit;
1180 2823 1279 2878 ego
1305 2820 1437 2862 vero
1465 2806 1606 2870 novi,
1632 2821 1807 2874 neque
1834 2820 1931 2860 vos

340 2924 536 2966 accuso
563 2918 655 2962 aut
681 2905 963 2974 redarguo.
993 2901 1227 2969 Quisque
1252 2897 1395 2954 enim
1436 2906 1670 2952 vestrum
1711 2910 1930 2950 uxorem

344 3000 550 3055 habens
603 2996 840 3068 parvulis
886 2992 1100 3056 studet,
1151 3001 1205 3046 et
1254 3004 1372 3061 qua:
1417 2987 1563 3043 domi
1615 2995 1741 3042 sunt
1784 2995 1936 3042 curat

345 3092 522 3147 omnia
550 3109 563 3148 :
593 3089 684 3143 alii
710 3087 951 3142 militiam
978 3094 1250 3140 sectantur
1271 3123 1286 3148 ,
1310 3081 1398 3137 alii
1428 3080 1657 3136 artifices
1685 3088 1842 3146 sunt,
1870 3093 1935 3135 ac

345 3193 582 3240 vestrum
614 3183 837 3251 quisque
865 3178 1089 3234 diversis
1115 3175 1329 3231 insudat
1367 3175 1640 3246 operibus.
1658 3173 1778 3255 Nos
1806 3188 1936 3228 vero

346 3277 401 3333 in
442 3276 524 3331 his
554 3288 859 3339 versamur,
892 3269 944 3325 in
987 3269 1068 3323 his
1096 3268 1391 3338 cogitamus
1410 3309 1426 3333 ,
1449 3274 1606 3336 atque
1632 3266 1688 3321 in
1727 3264 1809 3319 his
1835 3279 1935 3318 no-

346 3374 516 3422 strum
569 3363 787 3419 terimus
823 3370 1051 3431 tempus.
1082 3358 1262 3429 Itaque
1305 3372 1364 3413 ea
1410 3359 1461 3411 in
1507 3373 1565 3411 re
1605 3355 1744 3409 haud
1780 3369 1938 3409 accu-

348 3459 499 3515 sandi
534 3458 696 3524 estis,
725 3455 892 3526 magis
936 3469 1031 3524 pro
1077 3451 1253 3509 studio
1295 3448 1578 3516 laudandi,
1624 3447 1765 3518 quod
1795 3448 1938 3502 nulla

349 3567 450 3607 nos
474 3550 781 3619 relinquatis
815 3546 1083 3602 Dominica
1123 3545 1242 3611 die,
1272 3544 1364 3598 sed
1395 3542 1641 3596 omnibus
1681 3541 1939 3611 neglectis

353 3642 418 3697 ad
435 3641 711 3697 ecclesiam
741 3638 985 3694 veniatis.
1005 3638 1054 3691 ls
1082 3637 1222 3690 enim
1254 3636 1466 3689 laudum
1487 3645 1569 3707 est
1596 3636 1841 3689 cumulus
1865 3633 1941 3687 ci-

351 3732 500 3789 vitati
525 3741 722 3787 nostra:
741 3773 756 3796 ,
788 3746 894 3786 non
922 3728 1202 3783 tumultum
1231 3737 1283 3782 et
1312 3727 1589 3792 suburbia,
1623 3742 1726 3779 non
1753 3726 1940 3779 demes

352 3827 621 3884 deauratis
660 3825 921 3889 trabibus,
949 3830 1005 3879 et
1035 3821 1281 3886 triclinia,
1312 3819 1406 3874 sed
1434 3819 1741 3887 diligentem
1775 3832 1941 3886 popu-

350 3920 461 3974 lum
508 3917 704 3972 habere
742 3924 898 3986 atque
924 3914 1230 3969 excitatum.
1255 3910 1438 3980 Neque
1477 3909 1619 3963 enim
1646 3922 1711 3961 ex
1741 3905 1945 3961 frondi-

353 4010 509 4066 dibns
535 4023 847 4080 generosam
876 4007 1120 4062 arborem
1142 4045 1157 4069 ,
1189 4002 1281 4057 sed
1307 4018 1373 4056 ex
1413 4000 1670 4055 fructibus
1698 3997 1943 4069 agnosci-

354 4117 492 4158 mus.
521 4101 722 4157 ldcirco
763 4100 906 4155 enim
950 4097 1114 4153 mutis
1143 4093 1458 4148 animalibus
1490 4092 1693 4162 prwlati
1721 4105 1939 4155 sumus,

352 4194 494 4266 quod
522 4208 823 4249 sermonem
854 4189 1165 4253 habeamus,
1193 4200 1441 4241 sermone
1468 4194 1651 4238 mutuo
1682 4184 1947 4253 colloqua-

351 4302 494 4349 mnr,
527 4298 828 4338 sermonem
857 4293 1116 4335 amemus.
1152 4278 1323 4331 llomo
1352 4276 1494 4331 enim
1519 4277 1611 4346 qui
1636 4291 1665 4328 a
1697 4289 1944 4331 sermone

353 4376 638 4437 abhorret,
675 4371 930 4442 iumentis
980 4380 1062 4425 est
1111 4370 1285 4424 minus
1329 4368 1629 4431 rationalis,
1662 4382 1767 4421 non
1816 4366 1944 4420 satis

354 4468 529 4521 sciens
555 4466 706 4530 cujus
733 4464 901 4534 gratia
948 4462 1273 4524 honoratur,
1305 4468 1463 4530 atque
1506 4458 1645 4513 unde
1684 4457 1940 4511 honorem

353 4556 577 4626 accepit.
608 4556 786 4624 Quare
814 4555 951 4610 bene
978 4552 1257 4623 prepheta,
1286 4550 1489 4617 Homo,
1521 4551 1723 4620 inquit,
1753 4565 1864 4602 eum
1890 4549 1944 4603 in

355 4648 544 4704 honore
579 4657 739 4715 esset,
769 4663 870 4701 non
909 4644 1194 4710 intellexit,
1228 4651 1548 4712 comparatus
1591 4650 1664 4696 est
1696 4641 1944 4712 jumeutis

354 4738 702 4810 insipientibus
720 4780 736 4805 ,
764 4747 810 4791 et
835 4736 1014 4791 similis
1043 4737 1207 4806 factus
1233 4744 1304 4788 est
1347 4733 1450 4787 illis
1475 4731 1494 4805 (
1511 4731 1657 4787 Psal.
1686 4732 1776 4787 48.
1805 4733 1869 4790 15
1894 4731 1937 4804 ).

356 4831 461 4893 En,
492 4830 673 4896 homo,
704 4830 788 4885 cui
819 4829 1089 4899 preprium
1117 4826 1282 4897 loqui,
1307 4841 1608 4881 sermonem
1637 4841 1745 4880 non
1770 4839 1940 4890 amas,

353 4931 404 4979 et
435 4937 664 4994 quanam
696 4921 1017 4992 indulgentia
1058 4919 1405 4990 dignaberis?
1433 4918 1612 4985 Itaque
1656 4917 1786 4972 mihi
1832 4932 1942 4986 prce

355 5014 604 5070 omnibus
634 5012 803 5083 magis
846 5011 1134 5068 necessarii
1169 5012 1298 5066 estis
1344 5019 1602 5080 quotquot
1640 5009 1706 5063 ad
1734 5010 1942 5063 virtutis

354 5120 659 5162 sermonem
685 5104 1046 5168 advolavistis,
1075 5113 1129 5158 et
1154 5102 1333 5156 omnia
1363 5101 1543 5156 divino
1566 5104 1732 5155 verbo
1757 5110 1939 5170 poste-

356 5201 498 5255 riora
528 5199 777 5255 duxistis.
819 5198 931 5267 Age
958 5212 1085 5267 erge
1136 5211 1234 5251 nos
1268 5194 1489 5265 quoque
1522 5208 1633 5248 rem
1664 5193 1941 5263 aggredia-

355 5309 510 5358 mur,
538 5302 697 5363 atque
724 5290 788 5345 iis
807 5332 823 5356 ,
853 5304 970 5360 quae
1001 5303 1169 5357 nuper
1194 5287 1423 5342 diximus
1445 5327 1460 5352 ,
1492 5285 1766 5354 sequentia
1809 5299 1942 5338 cen-

355 5395 651 5442 nectamns.
683 5386 863 5441 Debeo
888 5383 1030 5441 enim
1056 5381 1206 5438 vobis
1226 5421 1243 5448 ,
1275 5390 1435 5452 atque
1475 5380 1592 5450 ipse
1638 5379 1763 5433 laeto
1791 5378 1943 5433 vobis

419 5520 494 5582 (a)
523 5518 701 5569 Collata
727 5523 974 5585 _cum_tg_ss.
1018 5515 1178 5585 negiis
1198 5514 1369 5585 ’20271
1393 5520 1446 5563 et
1463 5511 1620 5585 ξω,
1644 5512 1727 5585 qui
1748 5510 1942 5562 mendis

355 5574 530 5632 scatet.
555 5588 708 5641 Atque
725 5581 792 5629 ita
830 5577 995 5641 diﬁfert
1009 5578 1073 5641 ab
1087 5574 1319 5641 ἷξόὶιὶοηθΔ
1333 5574 1532 5641 Morelli,
1552 5583 1607 5624 ut
1628 5574 1720 5624 alia
1744 5585 1942 5636 prorsus

356 5642 516 5694 Series
557 5636 794 5689 videatur.
831 5639 1026 5690 Multum
1063 5640 1184 5688 item
1220 5636 1592 5698 variat_:-‘avilius
1615 5647 1764 5698 aqua:
1787 5647 1945 5698 magis

358 5702 634 5754 necessaria
654 5702 942 5751 videbantur
963 5702 1250 5750 notavimus.
1275 5696 1413 5748 Savil.
1437 5700 1511 5747 sic
1539 5695 1731 5749 titulum
1754 5695 1899 5749 elfer‘t
1922 5708 1935 5749 :

362 5771 429 5815 De
444 5760 720 5826 mittentia
739 5769 783 5813 et
800 5761 859 5813 de
874 5760 1170 5823 rlecmosyna
1193 5760 1387 5812 Itmnilia
1402 5764 1561 5813 sexta.

2029 2348 2211 2402 animo
2237 2347 2474 2404 debitum
2516 2351 2762 2418 persolvo
2789 2369 2802 2403 :
2838 2367 2941 2406 non
2972 2354 3113 2407 enim
3145 2352 3196 2408 id
3233 2355 3358 2410 mihi
3389 2357 3632 2427 inopiam

2032 2438 2205 2503 affert,
2236 2438 2332 2495 sed
2357 2439 2568 2495 divitias
2604 2442 2823 2511 colligit.
2849 2442 2904 2498 ln
2933 2444 3169 2499 externis
3195 2447 3421 2516 negotiis
3447 2463 3476 2501 a
3504 2464 3633 2503 cre-

2030 2529 2291 2586 ditoribus
2318 2531 2587 2589 debitores
2615 2533 2821 2605 fugiunt
2843 2577 2859 2602 ,
2883 2551 2987 2604 quo
3026 2537 3200 2591 minus
3230 2539 3489 2606 reddant;
3522 2559 3633 2613 ego

2031 2637 2159 2676 vero
2213 2638 2524 2695 persequor,
2556 2636 2612 2681 ut
2651 2628 2907 2682 reddam:
2938 2637 2992 2684 et
3016 2630 3206 2686 merito
3230 2632 3465 2702 quidem.
3489 2634 3629 2691 Nam

2032 2714 2230 2768 exteris
2257 2714 2309 2769 in
2339 2716 2500 2772 rebus
2541 2719 2810 2775 restitutio
2853 2721 3084 2790 inopiam
3118 2725 3292 2792 parit;
3339 2725 3448 2796 ipsa
3493 2743 3630 2783 vero

2033 2808 2297 2862 sermonis
2319 2809 2646 2880 dispensatio
2672 2813 2837 2883 gignit
2878 2813 3106 2870 divitias.
3140 2817 3376 2888 Exempli
3415 2835 3573 2875 causa
3610 2839 3628 2876 :

2035 2897 2205 2954 debeo
2224 2900 2432 2955 cuidam
2454 2906 2729 2970 pecuniam
2756 2922 2771 2959 :
2795 2905 2838 2959 si
2861 2908 3188 2975 persolvere,
3211 2909 3389 2979 nequit
3407 2921 3459 2964 et
3482 2910 3633 2981 apud

2037 2988 2185 3043 illum
2211 3004 2330 3045 esse
2357 3003 2516 3062 atque
2548 2994 2708 3048 etiam
2732 2995 2872 3066 apud
2900 3013 3014 3062 me,
3046 2997 3139 3053 sed
3168 3013 3198 3051 a
3223 3015 3309 3055 me
3335 3001 3588 3056 deﬁcit-ns
3605 3043 3630 3070 ,

2037 3079 2112 3133 illi
2141 3079 2404 3147 adhaesit;
2436 3097 2736 3138 sermonem
2763 3100 2893 3140 vero
2917 3087 2960 3140 si
2984 3088 3308 3157 persolvere,
3334 3099 3388 3145 et
3413 3107 3633 3148 mecum

2034 3182 2304 3242 est.atque
2323 3188 2417 3228 vos
2443 3189 2631 3230 omnes
2658 3176 2901 3232 habetis:
2927 3176 2970 3233 si
3009 3194 3310 3236 sermonem
3336 3184 3631 3252 retinuere,

2039 3275 2212 3330 neque
2257 3266 2756 3331 communicavero,
2792 3275 2916 3321 tunc
2956 3268 3110 3339 inops
3157 3284 3312 3325 sum:
3344 3273 3388 3327 si
3418 3275 3632 3342 persol-

2039 3367 2188 3418 vere,
2219 3360 2343 3407 tunc
2371 3353 2530 3409 ditior
2561 3355 2716 3422 liam;
2746 3359 2788 3412 si
2826 3373 2928 3413 non
2961 3360 3270 3429 persolvere
3294 3375 3628 3430 sermonem,

2041 3444 2187 3497 solus
2216 3445 2329 3512 ipse
2356 3444 2561 3500 ditesco
2590 3465 2604 3502 :
2637 3449 2682 3502 si
2715 3450 3021 3519 persolvere
3041 3493 3057 3519 ,
3087 3468 3208 3507 cum
3252 3455 3495 3510 omnibus
3524 3471 3629 3511 vo-

2042 3533 2123 3587 bis
2150 3532 2377 3589 fructum
2409 3537 2606 3592 refero.

2114 3625 2296 3680 Multae
2323 3630 2416 3682 viae
2442 3631 2760 3698 pwniteutite.
2793 3632 3044 3704 Exempla
3070 3632 3510 3706 praponuntur.—
3532 3638 3633 3696 Eia

2042 3731 2168 3787 ergo
2194 3718 2428 3775 debitum
2469 3721 2774 3778 reddamus.
2799 3724 3061 3790 Quidnam
3103 3726 3155 3780 id
3191 3739 3276 3782 est
3299 3729 3323 3782 ἲ
3350 3730 3422 3783 De
3450 3730 3632 3798 penni-

2043 3808 2207 3862 tentia
2251 3824 2552 3866 sermonem
2585 3813 2907 3869 instituimus
2948 3831 3116 3885 nuper
3141 3832 3205 3872 ac
3230 3817 3460 3873 dixinius
3485 3823 3632 3890 quod

2043 3899 2222 3953 multa:
2253 3902 2517 3971 variaeque
2551 3914 2674 3957 sunt
2702 3906 3030 3972 paenitentia:
3063 3907 3194 3972 viae,
3228 3910 3420 3978 quibus
3462 3910 3637 3967 facilis

2043 3990 2199 4045 nobis
2242 3994 2386 4046 salus
2426 3994 2535 4048 ﬂat.
2569 3994 2701 4048 Nam
2741 3997 2786 4049 si
2824 4012 2985 4052 unam
3027 3999 3180 4054 nobis
3206 4000 3440 4055 dedisset
3489 4002 3634 4060 Deus

2045 4082 2183 4135 viam
2210 4084 2550 4151 pmuitentim,
2568 4086 2959 4154 'repulissemus
2978 4103 3095 4144 eam
3122 4090 3323 4160 utique,
3348 4091 3584 4147 dicentes
3611 4113 3630 4149 :

2045 4172 2334 4244 Nequimus
2394 4175 2532 4229 hanc
2580 4178 2822 4246 ingredi,
2882 4181 3074 4236 salvari
3128 4184 3427 4252 nequimus.
3482 4185 3637 4241 Nune

2047 4268 2214 4336 ipsam
2260 4266 2398 4321 hanc
2439 4276 2579 4321 tuam
2609 4280 2887 4340 amputans
2915 4272 3270 4343 objectionem
3290 4315 3304 4338 ,
3338 4290 3441 4330 non
3471 4293 3632 4332 unam

2046 4360 2137 4413 tibi
2163 4400 2179 4427 ,
2208 4377 2380 4431 neque
2407 4363 2696 4418 secundam
2720 4404 2735 4429 ,
2766 4381 2939 4437 neque
2969 4368 3175 4421 tertiam
3197 4410 3213 4434 ,
3237 4368 3331 4424 sed
3361 4369 3540 4439 plures
3568 4385 3637 4426 ac

2044 4449 2287 4506 diversas
2315 4451 2466 4507 dedit
2486 4494 2498 4514 ,
2528 4469 2636 4524 quo
2662 4456 2997 4511 multitudine
3024 4458 3114 4512 tibi
3144 4458 3210 4512 ad
3235 4460 3422 4515 cadum
3461 4459 3636 4517 facilis

2045 4557 2300 4599 ascensus
2328 4546 2436 4598 fiat.
2468 4545 2534 4600 Et
2560 4546 2868 4603 dicebamus
2892 4547 3096 4603 facilem
3123 4551 3507 4619 peanitentiam,
3537 4567 3636 4608 ne-

2044 4652 2150 4705 que
2189 4653 2326 4693 onus
2369 4638 2423 4693 in
2452 4654 2517 4694 ea
2542 4654 2683 4695 esse.
2712 4639 2970 4696 Peccator
2990 4657 3052 4697 es
3077 4642 3101 4693 ’ἐ
3137 4642 3415 4699 ecclesiam
3454 4644 3634 4714 ingre-

2043 4726 2173 4783 dere
2200 4745 2214 4781 :
2242 4728 2345 4795 dic,
2376 4729 2618 4797 Peccavi,
2642 4739 2697 4786 et
2717 4731 2926 4787 solvisti
2953 4742 3247 4801 peceatum.
3273 4732 3633 4788 Produximus

2044 4820 2186 4875 enim
2216 4830 2524 4890 peccantem
2553 4822 2745 4890 David,
2777 4830 2834 4878 et
2851 4822 3143 4878 solventem
3175 4832 3470 4893 peccatum.
3497 4824 3635 4880 Hinc

2044 4913 2333 4967 secundum
2364 4912 2688 4983 subjecimus
2715 4915 2875 4979 viam,
2900 4929 3061 4984 super
3089 4926 3361 4984 peccatum
3391 4915 3548 4982 ﬂere,
3579 4926 3635 4973 et

2043 5004 2317 5060 diximus:
2345 5005 2601 5072 Quisnam
2630 5007 2717 5063 hic
2743 5008 2930 5063 labor?
2959 5025 3063 5062 non
3092 5010 3367 5078 pecuniam
3396 5024 3531 5079 opus
3556 5008 3637 5065 ef-

2043 5095 2282 5164 fundere,
2312 5113 2417 5152 non
2449 5097 2632 5168 longas
2659 5099 2737 5154 ire
2760 5099 2893 5165 vias,
2923 5112 3096 5170 neque
3123 5100 3267 5156 aliud
3290 5101 3415 5171 quid
3435 5114 3632 5172 agere,

2043 5188 2135 5241 sed
2167 5198 2439 5258 peccatum
2484 5190 2615 5249 ﬂere
2653 5191 2952 5247 dumtaxat.
2989 5193 3100 5248 Hoc
3128 5193 3194 5247 de
3232 5194 3502 5264 Scriptura
3550 5195 3636 5250 in-

2043 5279 2313 5346 duximus,
2331 5281 2473 5352 quod
2502 5282 2555 5337 in
2584 5283 2801 5338 Achaab
2832 5283 2974 5339 Deus
3001 5284 3284 5339 consilium
3312 5290 3546 5350 mutarit,
3568 5300 3634 5341 ce

2043 5373 2183 5441 quod
2210 5372 2450 5438 ﬂeverit,
2484 5374 2627 5444 quod
2668 5385 2893 5431 maestus
2940 5375 3133 5437 fuerit;
3161 5386 3320 5446 atque
3366 5376 3468 5431 hoc
3520 5375 3633 5445 ipse

2042 5462 2255 5520 dicebat
2274 5465 2402 5520 Elite
2422 5463 2632 5519 :Vidisti
2649 5475 2700 5519 ut
2716 5467 2968 5520 incesserit
2986 5466 3186 5521 Admoti
3204 5482 3373 5521 coram
3386 5483 3464 5543 me
3482 5467 3633 5537 ﬂens,

2044 5566 2090 5609 et
2113 5558 2475 5612 contristatae?
2506 5559 2626 5613 Non
2678 5559 2865 5626 faciam
2893 5559 3167 5615 secundum
3212 5560 3345 5615 iram
3391 5546 3552 5616 meum
3590 5561 3629 5626 ',

2112 5758 2128 5797 ³
2162 5765 2211 5809 In
2233 5756 2392 5818 sari|.,
2418 5757 2679 5811 secundum
2703 5758 2828 5813 iram
2846 5771 3001 5811 utram
3019 5772 3164 5824 quam
3187 5757 3316 5817 (ll-li.
