3896 6230
219 343 336 397 993

235 440 330 508 (5.
392 435 594 506 Regum
657 435 748 488 21.
827 426 1342 500 29).Hinctcrtiam
1371 427 1612 481 dedimus
1636 427 1806 496 poeni-

227 525 412 578 tentia:
441 525 580 577 viam
605 521 650 590 ',
701 537 764 576 ac
789 521 856 576 de
901 520 1172 587 Scriptura
1209 519 1534 573 Pharisaaum
1564 518 1810 572 duximus

225 612 286 670 in
317 615 582 680 medium,
629 614 786 668 simul
814 621 868 668 et
903 611 1244 682 publicanum
1285 626 1300 664 :
1329 609 1468 678 quod
1501 610 1800 664 Pharis:eus

227 706 446 774 quidem
475 704 700 774 superbe
730 703 899 756 elatus
923 743 938 766 ,
961 718 988 754 a
1015 701 1218 769 iustitia
1240 699 1499 755 exciderit
1525 719 1540 766 ;
1569 699 1810 769 publica-

232 813 340 850 nus
365 811 491 849 vero
529 794 798 848 humiliter
831 792 1094 856 sentiens,
1125 793 1349 846 fructum
1385 791 1604 861 justilite
1632 807 1811 845 susce-

232 887 396 954 perit,
449 901 620 954 neque
667 885 774 937 ullo
817 891 1065 952 suscepto
1126 882 1308 938 labore
1345 883 1662 952 justificatus
1697 883 1810 937 sit:

232 979 399 1034 verba
425 977 570 1032 dedit
599 1017 616 1042 ,
645 991 731 1030 res
773 976 1002 1044 accepit.
1037 977 1146 1044 Age
1189 989 1317 1044 ergo
1345 983 1578 1042 emptum
1618 988 1811 1042 sequa-

236 1085 379 1131 mur,
411 1077 464 1122 et
507 1075 746 1136 quartam
793 1064 1127 1134 proferamus
1168 1065 1493 1134 poenitentia:
1549 1066 1713 1118 viam.
1747 1063 1817 1118 Et

235 1175 484 1231 qtneuam
512 1175 574 1214 ea
603 1170 683 1214 est
709 1159 732 1212 ?
762 1158 1115 1228 Eleemosyua
1142 1199 1158 1224 ,
1191 1158 1374 1226 regina
1399 1157 1677 1222 virtutum,
1696 1171 1814 1224 qua:

237 1253 484 1306 homines
512 1250 788 1305 celerrime
823 1249 1058 1316 ipsorum
1091 1247 1143 1302 in
1189 1247 1441 1300 caelorum
1483 1261 1610 1301 axes
1645 1245 1814 1300 addu-

236 1344 316 1396 rit
341 1345 364 1377 ³
405 1341 644 1395 advocati
697 1339 878 1408 optimi
925 1339 1041 1392 loco
1070 1338 1310 1408 fungens.
1341 1337 1524 1405 Magna
1561 1354 1647 1391 res
1673 1337 1816 1392 elec-

239 1448 466 1504 inosyna
496 1451 510 1498 ;
535 1441 812 1502 propterea
832 1431 1094 1486 clamabat
1121 1441 1176 1485 et
1201 1430 1494 1486 Salomon:
1521 1429 1714 1501 Magna
1738 1448 1816 1484 res

237 1525 417 1586 homo,
444 1533 492 1577 et
517 1523 734 1592 pretiosa
755 1523 830 1575 vir
856 1521 1138 1575 misericors
1171 1519 1367 1593 (Prov.
1383 1521 1474 1575 20.
1505 1521 1590 1590 6).
1616 1521 1816 1590 Magum

239 1623 374 1668 sant
396 1613 492 1666 aha
508 1611 861 1682 eleemosyna:
881 1627 896 1664 :
920 1610 1156 1681 praecidit
1176 1627 1378 1675 aerem,
1409 1612 1597 1666 transit
1616 1611 1815 1678 lunam,

240 1703 376 1758 Solis
404 1701 579 1757 radios
611 1701 842 1766 excedit,
862 1701 928 1754 ad
953 1701 1123 1769 ipsum
1150 1701 1296 1754 venit
1314 1701 1564 1756 czelorum
1584 1703 1818 1757 culmen.

243 1793 354 1850 Sed
383 1809 480 1848 nec
506 1793 615 1846 illic
642 1793 886 1846 subsistit
912 1833 928 1858 ,
961 1793 1109 1862 ipsos
1147 1793 1509 1862 pertransiens
1543 1794 1705 1849 czelos
1724 1834 1739 1858 ,
1766 1804 1821 1849 et

241 1882 553 1954 angelorum
581 1891 782 1935 turmas
797 1880 1108 1948 decurrens,
1135 1883 1675 1953 archangelorumque
1693 1883 1824 1938 cho-

243 1989 360 2039 ros,
386 1981 440 2028 et
468 1986 654 2026 omnes
683 1971 987 2040 superiores
1012 1979 1325 2040 potestates,
1361 1971 1461 2040 ipsi
1503 1973 1707 2027 assistit
1730 1989 1820 2028 re—

243 2065 352 2134 gali
376 2063 569 2117 throno
597 2080 612 2116 :
638 2060 782 2131 quod
808 2076 874 2116 ex
899 2061 1014 2130 ipsa
1059 2061 1205 2116 disce
1234 2061 1505 2132 Scriptura
1533 2079 1548 2117 :
1575 2061 1776 2118 Corneli
1803 2105 1818 2128 ,

244 2157 606 2226 eleemosynaz,
655 2154 857 2223 inquit,
901 2163 948 2208 et
996 2154 1245 2207 orationes
1274 2165 1375 2208 tua:
1415 2154 1744 2209 ascenderunt
1770 2154 1822 2210 in

242 2256 514 2318 conspectu
533 2243 631 2298 Dei
643 2243 870 2317 (Act.lO.
885 2245 960 2312 4).
973 2242 1104 2297 lllud
1118 2253 1316 2310 autem,
1337 2241 1406 2297 In
1422 2255 1688 2313 conspectu
1707 2243 1820 2310 Dei,

244 2345 352 2404 est,
373 2335 584 2390 tametsi
635 2335 800 2388 multa
831 2333 1082 2388 habueris
1133 2343 1370 2402 peccata,
1423 2335 1468 2388 si
1515 2333 1822 2389 advocati-ix

243 2429 591 2498 elcemosyna
623 2426 712 2492 sit,
751 2439 821 2478 ne
862 2424 1070 2478 timeas.
1121 2423 1270 2478 Nulla
1303 2425 1444 2478 enim
1478 2439 1548 2480 ex
1579 2427 1824 2495 supernis

245 2517 600 2587 potestatibus
649 2515 774 2570 huic
820 2515 1060 2568 resistit:
1087 2513 1321 2568 debitum
1354 2516 1618 2584 reposcit,
1650 2515 1826 2571 chiro-

243 2608 506 2678 gmplium
527 2621 682 2660 suum
707 2605 952 2659 manibus
979 2613 1212 2673 gestans.
1243 2604 1420 2673 Ipsius
1445 2605 1588 2659 enim
1616 2605 1822 2658 Domini

245 2713 332 2755 est
360 2717 462 2755 vox
479 2709 528 2754 δε
563 2701 624 2754 Si
651 2699 764 2770 quis
792 2698 1070 2768 [σερε-ἰτηηὲ
1099 2713 1164 2751 ea:
1187 2697 1405 2751 minimis
1433 2697 1532 2764 his,
1557 2699 1678 2750 mihi
1707 2698 1826 2770 fecit

246 2791 462 2862 (.llatth.
484 2790 701 2860 25.40).
733 2789 804 2843 Ita
836 2805 968 2860 ergo
995 2798 1254 2859 quotquot
1289 2789 1390 2842 alia
1421 2788 1668 2844 habueris
1695 2801 1825 2859 pec-

244 2893 388 2947 cata,
415 2883 748 2953 eleemosyna
775 2891 860 2934 tua
884 2881 1135 2934 omnibus
1154 2891 1236 2935 est
1262 2883 1494 2950 gravior.

321 2973 374 3026 2.
409 2973 586 3026 Oleum
612 2982 682 3025 est
702 2973 1018 3040 eleemosyna
1045 2985 1160 3040 quas
1183 2972 1400 3042 quinque
1424 2971 1703 3041 virginibus
1731 2974 1817 3044 fa-

247 3065 352 3119 tuis
371 3064 650 3132 deﬁciebat.
669 3093 736 3102 —
754 3065 944 3117 Annon
957 3063 1263 3116 intellexisti
1284 3064 1334 3115 in
1349 3065 1624 3134 evangelio
1637 3065 1824 3120 decem

259 3157 520 3226 virginum
541 3155 868 3226 parabolam,
889 3154 1030 3224 quod
1063 3155 1454 3224 eleemosynam
1486 3172 1590 3209 non
1622 3155 1840 3236 babeu-_

249 3259 354 3312 les,
385 3250 742 3320 virginitatem
765 3248 882 3303 licet
908 3257 1204 3314 servarent,
1235 3256 1383 3302 extra
1415 3248 1702 3303 thalamum
1727 3265 1826 3302 nu-

249 3343 470 3412 ptialem
491 3340 837 3396 manserunt?
865 3339 1026 3394 Erant
1051 3341 1214 3403 enim,
1248 3340 1438 3408 inquit,
1467 3339 1637 3394 decem
1665 3340 1824 3410 virgi-

246 3435 592 3506 nes,quinque
619 3437 776 3506 fatuae
802 3441 850 3486 et
900 3433 1116 3503 quinque
1157 3432 1423 3502 prudentes
1453 3430 1472 3504 (
1503 3431 1636 3486 Ibid.
1683 3451 1734 3488 υ.
1767 3433 1821 3488 2.

246 3525 287 3582 3
317 3524 336 3596 )
369 3524 688 3606 :prudeutes
725 3523 939 3592 quidem
961 3522 1136 3576 oleum
1164 3522 1462 3586 habebant,
1491 3523 1670 3577 stultae
1694 3538 1824 3577 vero

246 3630 358 3669 non
384 3613 649 3668 habebant
666 3613 862 3676 oleum,
895 3611 989 3666 sed
1015 3627 1196 3666 earum
1221 3611 1492 3680 lampades
1518 3613 1824 3681 exstingue-

246 3705 462 3760 bantur.
497 3702 828 3758 Accedentes
859 3712 1036 3756 autem
1063 3701 1237 3756 stultae
1261 3701 1326 3754 ad
1358 3701 1643 3770 prudentes
1672 3703 1824 3757 dixe-

243 3803 408 3848 runt:
436 3791 569 3847 Date
597 3793 740 3845 nobis
771 3791 934 3844 oleum
961 3791 1025 3844 de
1067 3792 1198 3844 uasis
1230 3793 1404 3844 vestris
1425 3789 1530 3861 (Ib.
1560 3807 1606 3846 υ.
1627 3791 1826 3862 8).Pu-

243 3884 344 3938 det
385 3898 468 3937 me
518 3891 574 3937 et
606 3883 803 3936 rubore
839 3881 1135 3936 confundor
1182 3892 1236 3936 et
1270 3881 1536 3954 lacrymor
1564 3885 1820 3954 virginem

245 3973 466 4028 stultam
506 3973 748 4026 audiens.
798 3971 1069 4026 Erubesce
1098 3987 1218 4026 eum
1245 3973 1404 4028 audio
1435 3989 1626 4028 nomen
1657 4017 1672 4042 ,
1705 3989 1825 4045 post

247 4063 410 4116 talem
441 4062 708 4127 virtutem,
727 4069 782 4118 et
802 4061 1114 4132 virginitatis
1145 4063 1397 4130 studium,
1431 4065 1521 4118 ubi
1548 4080 1744 4136 corpus
1773 4067 1823 4121 in

243 4155 437 4210 czrlum
474 4164 773 4216 erexerant,
807 4153 897 4208 ubi
927 4169 1047 4208 cum
1083 4155 1212 4222 ipsis
1250 4158 1493 4224 superuis
1543 4157 1825 4212 virtutibus

245 4255 519 4300 certamen
574 4244 866 4297 habuerant
897 4283 911 4308 ,
953 4252 1246 4312 aestumque
1304 4245 1702 4312 toleraverant,
1737 4249 1824 4301 ubi

245 4339 418 4404 ipsam
439 4334 728 4403 voluptatis
760 4333 1026 4387 ﬂammam
1061 4335 1555 4397 conculcaveraut‘,
1590 4345 1716 4390 tunc
1745 4336 1824 4390 fa—

247 4439 377 4490 tu:e,
403 4435 458 4480 et
483 4428 604 4493 jure
650 4423 808 4478 fatua:
857 4424 1202 4489 vocabantur,
1233 4425 1372 4494 quod
1402 4427 1572 4494 majus
1600 4444 1719 4480 cum
1759 4429 1826 4481 fe-

245 4517 473 4583 eissent,
503 4531 532 4570 a
550 4514 758 4569 minore
779 4514 932 4591 victm
956 4513 1080 4568 sint.
1098 4512 1168 4568 Et
1191 4515 1478 4570 accedentes
1501 4516 1658 4586 fatua
1681 4519 1826 4572 dixe-

299 4680 317 4711 ¹
365 4685 525 4750 Savil.,
543 4685 656 4736 hinc
677 4685 1042 4750 monstravimus
1055 4685 1246 4750 tertiam
1263 4687 1553 4750 prementia?
1569 4688 1711 4740 tiam.

299 4751 318 4779 ²
361 4745 503 4798 savii.
537 4754 589 4797 et
629 4755 762 4811 Beg.,
789 4759 900 4809 qum
943 4745 1181 4798 celeriter.
1199 4745 1355 4811 aperit
1393 4763 1512 4800 axes
1549 4751 1779 4804 calorum
1807 4767 1826 4806 :

299 4822 451 4857 raaue
471 4809 616 4857 lectio
637 4809 856 4857 quadrat.

239 4818 451 4873 utraque
471 4809 616 4858 lectio
637 4809 856 4870 quadrat.
879 4867 892 4878 .
1233 4809 1241 4811 ”
1369 4871 1380 4881 υ

275 4869 326 4946 ..³
362 4880 488 4946 ἓέντν
513 4869 924 4946 Αδεὲἷιίὲθέζτόηξιέῗῖ
944 4868 1336 4946 Ψφιοτρςυιηψν
1350 4883 1411 4946 1"
1435 4881 1688 4946 σοῖιῖνθετὲἕ
1717 4885 1822 4946 ρει·

241 4931 373 4984 Illud
401 4945 526 4989 vero,
558 4948 580 4975 α
595 4929 648 4979 in
669 4937 922 4993 conspectu
947 4930 1071 4981 Dei»
1103 4930 1192 4980 hoc
1214 4941 1283 4982 est
1300 4929 1330 4982 :7
1349 4929 1556 4984 Tanutsi
1571 4936 1720 4986 multa
1741 4939 1828 4988 ha-

239 4993 406 5044 bueris
427 4998 640 5054 peccata,
665 4990 1073 5054 sieléemosynam
1101 4999 1257 5054 tecum
1291 4993 1436 5044 habes
1471 4995 1823 5049 advocatricem

237 5069 301 5104 ne
323 5051 507 5116 timeas.
531 5053 669 5116 nulla
687 5051 816 5116 enim
837 5065 901 5102 ea:
923 5051 1146 5116 supernis
1171 5054 1476 5116 potestatibus
1499 5056 1610 5107 huic
1631 5060 1822 5110 resistit.

243 5136 266 5184 ς
297 5115 629 5184 Misericordia
642 5111 886 5184 judicium
909 5111 1096 5184 deridet
1115 5111 1268 5184 ;_»'.et._
1297 5116 1517 5184 «ratione
1531 5127 1828 5184 peccatatua

236 5179 291 5228 in
313 5173 656 5243 electiles-guis;
679 5191 717 5243 ρ.
733 5180 800 5243 et,
821 5175 1094 5243 ¢_quauzditt
1113 5173 1292 5236 fecistis
1316 5177 1396 5243 imi
1413 5191 1477 5243 ea}
1499 5173 1574 5230 his
1595 5182 1826 5243 fratribus

236 5233 606 5304 meisminimis,
633 5233 754 5304 mihi
771 5233 968 5304 fecistis.
988 5253 1012 5279 ι
1036 5233 1149 5304 meo
1171 5244 1216 5304 et
1233 5237 1502 5304 manualia
1525 5233 1736 5304 reperire
1759 5233 1827 5295 est

237 5307 303 5350 de
326 5299 624 5359 eleemosyna
657 5296 876 5363 scripta_,_
897 5296 1019 5346 :icut
1057 5298 1264 5363 loquitur
1294 5300 1557 5363 scriptura.
1579 5296 1822 5355 'Debitum

235 5363 368 5412 rn-‘m
389 5357 772 5422 suum”reposcit',
797 5357 1170 5422 chirographum
1200 5357 1408 5422 gestwts'
1427 5370 1645 5414 sanctum
1674 5375 1826 5416 Evan-

234 5422 622 5486 geliamntpstus
657 5417 788 5486 enim
823 5417 1117 5486 meini'est
1145 5417 1254 5486 eois,
1280 5429 1376 5470 etc.
1417 5428 1465 5471 In
1501 5429 1827 5486 sequentibus

233 5477 364 5548 item
387 5477 518 5530 nulla
538 5493 671 5543 pene
693 5479 907 5548 clausula
931 5487 1026 5548 est,
1048 5482 1098 5548 in
1117 5495 1211 5548 qua
1233 5477 1362 5548 inter
1385 5477 1640 5548 utramque
1663 5477 1828 5538 digeri.

241 5547 374 5594 mina
397 5556 495 5592 non
513 5541 780 5590 occurrant.
804 5541 894 5590 sed
917 5541 1150 5592 sincerior
1169 5545 1360 5592 videtur
1383 5552 1468 5593 Mm
1482 5541 1674 5598 elli'anze
1709 5563 1825 5599 cou-

236 5613 424 5657 texms.
447 5615 560 5652 cum
582 5615 702 5650 vero
724 5603 913 5652 nonnisi
939 5606 1261 5653 exscribenda
1277 5614 1429 5654 totum
1451 5607 1695 5659 saviliauaa
1711 5625 1826 5660 con-

235 5675 448 5723 textum,
465 5665 623 5713 omnia
641 5665 874 5725 possimus
895 5671 1145 5725 annotare.
1163 5667 1209 5714 id
1234 5670 1477 5717 monuisse
1497 5669 1615 5720 satis
1638 5681 1761 5723 esto.

296 5731 318 5758 ι
355 5727 430 5776 sic
449 5727 600 5774 habet
613 5733 718 5791 ξω.
737 5726 1025 5786 Legebatur,
1047 5724 1348 5791 laboremque
1371 5737 1584 5791 egerant.
1609 5739 1708 5784 Mox
1733 5735 1824 5786 dc-

235 5796 346 5843 erat
365 5801 478 5848 vox,
496 5787 794 5848 iocabuntur,
810 5785 963 5850 quam
983 5799 1045 5838 ex
1071 5785 1239 5839 Savilio
1264 5785 1578 5844 restituimus.

1408 335 1496 392 DE
1529 332 2010 391 ELEEMOSYNA.
2041 335 2270 393 HOMIL.
2312 336 2398 393 lll.

3379 343 3486 404 9.94

1916 437 2030 480 runt
2059 429 2362 497 sapientibus
2387 444 2406 482 :
2431 427 2560 481 Date
2588 427 2728 483 nobis
2756 428 2919 484 oleum
2936 430 2998 485 de
3013 431 3142 486 rasis
3170 433 3360 488 vestris.
3391 433 3491 492 lla:

1914 529 2080 572 autem
2123 519 2356 574 dixerunt
2387 536 2406 574 :
2435 519 2555 574 Non
2605 537 2870 592 possumus
2919 525 3053 576 vobis
3101 525 3239 588 dare,
3271 541 3334 578 ne
3359 525 3490 595 forte

1913 625 2014 663 non
2040 611 2251 680 sufﬁciat
2285 611 2426 664 nobis
2451 620 2494 662 et
2518 612 2695 682 vobis(
2725 611 2903 666 Matth.
2936 612 3024 668 25.
3059 615 3111 667 8.
3141 617 3173 668 9
3199 619 3215 683 )
3245 632 3258 666 :
3289 631 3392 668 non
3423 631 3489 671 ex

1915 701 2250 756 inclementia
2295 702 2378 756 vel
2427 701 2760 771 improbitate
2791 702 2840 756 id
2869 714 3084 772 agentes
3106 746 3122 768 ,
3150 705 3244 760 sed
3272 716 3486 776 propter

1915 794 2168 861 temporis
2214 791 2482 860 angustias
2524 809 2538 846 :
2590 803 2844 848 venturus
2884 795 3025 850 enim
3074 806 3188 851 erat
3233 811 3480 866 sponsus.

1916 883 2184 936 llabelnant
2209 892 2262 938 et
2287 885 2416 950 ipsae
2441 883 2744 952 lampades;
2772 885 2864 939 sed
2892 886 3099 941 illarum
3124 887 3336 958 quidem
3363 903 3488 942 vasa
3522 919 3523 922 η

1916 973 2092 1026 oleum
2123 973 2406 1038 habebant,
2435 973 2620 1028 barum
2651 989 2780 1028 vero
2803 990 2906 1029 non
2937 977 3218 1033 habebant.
3250 977 3388 1047 Ignis
3411 987 3494 1033 est

1916 1063 2228 1132 virginitas,
2273 1063 2449 1116 oleum
2497 1073 2672 1118 autem
2718 1076 2800 1118 est
2845 1067 3184 1138 eleemosyna
3214 1084 3229 1134 ;
3263 1084 3382 1122 nam
3437 1080 3490 1122 ut

1918 1152 2086 1220 ignis,
2116 1152 2216 1206 nisi
2244 1152 2418 1206 oleum
2450 1151 2722 1207 destillans
2757 1153 2978 1218 habeat,
3013 1157 3151 1226 perit
3181 1173 3196 1222 ;
3227 1159 3305 1212 sic
3330 1158 3492 1228 virgi-

1918 1244 2054 1297 nitas
2074 1285 2088 1307 ,
2119 1244 2220 1298 nisi
2245 1245 2578 1314 conjunctam
2619 1245 2809 1300 habeat
2835 1247 3221 1320 eleemosyuam
3242 1291 3256 1310 .
3288 1251 3492 1304 exstin—

1919 1336 2112 1405 guitur.
2145 1335 2272 1389 Date
2309 1337 2448 1390 nobis
2479 1337 2646 1390 oleum
2675 1337 2736 1390 de
2763 1339 2894 1392 uasis
2928 1341 3120 1394 vestris.
3151 1341 3220 1394 At
3246 1341 3350 1394 illa;
3399 1355 3488 1395 τοι

1919 1427 2248 1493 Spmtdcrttnl
2287 1427 2416 1496 ipsis
2446 1445 2459 1480 :
2493 1426 2604 1481 Νοη
2637 1442 2916 1496 possumus
2949 1429 3100 1484 vobis
3114 1430 3261 1486 dare.
3291 1432 3357 1486 Et
3389 1447 3495 1487 non

1919 1516 2134 1569 malitiae
2161 1516 2286 1570 illud
2310 1519 2561 1581 verbum,
2591 1517 2683 1572 sed
2712 1520 2913 1574 timoris
2945 1537 2958 1574 :
2995 1519 3079 1574 Ne
3098 1525 3228 1592 forte
3255 1538 3356 1576 non
3380 1527 3494 1592 su]-

1921 1605 2060 1674 ﬁciat
2097 1607 2238 1659 nobis
2263 1616 2310 1659 et
2346 1607 2484 1661 vobis
2513 1623 2618 1662 :ne
2662 1607 2796 1663 forte
2823 1610 3267 1678 quemadmodum
3309 1627 3498 1667 omnes

1923 1695 2121 1748 intrare
2157 1697 2442 1762 quarrimus
2461 1737 2477 1760 ,
2504 1711 2692 1750 omnes
2723 1713 3124 1767 remaneamus;
3149 1702 3239 1756 sed
3261 1702 3497 1756 abeuntes

1923 1785 2069 1837 emite
2113 1785 2250 1838 vobis
2289 1801 2321 1838 a
2357 1785 2700 1840 vendentibus.
2727 1787 2949 1854 Quinam
3004 1799 3128 1844 sunt
3174 1803 3500 1848 mercatores

1923 1875 2025 1930 olei
2075 1875 2556 1946 hujus?Pauperes
2601 1877 2666 1931 ad
2710 1879 3102 1952 eleemosynam
3152 1897 3250 1952 pro
3299 1882 3502 1938 foribus

1924 1965 2162 2020 ecclesia:
2181 1965 2448 2022 sedentes.
2479 1967 2545 2021 Et
2573 1969 2753 2038 quanti
2781 1969 3012 2024 emitur?
3041 1969 3230 2038 Quanti
3254 1971 3498 2028 libuerit:

1923 2059 2153 2125 pretium
2183 2073 2288 2111 non
2309 2073 2539 2127 appono,
2564 2075 2630 2113 ne
2658 2059 2880 2127 objicias
2910 2061 3164 2130 inopiam.
3187 2061 3380 2130 Quanti
3411 2079 3502 2132 pn-

1927 2159 2028 2214 tes,
2057 2149 2184 2204 tanti
2212 2163 2351 2204 eme.
2379 2149 2552 2204 Habes
2574 2150 2823 2204 obolum?
2845 2167 2964 2207 eme
2989 2154 3199 2218 caelum,
3231 2171 3334 2209 non
3361 2157 3502 2227 quod

1925 2241 2013 2295 vili
2041 2243 2210 2309 pretio
2235 2243 2422 2296 venale
2467 2241 2536 2296 sit
2571 2242 2758 2297 ezelum
2779 2284 2796 2310 ,
2838 2244 2934 2298 sed
2967 2246 3109 2315 quod
3155 2247 3391 2302 clemens
3433 2249 3504 2304 sit

1926 2328 2201 2384 Dominus.
2243 2330 2358 2384 Non
2409 2330 2572 2385 habes
2611 2333 2876 2388 obolum?
2921 2334 2986 2388 da
3038 2336 3253 2390 calicem
3303 2339 3504 2407 frigidae

1927 2434 2078 2488 aqua:
2107 2436 2120 2474 :
2151 2421 2322 2490 inquit
2349 2424 2490 2474 enim
2521 2441 2534 2476 :
2565 2421 2872 2494 Quicumque
2907 2425 3101 2480 dederit
3128 2428 3218 2481 uni
3254 2443 3318 2483 ea:
3356 2431 3498 2483 mira“-

1927 2511 2023 2564 mis
2059 2511 2166 2564 istis
2195 2513 2401 2565 culicem
2426 2528 2570 2581 aqua:
2595 2514 2798 2584 frigida:
2823 2525 3027 2584 propter
3065 2533 3172 2584 me,
3202 2535 3303 2573 non
3337 2521 3505 2590 perdet

1927 2600 2203 2654 mercedem
2246 2618 2390 2655 suout
2435 2603 2650 2677 (Matth.
2676 2603 2764 2658 10.
2785 2603 2897 2672 42).
2937 2606 3229 2662 Mercatura
3259 2611 3501 2681 negotia-

1928 2688 2105 2760 tioque
2130 2691 2314 2745 caelum
2353 2702 2466 2756 est,
2496 2701 2552 2748 et
2589 2709 2687 2747 nos
2711 2695 3043 2765 pigritamur.
3081 2699 3153 2754 Da
3195 2714 3385 2768 panem
3407 2743 3420 2767 ,
3451 2707 3506 2755 et

1925 2783 2108 2852 accipe
2147 2783 2446 2852 paradisum
2480 2803 2494 2840 :
2539 2801 2695 2856 parva
2726 2788 2810 2854 da,
2843 2799 2897 2842 et
2935 2805 3123 2861 magna
3153 2795 3362 2864 suscipe
3390 2815 3405 2852 ε
3435 2797 3502 2852 da

1927 2872 2168 2926 mortalia
2195 2914 2208 2937 ,
2256 2874 2568 2930 immortalia
2621 2877 2798 2946 recipe
2830 2897 2842 2933 :
2877 2879 2940 2934 da
2983 2885 3340 2952 corruptibilia
3363 2927 3380 2952 ,
3423 2889 3505 2942 in-

1928 2965 2288 3034 corruptibilia
2318 2968 2518 3035 accipe.
2549 2967 2602 3023 Si
2632 2978 2810 3024 essent
2839 2971 3086 3027 nuudinae
3132 2983 3290 3044 atque
3337 2979 3390 3032 in
3442 2979 3504 3034 iis

1929 3069 2154 3109 annona:
2183 3056 2356 3110 vilitas
2393 3067 2448 3112 et
2491 3058 2811 3114 abundantia
2830 3101 2846 3125 ,
2875 3063 3140 3132 nudtaque
3168 3081 3332 3135 parvo
3359 3084 3506 3126 eme-

1929 3154 2152 3210 rentur,
2193 3161 2368 3200 annon
2421 3147 2770 3203 substantiam
2825 3153 3152 3220 vendentes,
3209 3167 3505 3230 cunctaque

1931 3243 2328 3306 postponentes,
2353 3237 2406 3292 in
2439 3249 2640 3306 partem
2671 3241 2784 3310 ejus
2813 3243 3183 3311 negotiationis
3213 3249 3503 3304 veniretis?

1929 3324 2029 3380 Ubi
2059 3327 2416 3396 corruptibilia
2459 3338 2602 3394 sunt,
2628 3339 2775 3386 tanto
2812 3333 2986 3386 studio
3017 3334 3264 3391 laboratis
3290 3355 3304 3388 :
3335 3349 3390 3392 et
3414 3341 3504 3394 ubi

1928 3419 2241 3474 immortalis
2287 3429 2369 3474 est
2407 3424 2728 3490 negotiatio,
2779 3424 3130 3494 pigritamioi,
3173 3438 3330 3499 atque
3369 3431 3505 3485 adeo

1928 3513 2247 3567 conciditis?
2277 3513 2349 3566 Da
2400 3513 2541 3584 inopi
2567 3555 2582 3580 ,
2608 3523 2697 3580 ut,
2731 3518 2971 3586 quamvis
3015 3529 3068 3572 tu
3108 3523 3371 3589 tacueris,
3410 3539 3502 3579 ora

1929 3619 2026 3672 pro
2075 3614 2126 3660 te
2169 3605 2524 3675 respondeant
2567 3608 2786 3672 iulluita,
2823 3609 3161 3682 eleemosyna
3203 3621 3290 3666 tua
3333 3623 3506 3670 stante

1927 3709 1991 3749 ac
2021 3696 2387 3764 patrocinante
2419 3713 2432 3749 :
2465 3698 2690 3766 pretium
2729 3698 3108 3769 redemptionis
3139 3702 3328 3758 animae
3362 3704 3503 3760 elee-

1929 3803 2150 3860 mosyna
2192 3797 2293 3843 est.
2347 3789 2472 3844 ldeo
2496 3790 2940 3858 quemadmodum
2983 3808 3104 3847 vasa
3146 3809 3296 3862 aqua:
3348 3795 3504 3864 plena

1931 3893 2026 3947 pro
2051 3879 2249 3932 foribus
2271 3879 2509 3932 ecclesia:
2539 3885 2556 3911 ³
2581 3891 2708 3933 sunt
2725 3921 2740 3944 ,
2772 3895 2877 3949 quo
2905 3896 3094 3936 manus
3135 3883 3279 3937 laves
3303 3925 3318 3950 ,
3349 3885 3427 3939 sic
3453 3895 3508 3940 et

1930 3983 2188 4036 pauperes
2215 3984 2309 4038 pro
2327 3969 2546 4023 ecclesia
2574 3970 2780 4032 sedent,
2799 3981 2854 4024 ut
2869 3973 3060 4026 auiniae
3089 3989 3277 4028 manus
3295 3975 3500 4030 abluas.

1928 4059 2077 4127 Aqua
2125 4075 2312 4112 manus
2359 4075 2642 4128 corporeas
2687 4061 3269 4135 lavisti?elcemosyna
3314 4082 3505 4123 manus

1929 4150 2118 4202 auium:
2159 4148 2292 4202 lava.
2338 4148 2418 4203 Ne
2467 4149 2696 4218 inopiam
2747 4153 3082 4219 pra-lendas:
3115 4154 3271 4208 vidua
3315 4155 3366 4208 in
3403 4173 3501 4210 ex-

1931 4246 2097 4292 trema
2124 4248 2430 4309 paupertate
2453 4239 2623 4294 Eliam
2655 4240 3018 4308 haspitabatur
3047 4245 3122 4317 (5.
3148 4244 3276 4318 Reg.
3297 4248 3409 4318 l7),
3442 4264 3506 4304 ac

1930 4338 2213 4398 paupertas
2257 4345 2362 4384 non
2414 4329 2514 4384 fuit
2555 4331 2970 4400 impedimento,
2999 4335 3092 4388 sed
3143 4335 3341 4392 eximio
3382 4353 3503 4392 cum

1931 4421 2118 4488 gaudio
2145 4421 2376 4488 suscepit
2397 4437 2519 4476 eum
2542 4440 2555 4472 :
2583 4437 2748 4492 quare
2771 4431 2824 4477 et
2847 4423 3034 4493 dignos
3061 4429 3260 4495 recepit
3281 4427 3503 4492 fructus,

1929 4519 1983 4564 et
2003 4518 2207 4564 metens
2235 4512 2587 4583 eleemosynae
2617 4513 2815 4582 spicam
2847 4515 2989 4584 legit.
3021 4515 3122 4570 Sed
3163 4515 3388 4573 fortasse
3411 4533 3507 4572 au-

1929 4597 2071 4653 ditor
2095 4601 2255 4665 dicet,
2285 4601 2359 4654 Da
2399 4611 2453 4656 et
2497 4601 2622 4656 mihi
2661 4603 2850 4658 Eliam.
2891 4605 3026 4670 Quid
3063 4608 3257 4675 qumris
3293 4607 3507 4663 Eliam?

1933 4689 2212 4744 Dominum
2243 4690 2370 4744 Elia:
2395 4691 2464 4746 do
2491 4692 2604 4759 tibi,
2629 4708 2728 4748 nec
2757 4694 2926 4762 ipsum
2953 4695 3098 4749 cihas
3127 4715 3140 4749 :
3174 4696 3342 4752 Eliam
3363 4699 3406 4752 si
3429 4699 3510 4753 in-

1931 4780 2156 4846 veneris,
2180 4781 2447 4850 quomodo
2478 4781 2872 4852 hospitaberis?
2901 4783 3094 4842 Christi
3139 4787 3506 4844 universorum

1931 4871 2136 4925 Domini
2177 4875 2434 4927 sententia
2465 4883 2546 4928 est
2571 4916 2588 4939 ,
2619 4875 2930 4946 Quicumque
2957 4879 3046 4932 uni
3079 4895 3142 4934 ea:
3181 4881 3401 4936 minimis
3431 4887 3505 4954 fe-

1929 4963 2074 5027 cerit,
2103 4962 2226 5016 mihi
2265 4963 2384 5034 fecit
2411 4963 2638 5035 (Matth.
2666 4966 2756 5022 25.
2787 4968 2856 5021 40
2877 4971 2918 5038 ).
2951 4968 3006 5023 Si
3039 4971 3171 5025 forte
3199 4986 3291 5026 rex
3318 4988 3508 5042 quem-

1931 5055 2069 5122 piam
2097 5053 2162 5108 ad
2188 5070 2395 5110 coenam
2425 5057 2802 5126 appellaverit,
2834 5067 3026 5129 atque,
3054 5059 3265 5116 famulis
3289 5047 3507 5118 adstan-

1995 5253 2018 5321 ι.
2040 5249 2295 5321 μηψικρνο
2330 5251 2510 5321 foribus
2543 5253 2778 5321 ecclesiae,
2818 5256 2961 5308 deest
2983 5260 3028 5307 in
3053 5257 3222 5321 savilio
3245 5265 3297 5308 et
3320 5260 3367 5307 in
3388 5266 3506 5321 Reg.

1928 5311 2069 5358 Codd.
2091 5317 2138 5360 Et
2160 5311 2230 5379 sic
2252 5315 2560 5375 prosequitur
2580 5311 2807 5366 savilius:
2836 5324 2890 5367 Et
2912 5326 3140 5379 quantum
3154 5317 3188 5379 3
3200 5325 3384 5370 tantum
3406 5311 3508 5370 eme

1929 5380 2157 5434 quantum
2177 5375 2262 5432 vis,
2305 5383 2532 5434 quantum
2555 5383 2700 5438 potes,
2726 5390 2819 5438 non
2863 5375 3088 5438 quantum
3123 5377 3248 5430 alius
3285 5380 3400 5438 tmL',
3421 5383 3506 5432 sed

1929 5441 2156 5503 quantum
2179 5443 2309 5493 potes
2330 5443 2412 5496 tu;
2434 5449 2502 5503 ne
2523 5436 2718 5503 objicias
2734 5436 2962 5503 inopiam.
3011 5437 3184 5503 (tholis,
3211 5447 3320 5502 quot
3344 5436 3506 5503 habes,

1929 5493 2101 5565 caelum
2124 5507 2244 5565 cute,
2266 5509 2358 5545 non
2371 5493 2502 5565 quod
2523 5497 2604 5548 vili
2627 5499 2779 5565 pretio
2801 5493 2962 5565 venale
2983 5499 3044 5550 sit
3065 5493 3256 5565 cwluni,
3272 5503 3356 5552 sed
3382 5493 3508 5565 quod

1931 5555 2136 5629 clericus
2155 5557 2216 5606 sit
2241 5555 2484 5629 geminus.
2515 5568 2614 5629 Non
2627 5555 2777 5610 habes
2799 5561 2926 5629 unde
2946 5575 3119 5629 qurum
3145 5555 3310 5622 domas,
3333 5555 3509 5629 ar'gen.

1931 5622 2031 5666 tum
2053 5626 2210 5685 ;
2241 5617 2309 5668 da
2331 5617 2536 5685 obolum,
2579 5620 2646 5685 da
2687 5621 2908 5685 poculum
2949 5621 3146 5685 frigida:
3173 5634 3191 5672 :
3217 5617 3346 5685 Deus
3383 5617 3510 5677 enim

1929 5676 2295 5745 amplitudinem
2315 5687 2398 5729 aut
2421 5676 2734 5745 cecig'uitatem
2755 5676 3062 5745 delinitfno'n
3085 5684 3350 5736 secundum
3376 5676 3504 5737 ηιιέηὲ

1933 5739 2098 5805 suram
2120 5739 2360 5800 datorum,
2384 5741 2469 5791 sed
2489 5739 2752 5805 semiudum
2773 5739 3050 5805 facultatem
3089 5752 3240 5795 status
3271 5749 3505 5800 donantis.

1937 5806 1989 5851 I-zt
2013 5798 2118 5852 alite
2138 5798 2408 5865 sequuntur
2431 5805 2479 5854 iu
2501 5803 2670 5854 Savtlio
2692 5798 2834 5868 hujus
2857 5807 3059 5878 generis
3074 5808 3352 5858 varietates.
