3894 6226
434 373 543 429 295

430 486 601 545 tibus,
647 478 714 535 ad
761 492 855 533 eos
902 474 1094 531 dixerit
1133 491 1145 526 :
1192 471 1415 525 Reddite
1461 469 1660 538 gratias
1710 468 1829 521 huic
1881 481 2003 521 meo

428 575 644 629 nomine
671 569 1044 641 quamplures,
1071 564 1160 633 qui
1197 578 1282 615 me
1333 562 1506 629 inopia
1537 559 1861 613 laborantem
1900 574 2003 611 nu-

431 666 573 720 trivit
612 673 666 719 ct
706 660 932 732 hospitio
958 655 1197 724 excepit,
1222 653 1310 723 qui
1343 652 1472 705 tnihi
1502 651 1758 706 beneﬁcia
1786 652 1836 704 in
1868 661 2004 704 tem-

431 772 562 828 pore
610 754 862 825 angustia:
926 748 1188 821 permulta
1241 746 1510 799 contulit:
1544 760 1719 797 annon
1764 743 2006 797 certatim

429 850 654 921 quisque
697 858 980 900 accurrens
1021 838 1273 909 pecunias
1302 851 1489 890 omnes
1532 851 1654 889 suas
1696 834 2010 904 expenderit

431 943 547 1011 ejus
577 952 756 999 causa,
789 935 873 988 cui
900 949 990 987 rex
1017 932 1212 1002 gratias
1233 929 1447 998 egerit?
1468 941 1643 983 annon
1675 925 1789 980 haec
1818 926 1887 978 illi
1916 940 2005 980 ac-

427 1045 578 1104 cepta
610 1028 826 1087 tulerit?
855 1042 1033 1080 annon
1074 1039 1131 1079 se
1174 1024 1248 1076 illi
1283 1022 1507 1090 quisque
1533 1018 1908 1074 commendare
1930 1027 2009 1071 at-

430 1142 533 1198 que
562 1122 791 1178 amicitia
818 1119 1043 1189 jungere
1073 1112 1376 1170 studuerit?

499 1217 552 1272 3.
583 1212 928 1281 Eleemosyna:
972 1213 1184 1280 fructus.
1209 1234 1283 1245 -—
1311 1203 1525 1257 Vidistis
1554 1201 1820 1256 sermonis
1845 1199 2013 1253 virtu-

430 1308 580 1363 tem?
608 1306 663 1362 Si
712 1320 840 1373 ergo
866 1301 1005 1371 apud
1038 1298 1303 1352 hominem
1351 1310 1530 1365 regem
1565 1304 1764 1347 tantum
1795 1291 2013 1346 honoris

430 1415 518 1455 res
567 1399 679 1469 ipsa
724 1393 925 1459 tribuit,
971 1391 1144 1459 cogita
1172 1387 1438 1443 Christum
1484 1386 1534 1438 in
1585 1385 1674 1438 illa
1715 1383 1801 1437 die
1829 1397 2013 1437 coram

430 1488 630 1558 angelis
648 1485 999 1553 omnibusque
1018 1480 1313 1535 Virtutibus
1341 1485 1613 1531 vocantem
1639 1491 1702 1528 ac
1727 1474 2014 1529 dicentem:

432 1578 530 1633 Hic
558 1592 644 1632 me
672 1576 724 1631 in
753 1586 894 1629 terra
919 1571 1149 1639 suscepit
1175 1568 1425 1637 hospitio,
1470 1565 1555 1620 hic
1583 1564 1711 1619 mihi
1740 1564 2016 1619 initamera

429 1668 655 1725 contulit
700 1666 980 1729 beneﬁcia,
1028 1663 1113 1716 hic
1142 1676 1227 1715 me
1278 1658 1609 1727 peregrinum
1639 1657 1890 1724 excepit:
1920 1669 2017 1708 co-

431 1762 536 1830 gita
562 1759 630 1814 de
654 1768 850 1813 caetero
881 1754 1123 1809 fiduciam
1155 1751 1292 1806 inter
1329 1748 1567 1817 angelos,
1598 1746 1734 1801 inter
1775 1746 2017 1799 caelestes

431 1853 627 1905 choros
650 1847 921 1918 gaudium.
951 1844 1112 1913 Igitur
1135 1842 1216 1895 cui
1246 1837 1603 1893 testimonium
1628 1834 1869 1889 Christus
1899 1849 2017 1903 per-

433 1942 600 2005 bibet,
647 1955 752 1994 non
798 1936 1041 1991 fiduciam
1088 1947 1247 1998 super
1274 1929 1490 1999 angelos
1520 1926 1801 1981 habuerit?
1832 1925 2017 1994 Magna

432 2033 590 2102 igitur
634 2044 722 2084 res
761 2028 1117 2096 eleemosyna,
1149 2022 1360 2076 fratres.
1412 2020 1559 2074 [lane
1597 2019 2014 2089 amplectamur,

433 2122 519 2176 cui
560 2120 692 2175 nihil
733 2117 1182 2188 a‘qualezpotcns
1226 2123 1307 2167 est
1355 2113 1496 2167 enim
1544 2121 1755 2181 peccata
1797 2111 1900 2163 alia
1925 2109 2021 2164 de-

433 2216 586 2279 lere,
626 2211 987 2281 indiciumque
1037 2206 1349 2277 propulsare
1392 2220 1406 2257 :
1454 2212 1504 2258 te
1558 2210 1764 2258 tacente
1813 2211 1919 2257 stat
1964 2211 2022 2256 et

434 2304 831 2374 patrocinatur;
865 2300 973 2353 imo
1019 2312 1147 2352 vero
1211 2306 1265 2352 te
1329 2303 1535 2351 tacente
1599 2295 1877 2349 innumera
1923 2308 2017 2348 ora

433 2409 529 2464 pro
577 2403 629 2447 te
669 2391 866 2462 gratias
893 2386 1142 2444 reddunt.
1186 2386 1287 2441 Tot
1325 2404 1391 2445 ex
1422 2384 1761 2455 eleemosyna
1810 2382 2020 2453 proﬁci-

431 2493 651 2538 scuntur
679 2482 836 2541 bona.
886 2488 938 2534 et
987 2479 1085 2547 ipsi
1117 2477 1429 2548 pigritamur
1455 2484 1510 2530 et
1551 2474 1900 2529 concidimus.
1943 2473 2017 2527 Da

432 2589 623 2645 panem
672 2586 765 2641 pro
809 2569 1143 2624 facultatibus
1173 2568 1276 2621 tuis
1308 2584 1321 2619 :
1352 2581 1454 2619 non
1497 2563 1661 2619 habes
1700 2564 1926 2633 panem?
1953 2563 2019 2618 da

434 2667 650 2722 obolum
682 2681 695 2716 :
724 2678 827 2716 non
857 2661 1019 2716 habes
1039 2659 1296 2714 obolum?
1323 2659 1387 2713 da
1412 2658 1495 2712 vel
1524 2658 1724 2726 frigida:
1747 2672 1897 2726 aqua:
1925 2670 2018 2710 ca-

435 2757 637 2812 licem:
687 2754 832 2823 atqui
887 2765 1061 2821 neque
1113 2750 1164 2802 id
1209 2747 1518 2802 habes?vel
1565 2747 1717 2801 malis
1762 2760 2020 2817 Oppresso

435 2853 761 2915 compatere,
806 2853 965 2912 atque
1008 2854 1295 2910 appensam
1343 2837 1641 2893 mercedem
1690 2836 1872 2890 habes.
1903 2835 2019 2891 Non

434 2938 580 2994 enim
593 2934 941 2998 necessitatis,
960 2932 1052 2987 sed
1080 2930 1384 2985 intentionis
1408 2937 1491 2983 est
1516 2944 1740 2983 merces.
1766 2927 1871 2985 Sed
1896 2942 2020 2983 ecce

436 3033 563 3086 dum
593 3030 660 3085 de
689 3028 773 3083 his
795 3027 1127 3089 disserimus,
1160 3024 1420 3093 virginum
1449 3037 1572 3075 cura
1606 3022 1757 3075 nobis
1783 3019 2016 3086 excidit;

437 3139 534 3194 age
558 3137 685 3191 ergo
712 3120 778 3174 ad
806 3121 1131 3189 propositum
1173 3116 1471 3172 redeamus.
1507 3114 1636 3168 Date
1679 3113 1820 3167 nobis
1853 3113 2020 3167 oleant

440 3217 507 3268 de
544 3214 672 3269 vasis
700 3212 894 3266 vestris.
924 3210 1041 3265 Non
1090 3223 1372 3280 possumus
1420 3206 1570 3261 Vobis
1600 3206 1747 3270 dare,
1779 3203 1861 3258 Ne
1888 3208 2020 3275 forte

437 3321 537 3359 non
573 3304 781 3374 suﬂiciat
823 3301 962 3357 nobis
986 3310 1031 3356 et
1071 3301 1228 3365 vobis,
1257 3300 1345 3355 sed
1374 3308 1543 3353 euntes
1573 3299 1717 3350 emite
1740 3313 1772 3348 a
1802 3296 2018 3350 venden-

439 3394 589 3447 tibus.
632 3392 938 3446 Abeuntibus
985 3401 1152 3444 autem
1203 3390 1344 3459 ipsis,
1394 3388 1523 3441 venit
1558 3402 1791 3457 sponsus,
1819 3395 1867 3439 et
1912 3402 2023 3455 qua

441 3483 685 3537 habebant
723 3483 982 3551 lampades
1019 3480 1337 3549 splendidas,
1374 3479 1681 3531 intraverunt
1719 3493 1832 3530 cum
1861 3494 1936 3541 eo,
1976 3487 2022 3530 et

439 3574 612 3626 clausa
636 3582 706 3624 est
727 3574 893 3642 janua
921 3570 1129 3623 thalami
1160 3567 1367 3640 (Matth.
1399 3568 1488 3622 25.
1519 3567 1631 3637 10).
1657 3566 1899 3636 Quinque
1923 3583 2021 3620 au-

442 3676 547 3719 tem
581 3663 734 3716 fatuae
759 3662 1075 3716 accedentes
1097 3660 1314 3728 januam
1345 3658 1559 3711 thalami
1605 3659 1886 3727 pulsabant
1913 3659 2023 3711 cla-

444 3766 653 3810 mantes
681 3769 696 3811 :
728 3753 876 3820 Aperi
909 3752 1047 3803 nobis
1078 3748 1184 3821 (1b.
1214 3766 1262 3803 υ.
1298 3748 1410 3817 il).
1456 3747 1571 3801 Vox
1617 3758 1791 3802 autem
1841 3748 2022 3818 sponsi

441 3846 512 3900 ab
559 3845 692 3898 intra
737 3844 801 3898 ad
830 3858 919 3897 cas
955 3860 965 3894 :
996 3841 1232 3895 Reccdite
1257 3856 1289 3893 a
1330 3856 1427 3904 me,
1457 3840 1623 3893 nescio
1669 3856 1753 3894 vos
1783 3838 1942 3911 (Ibid.
1973 3856 2020 3894 υ.

444 3937 555 4007 12).
605 3936 672 3990 Et
713 3945 831 4006 post
860 3944 1036 3989 tantos
1080 3934 1289 3989 labores
1323 3933 1450 4003 quid
1492 3934 1811 3987 audierunt?
1840 3932 2024 3987 Nescio

442 4044 549 4083 vos.
606 4028 657 4082 Id
685 4037 767 4082 est
808 4028 949 4097 quod
999 4027 1131 4093 dixi,
1182 4026 1376 4082 frustra
1401 4035 1455 4081 et
1484 4026 1749 4080 incassum
1780 4040 2024 4096 magnam

446 4119 759 4189 virginitatis
815 4121 1200 4188 possessionem
1255 4117 1627 4187 possederunt.
1665 4118 1847 4187 Cogita
1894 4133 2028 4188 quo-

450 4211 609 4265 modo
664 4218 785 4278 post
847 4217 924 4263 tot
987 4210 1196 4263 labores
1246 4208 1476 4262 exclusa:
1529 4218 1685 4274 sunt,
1746 4217 2025 4277 postquam

451 4301 720 4355 frenaraut
764 4299 1197 4353 incontinentiam
1224 4340 1239 4362 ,
1284 4312 1561 4366 poetquam
1609 4298 1855 4366 supernis
1903 4311 2027 4351 cum

455 4389 742 4444 Virtutibus
766 4398 1035 4443 certamen
1065 4387 1380 4452 habuerant,
1428 4396 1704 4457 postquam
1750 4386 1872 4440 vita:
1925 4387 2026 4440 hu-

444 4482 532 4553 jus
584 4497 671 4536 res
725 4487 1052 4551 spreverant,
1102 4487 1378 4549 postquam
1435 4487 1623 4533 uastum
1678 4478 2031 4534 toleraverant

453 4587 719 4642 magnum,
751 4582 1026 4640 postquam
1065 4579 1213 4640 septa
1242 4570 1616 4637 transilicrant,
1656 4578 1935 4640 postquam
1963 4570 2031 4624 de

453 4674 590 4719 terra
631 4662 697 4716 ad
740 4662 928 4729 caelum,
970 4661 1328 4724 evolaverant,
1376 4669 1651 4731 postquam
1698 4661 1937 4731 corporis
1962 4662 2033 4714 si-

450 4753 731 4823 gnaculum
788 4768 892 4806 non
950 4752 1258 4815 solverant,
1308 4766 1372 4806 ac
1425 4767 1673 4821 magnum
1720 4751 2033 4822 virginitatis

452 4842 719 4912 specimen
750 4842 1158 4912 acquisiverant,
1184 4851 1459 4911 postquam
1489 4850 1755 4896 certamen
1783 4857 1904 4896 cum
1933 4858 2033 4896 an-

453 4933 583 5004 gelis
610 4933 860 5000 inierant,
906 4942 1183 5004 postquam
1213 4934 1452 5001 corporis
1496 4933 1838 4988 necessitates
1877 4948 2035 5002 supe-

453 5034 725 5087 raverant,
757 5035 1031 5094 pastquam
1064 5037 1273 5087 naturae,
1291 5024 1469 5078 oblitae
1497 5022 1723 5088 fuerant,
1754 5033 2034 5094 postquam

454 5117 507 5171 in
538 5130 784 5185 corpore,
828 5131 946 5184 quae
994 5115 1427 5183 incorporearum
1475 5122 1617 5181 sunt,
1672 5116 2035 5184 perfecerant,

457 5220 733 5280 postquam
764 5223 1011 5279 magnum
1038 5216 1197 5277 atque
1224 5208 1476 5263 invictum
1491 5197 1812 5277 virginitatis
1838 5209 2036 5262 bonum

458 5302 825 5370 possederant,
872 5311 995 5355 tunc
1036 5300 1361 5355 audierunt:
1396 5300 1629 5355 Recedite
1661 5317 1693 5353 a
1734 5317 1832 5365 me,
1874 5301 2038 5354 nescia

457 5410 562 5449 vos.
594 5394 777 5465 Neque
797 5393 937 5448 enim
968 5394 1096 5447 mihi
1121 5393 1505 5447 existimaveris
1535 5393 1788 5446 tantillam
1822 5391 2036 5460 virgini-

460 5485 581 5540 tatis
605 5500 727 5540 esse
758 5483 1170 5555 magnitudinem
1200 5501 1214 5537 :
1247 5484 1367 5538 talis
1386 5483 1528 5538 enim
1552 5482 1824 5552 virginitas
1849 5492 1948 5546 cst,
1983 5491 2040 5536 ut

458 5591 577 5631 eam
610 5577 840 5646 potuerit
882 5591 1039 5631 nemo
1083 5586 1321 5631 veterum
1367 5590 1707 5630 conservare.
1755 5574 2041 5644 l’r0pterea

459 5665 604 5718 enim
634 5668 800 5734 gratia
852 5681 1062 5736 magna,
1087 5665 1229 5737 quod
1277 5681 1397 5736 qua:
1448 5665 1719 5720 tremenda
1771 5664 2042 5734 prophetis

465 5751 680 5809 fuerunt
725 5766 777 5810 et
824 5756 1121 5823 veteribus,
1170 5756 1355 5812 eadem
1404 5771 1541 5812 nunc
1589 5754 1757 5815 facilia
1806 5755 2042 5827 leviaque

1176 361 1232 415 S.
1272 357 1547 416 JOANNIS
1585 354 2056 413 CllRYSOSTOSil
2095 354 2413 411 AliClllEP.
2446 354 2981 411 CONSTANTINOP.

3590 360 3707 417 23$

2109 467 2499 521 existimantur.
2550 468 2803 535 Qumnam
2849 468 2993 522 enim
3034 466 3242 522 fuerant
3284 472 3598 539 gravissima
3648 485 3708 528 et

2110 559 2381 612 violenta?
2411 558 2710 627 \‘irginitas,
2740 560 3029 626 mortisque
3047 559 3367 628 despectus;
3396 571 3452 615 at
3470 578 3533 615 ea
3562 579 3711 618 itunc

2110 649 2191 702 vel
2221 660 2414 702 tenerae
2460 650 2647 717 puellae
2692 651 2836 718 parvi
2875 649 3131 717 pendunt.
3163 650 3314 705 Adeo
3340 652 3482 706 enim
3523 655 3711 722 gravis

2113 748 2229 793 erat
2256 740 2567 808 virginitatis
2610 740 2895 808 possessio,
2944 748 3001 793 ut
3045 741 3142 794 hac
3167 756 3226 795 se
3255 757 3413 796 nemo
3456 753 3709 798 veterum

2112 830 2380 898 religaret.
2399 829 2511 883 Noe
2535 829 2714 898 justus
2737 839 2943 891 erat,et
2968 845 2998 883 a
3030 830 3138 884 Deo
3160 832 3518 887 testimonium
3547 849 3712 888 acce-

2114 920 2208 989 pit,
2241 920 2333 974 sed
2361 920 2568 974 mulieri
2596 921 2821 975 adhmsit
2846 938 2862 975 :
2888 921 3133 975 similiter
3155 921 3419 978 Abraham
3450 935 3504 977 et
3533 923 3708 991 Isaac,

2116 1011 2354 1081 ejusdem
2399 1025 2463 1065 ac
2511 1011 2600 1066 ille
2642 1012 3008 1081 promissionis
3051 1012 3295 1080 heredes,
3326 1028 3448 1067 cum
3478 1014 3712 1071 muliere

2115 1102 2554 1157 consuetudinem
2583 1102 2896 1157 habuerant.
2923 1102 3123 1171 Joscph
3149 1113 3327 1158 castus
3359 1105 3601 1159 adulterii
3628 1105 3712 1159 fa-

2115 1197 2266 1250 cinus
2311 1212 2370 1250 se
2398 1204 2721 1265 patraturum
2749 1196 2954 1265 negavit
2985 1194 3133 1266 (Gen.
3176 1195 3290 1266 59),
3343 1197 3437 1251 sed
3464 1197 3551 1252 hic
3578 1214 3707 1253 cum

2117 1289 2338 1343 muliere
2376 1288 2810 1342 consuetudinem
2860 1288 3041 1341 habuit
3073 1306 3085 1341 :
3117 1291 3297 1359 gravis
3342 1291 3541 1345 etenim
3591 1301 3715 1347 erat

2118 1378 2438 1447 virginitatis
2464 1377 2743 1447 professio.
2776 1378 2852 1431 Ex
2898 1393 2962 1432 eo
2993 1386 3231 1447 tempore
3262 1379 3409 1432 ﬁrma
3457 1379 3595 1435 facta
3623 1391 3715 1437 est

2118 1469 2411 1539 virginitas,
2451 1484 2516 1522 ex
2544 1482 2651 1538 quo
2701 1466 2800 1522 ﬁos
2830 1467 3144 1537 virginitatis
3173 1471 3504 1539 germinavit.
3537 1470 3715 1527 Nemo

2120 1558 2278 1629 igitur
2303 1569 2538 1613 veterum
2564 1568 2768 1628 poterat
2792 1559 3141 1628 virginitatem
3169 1575 3383 1615 servare
3411 1579 3424 1613 :
3457 1578 3713 1633 magnum

2119 1649 2317 1704 etenim
2346 1659 2427 1704 est
2452 1664 2644 1719 corpus
2667 1649 2895 1704 frenare.
2931 1649 3091 1720 Pinge
3118 1650 3245 1703 mihi
3271 1667 3520 1706 sermone
3551 1654 3715 1723 virgi-

2120 1743 2300 1796 nitatis
2330 1743 2634 1812 specimen;
2665 1751 2825 1812 atque
2850 1743 3062 1797 virtutis
3083 1744 3496 1812 magnitudinem
3515 1745 3708 1800 disce:

2120 1835 2262 1905 quod
2310 1835 2507 1890 bellum
2535 1834 2727 1889 habeat
2754 1834 2988 1904 quotidie
3032 1833 3332 1889 nullatenus
3373 1835 3715 1901 sedandum,

2121 1927 2237 1996 ipso
2255 1927 2528 1981 barbarico
2546 1926 2687 1981 bello
2704 1926 2955 1980 deterius.
2985 1925 3118 1981 Nam
3142 1926 3486 1981 barbarorum
3509 1928 3717 1983 bellum

2121 2017 2207 2070 vel
2235 2027 2441 2085 tempus
2475 2017 2667 2087 quietis
2698 2016 2872 2082 habet,
2903 2032 3023 2071 cum
3053 2017 3422 2084 paciscuntur;
3454 2027 3507 2073 et
3536 2033 3717 2087 quan-

2121 2107 2296 2178 doque
2335 2110 2547 2177 quidem
2599 2118 2851 2179 pugnant,
2891 2108 3205 2178 quandoque
3236 2124 3338 2163 non
3364 2125 3380 2175 ;
3409 2118 3467 2164 et
3494 2112 3723 2164 ordines

2121 2208 2177 2255 et
2200 2209 2392 2254 statuta
2440 2210 2678 2269 tempora
2707 2209 2873 2256 sunt:
2906 2200 3030 2254 belli
3079 2215 3205 2254 vero
3250 2216 3369 2255 eum
3409 2201 3724 2270 virginitate

2121 2293 2253 2361 gesti
2300 2292 2445 2346 nulla
2485 2291 2642 2346 datur
2685 2291 2856 2360 quies.
2889 2291 3136 2345 Diabolus
3181 2299 3265 2345 est
3301 2291 3447 2345 enim
3496 2308 3723 2361 semper

2121 2382 2320 2438 bellum
2348 2382 2599 2448 inferens,
2627 2383 2715 2455 qui
2745 2383 2997 2452 temporis
3024 2381 3448 2436 observationem
3480 2398 3590 2436 non
3621 2401 3724 2436 no-

2120 2477 2216 2541 vit,
2249 2492 2354 2530 non
2397 2484 2603 2544 tempus
2645 2481 2921 2543 exspectat
2944 2473 3011 2528 ad
3041 2472 3363 2537 conﬂictum,
3399 2473 3493 2527 sed
3521 2474 3722 2542 quierit

2123 2582 2334 2636 semper
2360 2567 2614 2635 virginem
2644 2566 2839 2620 nudam
2870 2565 3139 2628 invenire,
3167 2580 3273 2632 quo
3313 2565 3540 2618 mortale
3570 2565 3722 2619 infli-

2120 2668 2211 2728 gat
2239 2659 2461 2718 vulnus;
2490 2672 2663 2728 neque
2685 2656 2754 2711 ab
2775 2656 2876 2711 hoc
2893 2656 3032 2711 bello
3060 2670 3306 2725 umquam
3327 2655 3476 2725 virgo
3500 2669 3727 2710 cessare

2125 2757 2322 2818 potest,
2354 2747 2448 2803 sed
2474 2747 2526 2801 in
2556 2762 2615 2801 se
2644 2747 2925 2800 tumultum
2952 2747 3264 2815 hostemque
3290 2746 3626 2814 circumagit.
3647 2744 3727 2798 Et

2122 2840 2353 2894 damnati
2382 2838 2595 2909 quidem
2625 2837 2833 2892 etiamsi
2857 2839 2924 2890 ad
2956 2846 3163 2905 tempus
3204 2835 3433 2905 iudicem
3477 2835 3725 2899 videant,

2124 2948 2229 2987 non
2261 2931 2474 3002 paribus
2517 2915 2692 2984 tamen
2740 2927 2999 2983 molestiis
3044 2937 3388 2995 prenmntur;
3436 2925 3590 2995 virgo
3617 2941 3725 2980 au-

2128 3035 2236 3080 tem
2263 3038 2597 3094 quocumque
2621 3022 2833 3088 abierit,
2856 3030 2910 3076 et
2925 3021 3158 3089 judicem
3178 3020 3487 3089 circumagit
3504 3033 3727 3085 secum,

2122 3128 2177 3175 et
2203 3119 2406 3172 hostem
2434 3131 2612 3172 secum
2641 3123 2833 3185 portat,
2867 3113 2972 3184 qui,
3000 3129 3172 3182 neque
3202 3112 3406 3183 vesperi
3451 3112 3725 3180 permittit

2124 3210 2409 3279 rcSpirare,
2455 3224 2560 3262 non
2588 3216 2764 3271 nocte,
2790 3222 2895 3260 non
2926 3205 3178 3270 diluculo,
3211 3220 3315 3257 non
3347 3202 3590 3267 meridie,
3622 3203 3728 3257 sed

2124 3302 2322 3357 bellum
2348 3302 2483 3371 gerit
2502 3314 2733 3369 semper,
2755 3296 3181 3366 voluptatemque
3201 3295 3480 3363 submittit,
3505 3294 3733 3363 nuptias

2125 3393 2177 3446 in
2203 3391 2513 3446 memoriam
2542 3388 2830 3454 adducens,
2858 3402 2965 3456 quo
3002 3387 3247 3440 virtutem
3274 3384 3536 3447 excludat,
3566 3385 3726 3438 mali-

2127 3482 2359 3551 tiamque
2390 3481 2441 3534 in
2470 3495 2530 3534 ea
2556 3487 2792 3550 generet,
2839 3477 3217 3531 continentiam
3249 3476 3498 3543 expellat,
3545 3474 3726 3527 forni~

2126 3573 2388 3627 cationem
2419 3574 2605 3626 inferat
2637 3588 2651 3626 :
2680 3570 2980 3625 incenditur
3004 3569 3227 3639 singulis
3253 3568 3396 3621 horis
3423 3567 3720 3636 voluptatis

2128 3668 2309 3723 foruax
2338 3667 2569 3721 suaviter
2593 3679 2871 3720 succensa.
2918 3663 3102 3733 Cogita
3136 3669 3364 3731 quantus
3395 3661 3516 3714 talis
3554 3661 3729 3715 officii

2128 3758 2276 3811 labor
2301 3760 2385 3811 sit.
2430 3759 2499 3811 At
2527 3755 2631 3809 illa:
2670 3763 2790 3824 post
2826 3754 2941 3809 hazc
2968 3753 3143 3807 omnia
3170 3752 3483 3806 audiverunt
3513 3766 3528 3804 :
3559 3748 3731 3804 Rece-

2128 3851 2231 3904 dile
2260 3867 2408 3916 ante,
2452 3850 2617 3903 nescio
2654 3865 2758 3903 vos.
2797 3848 2925 3902 Vide
2953 3861 3111 3916 quam
3139 3860 3324 3914 magna
3356 3858 3441 3898 res
3465 3843 3535 3897 sit
3557 3844 3729 3912 virgi-

2129 3944 2301 4006 nitas;
2351 3957 2471 3997 cum
2516 3954 2756 3995 sororem
2800 3938 3045 3992 habuerit
3075 3937 3489 4004 eleemusynam,
3518 3935 3571 3985 in
3601 3948 3725 3986 eam

2131 4035 2272 4089 nulla
2319 4033 2538 4088 adversa
2566 4039 2833 4102 poterunt,
2869 4028 2963 4084 sed
3006 4027 3252 4082 omnibus
3294 4025 3542 4094 superior
3570 4025 3724 4078 erit:

2131 4131 2411 4193 propterea
2436 4137 2540 4177 non
2571 4121 2922 4175 introiverunt
2947 4119 3069 4182 illte,
3097 4116 3236 4186 quod
3265 4131 3387 4171 cum
3415 4114 3727 4184 virginitate

2132 4215 2526 4283 eleemosynam
2557 4228 2660 4265 non
2692 4210 2991 4265 habuerint.
3033 4208 3200 4263 Multo
3235 4207 3429 4261 rubore
3449 4205 3611 4275 digna
3635 4219 3727 4259 res

2131 4313 2215 4359 est
2240 4320 2254 4357 :
2288 4303 2608 4371 voluptatem
2627 4318 2747 4357 cum
2773 4300 3115 4361 debellasses.
3139 4299 3414 4367 pecuniam
3436 4312 3541 4350 non
3565 4311 3728 4365 spre-

2133 4397 2251 4450 viSti
2277 4412 2292 4462 ;
2325 4395 2419 4451 sed
2440 4396 2589 4466 virgo
2616 4411 2734 4465 qua:
2760 4395 2881 4448 vita:
2911 4393 3245 4458 renuntiasti,
3277 4389 3527 4445 cruciﬁxa
3557 4405 3727 4459 pecn-

2136 4488 2276 4540 niam
2304 4501 2473 4540 amas.
2504 4486 2713 4541 Utinam
2744 4486 2912 4538 virum
2942 4484 3327 4547 desiderasses,
3356 4491 3516 4550 atque
3544 4481 3726 4535 minus

2135 4577 2522 4631 criminandum
2570 4575 2742 4630 fuerat
2772 4593 2785 4629 :
2818 4590 2939 4629 nam
2985 4573 3220 4642 ejusdem
3264 4571 3573 4626 substantiae
3605 4586 3725 4624 rem

2135 4684 2198 4724 ac
2240 4672 2511 4725 materiam
2540 4669 2939 4733 desiderasses;
2966 4668 3075 4737 jam
3107 4682 3232 4721 vero
3278 4664 3449 4734 majus
3490 4673 3574 4718 est
3618 4665 3729 4719 cri-

2136 4776 2283 4828 men,
2331 4761 2471 4831 quod
2516 4761 2789 4815 materiam
2837 4758 3062 4813 alienam
3106 4756 3510 4811 desideraveris.
3544 4754 3726 4822 Esto,

2136 4869 2254 4922 qua:
2280 4853 2378 4906 sub
2404 4853 2515 4906 viro
2561 4863 2684 4906 sunt
2711 4851 2965 4905 smvitiam
2997 4851 3135 4904 male
3160 4849 3445 4903 ostendunt
3488 4845 3726 4901 ﬁliorum

2139 4952 2393 5013 prietextu
2417 4959 2433 4996 :
2459 4942 2599 5012 quod
2621 4943 2663 4997 si
2690 4941 2739 4997 ei
2758 4942 2978 5005 dixeris,
3000 4941 3070 4993 Da
3098 4940 3508 5009 eleemosyuam,
3534 4936 3727 5001 Filios,

2140 5038 2329 5106 inquit,
2360 5037 2550 5102 habeo,
2581 5045 2636 5089 et
2664 5049 2890 5104 nequeo.
2938 5034 3074 5087 Deus
3115 5031 3250 5086 ﬁlios
3280 5032 3372 5086 tibi
3411 5029 3576 5092 dedit,
3611 5029 3729 5084 fru-

2140 5139 2281 5183 ctum
2330 5129 2529 5182 ventris
2579 5127 2849 5195 accepisti,
2898 5139 3002 5178 non
3042 5140 3148 5194 quo
3189 5139 3351 5189 szcva,
3382 5120 3474 5177 sed
3499 5135 3610 5192 quo
3642 5122 3730 5192 pia

2141 5219 2548 5288 misericorsque
2577 5219 2691 5271 ﬁas.
2722 5217 2801 5272 Ne
2830 5216 2985 5285 igitur
3001 5229 3213 5269 causam
3239 5213 3534 5268 clementia:
3558 5212 3737 5281 pieta-

2143 5311 2312 5379 tisque
2342 5309 2556 5363 saevitiae
2584 5322 2797 5362 causam
2829 5307 3034 5362 feceris.
3066 5306 3226 5373 Cupis
3253 5303 3598 5358 hereditatem
3636 5303 3728 5357 bo-

2144 5416 2265 5455 nam
2288 5401 2409 5454 tiliis
2431 5400 2534 5453 tuis
2559 5397 2897 5469 relinquere?
2923 5399 3311 5467 eleemosynam
3337 5395 3595 5463 relinque,
3620 5410 3732 5464 quo

2146 5503 2197 5547 te
2226 5506 2413 5546 omnes
2453 5488 2695 5545 laudibus
2737 5488 2981 5553 efferant,
3009 5486 3381 5557 celebremque
3407 5485 3479 5539 tui
3522 5500 3732 5538 memo-

2147 5584 2276 5637 riam
2300 5582 2587 5652 relinquas.
2609 5580 2691 5635 Tu
2716 5594 2843 5635 vero
2864 5594 2969 5633 non
2994 5577 3194 5632 habens
3219 5576 3374 5642 ﬁlios,
3407 5578 3502 5631 sed
3524 5574 3729 5630 mendo

2147 5672 2419 5741 cruciﬁxa,
2464 5672 2586 5744 quid
2619 5671 2867 5741 pecunias
2892 5669 3220 5743 congregas?
