3896 6230
1153 332 1242 387 DE
1274 332 1761 392 ELEEMOSYNA.
1804 336 2035 393 HOMKL.
2072 336 2156 391 Ill.

68 446 481 519 Θεραπόντων
513 448 938 519 παρεστηκότων
968 444 1086 501 εἷπε
1124 449 1260 519 πρὸς
1283 449 1480 512 αύτούς
1500 466 1512 478 ·
1546 451 1642 504 Εὖ-

33 549 356 615 ιστήσατε
391 545 568 617 τούτῳ
594 545 765 598 πολλά
791 547 907 600 ἀντ’
936 545 1092 616 ἐμοῦ·
1124 539 1279 610 οὗτός
1317 562 1384 615 με
1408 548 1468 598 ἐν
1490 548 1650 618 πενίᾳ

33 659 46 695 ι
88 641 391 714 διέθρεψε
425 644 518 696 καί
555 642 814 709 ἐξένισεν,
856 637 1010 706 οὗτος
1044 642 1168 713 ἐμοὶ⁵
1192 641 1392 705 πολλὰς
1425 642 1650 713 εὐεργε-

33 755 39 793 ῖ
75 740 167 791 ὲν
196 736 391 809 καιρῷ
412 738 773 809 στενοχωρίας
794 740 1057 809 παρέσχε·
1078 738 1196 802 πῶς
1214 739 1315 792 οὐκ
1335 738 1400 793 ἂν
1422 739 1651 803 ἕκαστος

33 836 163 904 [pf]
182 852 343 904 ματα
368 834 534 888 αὐτοῦ
562 835 662 888 ὅλα
678 835 815 906 πρὸς
845 837 1051 888 ἐκεῖνον
1077 827 1430 906 ἀνήλωσεν,ᾦ
1448 838 1475 888 ό
1498 834 1651 905 βασι-

33 947 49 994 ;
89 930 511 1002 ηὐχαρίστησε
536 931 689 995 ςπῶς
702 933 803 984 οὐκ
828 931 895 984 ἂν
922 931 1316 999 ἁπελογίσατο;
1338 930 1452 994 πῶς
1469 933 1569 985 οὐκ
1583 930 1649 985 ἂν

33 1042 205 1090 στος
245 1025 587 1081 ἐσπούδασεν
629 1026 821 1079 ἐαυτὸν
863 1025 1013 1096 αύτῷ
1059 1025 1399 1097 παραθέσθαι
1436 1027 1531 1079 καὶ
1560 1043 1651 1096 φι-

33 1123 237 1193 δῆναι
260 1141 276 1189 ;

33 1237 73 1284 '.
121 1231 341 1285 Εἷδετε
365 1231 463 1303 τὴν
476 1230 708 1303 δύναμιν
722 1230 814 1285 τοῦ
831 1232 989 1300 λόγου
1010 1250 1024 1299 ;
1043 1232 1103 1284 El
1121 1231 1176 1283 δέ
1195 1248 1258 1300 γε
1275 1230 1368 1284 ἐπὶ
1384 1230 1650 1301 βασιλέως

33 1324 273 1398 ρώπου
323 1326 595 1397 τοσαύτην
642 1328 808 1399 τιμὴν
858 1327 972 1397 ἔχει
1010 1327 1072 1379 τὸ
1100 1328 1351 1396 πρᾶγμα,
1395 1326 1646 1397 ἐννόησον

36 1422 207 1475 στὸν
239 1424 305 1476 ἐν
330 1424 515 1497 ἐκείνῃ
546 1427 612 1494 τῇ
642 1423 825 1495 ήμέρᾳ
856 1422 1122 1476 καλοῦντα
1145 1423 1237 1476 ἐπὶ
1279 1422 1525 1490 ἀγγέλων
1553 1422 1647 1475 καὶ
1676 1432 1698 1452 ‘-

33 1533 131 1587 πγς
158 1517 488 1589 δυνάμεως,
508 1520 603 1573 καὶ
623 1517 869 1587 λέγοντα·
892 1510 1062 1581 Οὗτός
1097 1534 1164 1587 με
1196 1519 1253 1570 ἐν
1282 1520 1347 1587 τῇ
1379 1519 1450 1586 γῇ
1484 1516 1647 1582 ἐξένι-

33 1631 39 1642 '
74 1607 274 1678 οὗτός
317 1632 385 1685 με
419 1616 590 1685 μυρία
618 1613 1008 1686 εὐηργέτησεν·
1039 1609 1195 1677 οὗτός
1237 1628 1303 1683 με
1337 1612 1486 1679 ξένον
1516 1611 1646 1665 ὄντα

33 1710 310 1778 ήγαγεν·
347 1710 601 1781 ἐννόησον
622 1710 807 1763 λοιπὸν
832 1709 931 1778 τὴν
964 1708 1276 1779 παρρησίαν
1297 1707 1394 1778 τὴν
1418 1708 1511 1761 ἐπὶ
1534 1707 1643 1759 τῶν

33 1804 250 1872 ’έλων,
282 1806 347 1860 τὸ
368 1806 632 1877 καύχημα
654 1806 716 1859 τὸ
749 1806 843 1859 ἐπὶ
870 1806 978 1858 τῶν
999 1804 1189 1875 δήμων
1226 1802 1333 1856 τῶν
1357 1803 1489 1858 ἀνω.
1515 1798 1588 1873 ’ᾫ
1615 1804 1643 1855 ό

34 1901 205 1965 στδς
241 1906 547 1975 μαρτυρεῖ,
600 1901 718 1967 πῶς
768 1904 868 1956 οὐκ
897 1901 962 1956 ἂν
1013 1904 1113 1972 σχῇ
1165 1901 1475 1971 παρρησίαν
1500 1900 1641 1971 ὑπὲρ

34 2000 280 2067 ’ἐ).ους;
332 2001 490 2070 Μέγα
542 1995 635 2055 οὖν
678 2003 909 2071 πρᾶγμα
961 1998 1334 2070 ἐλεημοσύνη,
1388 1997 1635 2067 ἀδελφοί·

34 2114 163 2167 την
196 2096 610 2167 ἁσπασώμεθα,
637 2093 705 2168 ἦς
733 2097 885 2151 οὐδὲν
917 2098 1052 2151 ἴσον·
1089 2098 1246 2167 ίκανή
1274 2098 1390 2148 ἐστι
1418 2095 1514 2148 καὶ
1541 2094 1636 2148 ἆλ-

64 2191 378 2262 ἁμαρτίας
407 2191 709 2261 ἐξαλεῖψαι,
736 2192 831 2246 καὶ
862 2192 961 2261 τὴν
1001 2192 1181 2263 κρίσιν
1204 2191 1510 2245 ἀπελάσαι·
1544 2190 1639 2243 σοῦ

36 2286 292 2349 πῶντος
329 2287 525 2357 ἕστηκε
551 2287 647 2341 καὶ
673 2290 965 2359 συνηγορετ
992 2303 1003 2317 ·
1040 2287 1240 2358 μᾶλλον
1269 2286 1328 2341 δέ
1379 2286 1473 2339 σού
1508 2303 1638 2338 σιω-

33 2399 172 2446 ντος
212 2383 394 2454 μυρία
433 2383 678 2455 στόματα
713 2384 1032 2454 εὐχαριστεῖ
1061 2384 1201 2454 ὑπὲρ
1231 2382 1346 2436 σοῦ.
1387 2381 1639 2436 Τοσαῦτα

33 2477 133 2531 ιθὰ
166 2480 246 2531 ἐκ
277 2479 377 2548 τῆς
423 2477 814 2549 ἐλεημοσύνης,
861 2479 957 2532 καὶ
1008 2480 1170 2549 ἡμεῖς
1209 2477 1518 2549 ἀμελοῦμεν
1543 2478 1638 2531 καὶ

33 2572 476 2645 ιπεπτώκαμεν.
515 2574 616 2639 Δδς
657 2574 803 2629 κατά
849 2574 1078 2644 δύναμιν
1110 2575 1302 2645 ἄρτον·
1348 2576 1450 2627 οὐκ
1493 2573 1639 2645 ἔχεις

33 2686 163 2735 :ov;
220 2668 317 2733 δὸς
372 2668 589 2723 ὀϐολόν·
633 2672 734 2724 οὐκ
772 2670 918 2741 ἔχεις
963 2669 1182 2735 ὀϐολόν;
1241 2669 1328 2732 δὺς
1379 2670 1637 2741 ποτήριον

33 2764 172 2836 χροῦ
204 2763 434 2829 ὕδατος·
471 2766 571 2819 οὐκ
604 2766 750 2837 ἔχεις
768 2766 955 2831 τοῦτο;
986 2766 1365 2836 συμπένθησον
1404 2765 1482 2837 τῷ
1520 2766 1634 2821 θλι-

33 2862 197 2930 ιένῳ,
233 2860 331 2914 καὶ
355 2860 498 2931 ἔχεις
521 2861 732 2932 μισθόν.
759 2863 831 2915 Οὐ
855 2864 964 2934 γὰρ
978 2861 1080 2933 τῆς
1102 2863 1346 2933 ἀνάγκης
1366 2865 1394 2916 ὁ
1423 2862 1632 2935 μισθὸς,

33 2955 92 3009 ιά
115 2956 230 3027 τῆς
262 2955 653 3027 προαιρέσεως.
692 2956 833 3009 Ἀλλ’
865 2958 941 3022 ὡς
974 2957 1054 3010 ἔτι
1084 2960 1210 3029 περὶ
1239 2958 1430 3011 τούτου
1461 2958 1637 3012 διαλε-

33 3053 171 3123 κεθα
193 3095 210 3119 ,
246 3052 473 3123 ἐξῆλθεν
521 3055 652 3124 ἡμῖν
699 3056 731 3125 ἡ
769 3056 988 3127 φροντὶς
1015 3054 1124 3108 τῶν
1163 3056 1467 3128 παρθένων·
1501 3056 1634 3125 φέρε

35 3165 50 3200 θ
82 3151 169 3212 είς
195 3148 262 3202 τὺ
293 3150 654 3219 προκείμενον
686 3150 1088 3224 ἐπανέλθωμον.
1109 3153 1249 3207 Δότε
1267 3154 1430 3222 ἡμῖν,
1449 3156 1632 3223 φησὶν,

37 3262 173 3299 mor
202 3246 279 3300 ἐκ
300 3245 416 3299 τῶν
439 3241 691 3313 ἀγγείων
726 3250 914 3320 ὑμῶν.
982 3253 1064 3305 Οὐ
1098 3250 1399 3319 δυνάμεθα
1427 3250 1635 3305 δοῦναι

37 3338 135 3409 ιῖν,
152 3345 391 3415 μήποτε
416 3346 527 3398 οὐκ
550 3345 779 3413 ἀρκέσῃ
806 3344 954 3414 ἡμῖν
973 3346 1071 3399 καὶ
1096 3344 1257 3414 ὑμῖν·
1292 3346 1429 3399 ἀλλ’
1452 3345 1637 3399 ἀπελ-

39 3436 184 3492 ῦσαι
211 3441 551 3509 ἀγοράσατε
574 3442 693 3495 ἀπὸ
725 3443 844 3495 τῶν
873 3444 1255 3497 πωλούντων.
1293 3442 1636 3511 Ἆπερχομέ-

41 3549 90 3587 ιν
120 3534 191 3587 δὲ
215 3533 418 3589 αὐτῶν
468 3535 777 3605 ἀγοράσαι,
817 3532 1003 3606 ἦλθεν
1048 3540 1080 3591 ὁ
1132 3537 1411 3605 νυμφίος.
1438 3538 1537 3591 καὶ
1576 3541 1636 3592 αἱ

43 3646 222 3687 ουσαι
255 3635 366 3697 τὰς
386 3631 706 3702 λαμπάδας
726 3631 982 3702 φαιδρᾶς
1018 3632 1431 3699 συνεισῆλθον
1450 3632 1631 3700 αὐτῷ,

43 3726 71 3777 ιὶ
102 3727 475 3794 ἀπεκλείσθη
501 3730 539 3797 ὴ
568 3729 721 3796 θύρα
769 3727 1109 3798 νυμφῶνος.
1139 3724 1341 3783 Ἦλθον
1367 3730 1424 3782 δὲ
1450 3730 1546 3782 καὶ
1573 3731 1633 3784 αί

46 3842 135 3877 ντε
176 3826 377 3898 μωραὶ,
428 3827 521 3879 καὶ
558 3827 781 3899 ἔκρουον
832 3826 931 3898 τὴν
977 3827 1147 3899 θύραν
1196 3826 1292 3880 τοῦ
1349 3828 1635 3898 νυμφῶνος

47 3920 195 3973 ὦσαι·
232 3921 511 3987 Ἀνοιξον
545 3923 707 3991 ἡμῖν·
740 3924 834 3977 καὶ
872 3924 1021 3994 φωνὴ
1068 3923 1269 3977 ἔσωθεν
1303 3924 1439 3994 πρὸς
1466 3925 1634 3988 αὑτὰς

47 4014 71 4068 5
120 4019 373 4090 νυμφίου·
419 4018 732 4074 Ἀπέλθετε
779 4022 882 4074 ἀπ’
913 4021 1095 4091 ἐμοῦ,
1135 4023 1247 4074 οὐκ
1293 4018 1426 4075 οῖδα
1455 4021 1633 4090 ὑμᾶς.

49 4113 90 4164 ιὶ
113 4115 249 4182 μετὰ
277 4116 561 4180 τοσούτους
612 4118 897 4187 καμάτους
943 4118 996 4171 τί
1040 4120 1311 4189 ήκουσαν;
1347 4122 1470 4173 Οὐκ
1500 4116 1634 4174 οἶδα

51 4206 153 4273 ιᾶς.
172 4211 338 4263 Τοῦτό
363 4213 531 4275 ἐστιν,
561 4213 591 4266 ὃ
620 4212 828 4282 ἔλεγον,
859 4216 981 4283 είκῆ
1009 4215 1104 4267 καὶ
1129 4219 1303 4285 μάτην
1339 4216 1636 4286 ἐκτήσαντο

73 4304 212 4372 μέγα
235 4306 421 4376 κτῆμα
445 4308 543 4376 τῆς
565 4307 883 4379 παρθενίας.
929 4307 1233 4379 Ἐννόησον,
1290 4309 1427 4379 μετὰ
1450 4309 1637 4363 τοσού-

53 4417 106 4463 υς
133 4404 403 4472 καμάτους
437 4403 826 4474 ἐξεϐλήθησαν,
856 4406 945 4457 ὅτε
979 4405 1249 4475 ἀκρασίαν
1281 4406 1633 4476 ἐχαλίνωσαν,

55 4491 135 4562 98]
163 4495 249 4549 ὅτε
270 4497 404 4565 πρὸς
421 4495 519 4559 τάς
553 4495 666 4549 ἄνω
692 4496 950 4566 δυνάμεις
982 4496 1080 4567 τὴν
1108 4496 1340 4566 ἅμιλλαν
1362 4495 1524 4568 εἶχον,
1546 4500 1635 4551 ὅτε

57 4605 95 4639 ιν
126 4588 385 4658 βιωτικῶν
431 4592 802 4661 κατεγέλασαν
837 4592 1210 4664 πραγμάτιον,
1243 4593 1332 4647 ὅτε
1365 4593 1456 4646 τὸν
1501 4594 1636 4647 καύ-

59 4703 132 4740 ›να
171 4690 472 4761 ὑπήνεγκαν
526 4691 618 4745 τὸν
663 4692 855 4763 μέγαν,
893 4692 983 4744 ὅτε
1021 4692 1090 4746 τὰ
1136 4692 1436 4763 σκάμματα
1471 4693 1638 4762 ὑπερ-

65 4799 208 4851 ησαν,
231 4787 316 4840 ὅτε
334 4787 438 4841 ἀπὸ
462 4788 567 4857 γῆς
592 4788 669 4851 είς
691 4787 917 4859 οὐρανὸν
941 4788 1134 4842 ἀνεπτε
1144 4788 1409 4858 ρώθησαν.
1430 4790 1516 4841 ὅτε
1541 4786 1635 4842 τοῦ

61 4874 237 4946 ὒματος
260 4883 355 4952 τὴν
385 4882 655 4952 σφραγῖδα
685 4874 744 4935 ού
798 4883 1067 4946 διέλυσαν,
1106 4884 1195 4937 ὅτε
1222 4884 1281 4937 τὸ
1323 4884 1465 4954 μέγα
1499 4881 1636 4949 εἶδος

61 4973 96 5041 ις
124 4978 401 5047 παρθενίας
432 4979 751 5050 ἐκτήσαντο,
780 4980 867 5031 ὅτε
915 4979 1013 5050 τὴν
1059 4979 1289 5051 ἅμιλλαν
1337 4980 1471 5051 πρὸς
1512 4982 1636 5045 τοὺς

63 5070 251 5136 γγέλους
280 5074 448 5145 ἔσχον,
483 5077 573 5128 ὅτε
600 5075 695 5128 τοῦ
721 5075 974 5145 σώματος
1005 5075 1102 5138 τὰς
1129 5076 1375 5143 ἀνάγκας
1399 5077 1638 5130 κατεπά-

65 5178 182 5233 ισαν,
204 5170 287 5222 ὅτε
312 5172 403 5242 τῆς
431 5171 645 5240 φύσεως
675 5170 1080 5242 ὲπελήσθησαν,
1110 5171 1198 5224 ὅτε
1236 5172 1294 5223 ἐν
1330 5172 1539 5242 σώματι
1567 5174 1637 5227 1'1

67 5259 255 5330 πώματα
283 5268 599 5322 ἐπετέλεσαν
619 5307 634 5331 ,
680 5270 770 5323 ὅτε
795 5268 857 5321 τὸ
902 5267 1044 5338 μέγα
1084 5270 1178 5321 καὶ
1212 5268 1636 5340 ἀκαταμάχητον

67 5353 185 5425 πῆμα
209 5361 300 5431 τῆς
327 5364 615 5435 παρθενίας
642 5367 961 5434 ἐκτήσαντο·
985 5364 1106 5418 τότε
1137 5365 1397 5435 ήκουσαν,
1438 5366 1638 5420 Ἀπέλ-

69 5462 143 5503 ne
165 5454 255 5507 ἀπ’
281 5457 436 5527 ἐμοῦ,
462 5462 573 5514 οὐκ
601 5457 733 5515 οἶδα
764 5459 938 5531 ὑμᾶς.
982 5460 1073 5531 Μὴ
1112 5461 1221 5531 γὰρ
1259 5461 1383 5531 ἐμοὶ⁵
1410 5463 1636 5537 νομίσῃς

71 5547 194 5617 δτῆς
227 5555 508 5625 παρθενίας
542 5556 768 5627 μέγεθος
808 5555 1003 5626 μικρὸν
1034 5551 1192 5610 εἶναι·
1227 5557 1466 5611 τοιοῦτόν
1491 5560 1636 5613 ἐστιν

94 5646 341 5717 παρθενία,
370 5654 450 5706 ὅτι
473 5653 649 5716 οὐδεὶς
676 5653 917 5724 ἠδυνήθη
942 5653 1051 5706 τῶν
1090 5655 1332 5725 ἀρχαίων
1358 5654 1517 5708 τοῦτο
1542 5674 1638 5726 τη-

74 5733 191 5805 ῆσαι.
215 5746 302 5802 Διά
330 5750 480 5805 τοῦτο
499 5750 606 5825 γὰρ
635 5753 668 5823 ή
706 5752 865 5824 χάρις
901 5752 1131 5825 μεγάλη,
1164 5755 1244 5808 ὅτι
1279 5754 1310 5809 ἃ
1336 5749 1401 5827 ἦν
1426 5755 1630 5826 φοϐερὰ

3314 335 3414 392 296

1759 456 1816 506 ἐν
1848 455 1960 515 τοίς
2000 451 2312 522 προφήταις
2352 450 2446 504 καὶ
2475 452 2533 503 ἐν
2562 452 2673 513 τοῖς
2698 451 2964 523 ἀρχαίοις,
2992 452 3160 504 ταῦτα
3202 450 3414 518 ἐγένετο

1757 537 1851 590 νῦν
1895 538 2368 608 εὐκαταφρόνητα.
2424 536 2557 588 Τίνα
2612 536 2722 607 γὰρ
2758 533 2825 607 ἦν
2872 538 2942 592 τὰ
2997 536 3274 608 βαρύτατα
3322 538 3416 590 καὶ

1757 625 2066 692 ἁναγκαίας
2092 622 2385 692 Παρθενία,
2416 623 2510 675 καὶ
2545 623 2774 676 θανάτου
2811 623 3101 695 ὑπεροψία·
3132 622 3269 676 ἀλλά
3293 622 3417 677 τού·

1756 728 1862 764 των
1898 711 1992 764 νῦν
2040 712 2136 764 καὶ
2173 711 2329 780 κόραι
2379 710 2615 773 εὐτελεῖς
2657 710 3073 780 καταφρονοῦσι.
3126 710 3272 781 Βαρὺ
3304 710 3417 782 γάρ

1754 793 1822 868 ἦν
1853 797 1913 850 τὸ
1936 798 2035 866 τῆς
2061 796 2358 867 παρθενίας
2386 796 2568 865 κτῆμα
2597 794 2789 860 οὕτως,
2819 796 2895 859 ὡς
2931 797 3135 867 μηδένα
3158 797 3417 851 δύνασθαι

1755 885 1961 954 ταύτην
1991 885 2229 953 ἀσκῆσαι
2261 883 2369 935 τῶν
2398 883 2662 937 παλαιῶν.
2693 884 2816 936 Νῶε
2842 884 3049 947 δίκαιος
3078 885 3172 937 καὶ
3203 901 3414 956 μαρτυ-

1760 971 1942 1042 ρηθεὶς
1962 971 2067 1023 ὑπὸ
2088 969 2181 1023 τοῦ
2194 969 2351 1033 Θεοῦ,
2366 970 2500 1022 ἀλλά
2522 971 2739 1038 γυναικὶ
2762 972 3196 1043 προσωμίλησεν·
3215 972 3415 1042 ὁμοίως

1754 1057 1810 1109 δέ
1841 1057 2089 1128 Ἀϐραὰμ
2111 1060 2205 1110 καὶ
2231 1056 2413 1110 Ἰσαὰκ
2428 1062 2475 1110 οἱ
2501 1058 2931 1129 συγκληρονόμοι
2953 1058 3117 1111 αὐτοῦ
3132 1058 3231 1127 τῆς
3249 1060 3415 1126 ἐπαγ-υ

1754 1144 1939 1212 γελίας
1963 1147 2183 1213 γυναικὶ
2204 1144 2645 1216 προσωμίλησαν.
2676 1144 2873 1215 Ἰωσὴφ
2889 1145 2918 1197 ὁ
2940 1144 3168 1215 σώφρων
3189 1146 3249 1197 τὸ
3273 1146 3417 1215 μέγα

1753 1228 1937 1300 δρᾶμα
1968 1231 2070 1299 τῆς
2117 1230 2362 1300 μοιχείας
2394 1233 2688 1301 ἠρνήσατο·
2714 1231 2855 1283 ἀλλά
2888 1232 2982 1284 καὶ
3015 1223 3414 1299 οὖτοςγυναικὶ

1754 1317 2195 1386 προσωμίλησεν·
2228 1317 2367 1388 βαρὺ
2403 1317 2512 1390 γὰρ
2539 1314 2605 1388 ἦν
2634 1317 2694 1370 τὸ
2726 1317 3051 1388 ἐπάγγελμα
3079 1317 3179 1385 τῆς
3208 1317 3415 1389 παρθε-

1753 1404 1891 1465 νίας.
1928 1404 2152 1456 Ἒκτοτε
2186 1404 2382 1476 ἰσχυρά
2419 1407 2453 1475 ή
2487 1406 2754 1476 παρθενία
2786 1404 3025 1474 ἐγένετο,
3060 1404 3210 1468 ἐξότε
3232 1405 3294 1458 τὸ
3317 1405 3414 1459 ἄν·

1753 1488 1844 1552 θος
1873 1490 1934 1542 τὸ
1964 1491 2064 1560 τῆς
2110 1492 2409 1561 παρθενίας
2451 1491 2803 1559 ἐϐλάστησεν.
2851 1492 3038 1556 Οὐδεὶς
3081 1492 3260 1544 τοίνυν
3303 1491 3413 1544 τῶν

1752 1576 1996 1629 παλαιῶν
2012 1576 2251 1649 ἠδυνήθη
2272 1578 2568 1649 παρθενίαν
2596 1579 2855 1648 ἀσκῆσαι·
2879 1578 3021 1649 μέγα
3040 1577 3151 1649 γὰρ
3179 1580 3412 1648 πρᾶγμα

1752 1661 1911 1732 σῶμα
1961 1662 2276 1732 χαλινῶσαι.
2335 1664 2830 1735 Ἀναζωγράφησον
2883 1663 2962 1733 τῷ
3006 1663 3149 1733 λόγῳ
3202 1665 3263 1717 τὸ
3310 1664 3409 1734 τῆς

1752 1747 2052 1821 παρθενίας
2078 1744 2217 1813 εἶδος
2236 1790 2251 1814 ,
2287 1750 2382 1803 καὶ
2420 1750 2705 1820 κατάμαθε
2730 1750 2790 1801 τὸ
2824 1750 3052 1820 μέγεθος
3081 1751 3181 1819 τῆς
3209 1751 3411 1820 ἀρετῆς

1749 1835 1939 1905 αὐτῆς·
1976 1835 2057 1889 ἔτι
2091 1836 2325 1907 πόλεμον
2362 1835 2476 1906 ἔχει
2517 1838 2603 1905 ἐφ’
2637 1836 2874 1907 ἑκάστης
2911 1838 3125 1906 ἡμέρας
3153 1836 3410 1889 οὐδέποτε

1748 1921 2044 1992 δυνάμενον
2074 1923 2367 1993 ήσυχάσαι·
2410 1923 2608 1992 χείρων
2653 1922 2747 1974 τοῦ
2795 1920 3131 1992 βαρϐαρικοῦ
3169 1921 3409 1991 πολέμου

1749 2004 1904 2072 οὗτος
1929 2011 1957 2062 ὁ
1986 2009 2241 2078 πόλεμος.
2292 2008 2348 2061 '0
2381 2010 2478 2079 μὲν
2517 2009 2625 2079 γὰρ
2674 2009 2784 2061 τῶν
2836 2008 3126 2079 βαρϐάρων
3178 2007 3410 2078 πόλεμος

1749 2098 1939 2169 καιρόν
1960 2115 2080 2151 τινα
2107 2098 2218 2169 ἔχει
2247 2099 2446 2168 ἀνοχῆς
2466 2100 2525 2150 ἐν
2546 2102 2664 2161 ταῖς
2695 2098 3010 2169 συνθήκαις,
3037 2098 3132 2151 καὶ
3158 2098 3287 2151 ποτέ
3310 2098 3411 2167 μὲν

1750 2184 2149 2255 συμϐάλλουσι,
2189 2186 2318 2239 ποτὲ
2345 2186 2402 2239 δὲ
2434 2184 2518 2249 οὒ,
2542 2189 2637 2240 καὶ
2669 2170 2854 2250 τάξεις
2892 2186 2985 2239 καὶ
3025 2185 3208 2256 χρόνοι
3246 2186 3406 2238 εἰσίν·

1747 2274 1839 2326 ἐπ)⁵
1870 2273 1927 2326 δέ
1960 2273 2052 2327 τοῦ
2076 2274 2314 2343 πολέμου
2352 2274 2446 2327 τοῦ
2488 2274 2622 2347 πρὸς
2657 2276 2754 2346 τὴν
2800 2274 3102 2345 παρθενίαν
3139 2275 3238 2326 οὐκ
3262 2273 3409 2325 ἐστιν

1746 2360 1936 2430 ἀνοχή·
1966 2360 2212 2424 διάϐολος
2232 2361 2338 2433 γάρ
2368 2363 2513 2414 ἐστιν
2539 2364 2567 2415 ὁ
2597 2360 2871 2432 πολεμῶν,
2913 2362 2975 2414 οὺ
3001 2361 3192 2432 καιρὸν
3218 2362 3409 2431 ἐπιτη-

1746 2450 1859 2519 ρεῖν
1890 2446 2185 2510 ἐπιθέσεως
2207 2448 2382 2512 εἰδὼς,
2420 2449 2482 2501 ού
2521 2448 2773 2514 σύνταξιν
2816 2449 2955 2518 πρὸς
2994 2449 3095 2519 τὴν
3131 2446 3407 2517 συμϐολὴν

1745 2534 2132 2605 ἐκδεχόμενος,
2185 2534 2299 2588 ἀλλ’
2355 2536 2586 2605 ἕστηκεν
2637 2537 2726 2589 ἀεὶ
2762 2535 2943 2606 ζητῶν
2987 2534 3088 2605 τὴν
3141 2534 3409 2606 παρθένον

1745 2622 1957 2693 γυμνὴν
1987 2622 2199 2691 εὑρεῖν,
2247 2622 2335 2675 ἴνα
2369 2623 2590 2693 καιρίαν
2638 2624 2893 2693 ἐπαγάγῃ
2915 2622 3014 2692 τὴν
3048 2623 3282 2693 πληγήν·
3315 2621 3411 2675 καὶ

1744 2709 2000 2763 οὐδέποτε
2030 2709 2251 2763 δύναται
2293 2711 2327 2779 ή
2362 2710 2630 2779 παρθένος
2672 2709 2765 2763 τοῦ
2809 2709 3046 2780 πολέμου
3095 2708 3409 2762 παύσασθαι

1742 2795 1957 2855 τούτου,
1991 2796 2109 2850 ἀλλ’
2145 2798 2201 2850 ἐν
2221 2796 2357 2867 αὐτῇ
2393 2797 2483 2849 τὸν
2503 2796 2742 2868 τάραχον
2770 2797 3027 2868 περιάγει
3057 2796 3151 2850 καὶ
3182 2795 3274 2848 τὸν
3308 2812 3409 2848 πο-

1748 2883 2036 2955 λεμιστήν.
2079 2884 2188 2937 Καὶ
2215 2885 2265 2937 οἱ
2306 2884 2404 2953 μὲν
2427 2885 2707 2937 κατάδικοι
2741 2883 2843 2937 κᾶν
2868 2883 3004 2954 πρὸς
3038 2882 3229 2955 καιρὸν
3256 2880 3404 2940 ἴδωσι

1743 2971 1833 3024 τὸν
1857 2972 2126 3041 ἄρχοντα,
2175 2971 2275 3041 οὐχ
2318 2970 2463 3024 οὕτω
2508 2969 2897 3041 χειμάζονται·
2952 2972 2984 3041 ή
3035 2970 3091 3024 δὲ
3138 2970 3409 3040 παρθένος
3453 2977 3457 2981 ’

1742 3059 1985 3128 ὅπουπερ
2011 3059 2076 3112 ἂν
2109 3059 2435 3128 ἀπέρχηται,
2455 3058 2546 3110 τὸν
2570 3058 2827 3128 δικαστὴν
2859 3058 3112 3129 περιάγει
3135 3056 3255 3127 μεθ’
3282 3058 3411 3109 ἐαυ-

1743 3145 1861 3215 τῆς,
1892 3145 2100 3199 καὶτὸν
2135 3144 2393 3214 πολέμιον
2440 3146 2761 3215 περιφέρει,
2815 3145 2911 3198 καὶ
2946 3148 2975 3198 ὁ
3022 3144 3282 3214 πολέμιος
3311 3145 3410 3214 οὐχ

1743 3232 1981 3302 ἑσπέρας
2008 3233 2143 3303 αὐτῇ
2183 3233 2395 3285 δίδωσιν
2427 3232 2627 3295 ἄνεσιν,
2655 3233 2753 3284 οὐκ
2781 3234 2838 3285 ἐν
2866 3233 3039 3294 νυκτὶ,
3064 3232 3162 3284 οὑκ
3190 3231 3407 3301 ὄρθρου,

1742 3320 1844 3373 οὐκ
1875 3322 1932 3373 ἐν
1975 3320 2311 3391 μεσημϐρίᾳ·
2346 3319 2480 3372 ἀλλὰ
2507 3319 2735 3388 πολεμεῖ
2764 3318 3012 3381 πάντοτε,
3054 3317 3244 3386 ἡδονὴν
3278 3319 3410 3370 ὑπο-

1741 3407 2045 3476 τιθέμενος,
2072 3406 2250 3477 γάμον
2292 3406 2530 3476 μηνύων,
2579 3406 2725 3468 ὄπως
2756 3406 2856 3475 τὴν
2908 3404 3108 3476 ἀρετὴν
3150 3405 3209 3470 ἐξ
3237 3406 3408 3475 αὐτῆς

1743 3493 2036 3566 ἀποδιώξῃ,
2065 3495 2157 3547 καὶ
2189 3494 2336 3556 ὅπως
2385 3494 2484 3564 τὴν
2513 3492 2712 3545 κακίαν
2757 3494 2815 3545 ἐν
2869 3491 3005 3561 αὐτῇ
3065 3492 3403 3563 ἐγγεννήοῃ·

1742 3583 1889 3646 ὅπως
1918 3583 2016 3652 τὴν
2054 3581 2406 3652 σωφροσύνην
2434 3582 2601 3650 αὐτῆς
2634 3580 2904 3651 ἀπελάσῃ,
2962 3581 3111 3642 ὅπως
3151 3580 3410 3649 πορνείαν

1741 3669 2036 3741 ἐνσπείρῃ·
2079 3670 2360 3723 ὲκκαίεται
2409 3670 2493 3736 ἐφ’
2545 3668 2782 3739 ἑκάστης
2825 3666 2976 3739 ῶρας
3021 3668 3116 3737 τῆς
3145 3666 3339 3735 ἡδονῆς
3373 3667 3408 3736 ἡ

1741 3757 1974 3826 κάμινος
2010 3755 2302 3827 μαλθακῶς
2341 3754 2733 3824 ὑποκαιομένη.
2784 3754 3067 3823 Ἐννόησον
3113 3753 3278 3815 πόσος
3313 3752 3408 3805 τοῦ

1742 3840 2167 3913 κατορθώματος
2220 3844 2248 3894 ὁ
2298 3842 2563 3909 κάματος.
2628 3840 2768 3893 Ἀλλ’
2811 3842 3016 3892 ἐκεῖναι
3054 3838 3194 3908 μετὰ
3234 3837 3410 3891 ταῦτα

1743 3927 1921 3981 πάντα
1945 3929 2207 3998 ἥκουσαν,
2254 3927 2559 3980 Ἀπέλθετε
2590 3927 2689 3979 ἀπ’
2723 3925 2892 3994 ἐμοῦ,
2919 3927 3031 3978 οὐκ
3067 3922 3200 3979 οἶδα
3226 3922 3405 3992 ὑμᾶς.

1745 4014 1887 4084 Ὅρα
1911 4013 2029 4076 πῶς
2063 4014 2207 4084 μέγα
2227 4014 2463 4083 πρᾶγμα
2483 4016 2516 4083 ἡ
2552 4012 2840 4082 παρθενία·
2866 4012 2995 4065 ὅταν
3020 4010 3119 4083 ἔχῃ
3140 4011 3238 4080 τὴν
3260 4009 3410 4063 ἀδελ-

1743 4100 1848 4171 φὴν
1876 4102 2046 4169 αὐτῆς
2082 4100 2179 4170 τὴν
2220 4098 2627 4171 ἐλεημοσύνην,
2668 4098 2822 4151 οὐδὲν
2860 4098 3027 4167 αὐτῆς
3070 4097 3408 4168 περιγίνεται

1740 4189 1849 4241 τῶν
1882 4188 2031 4261 [299}
2064 4188 2272 4249 δεινῶν,
2304 4188 2419 4242 ἀλλ’
2445 4186 2693 4257 ἁνωτέρα
2721 4187 2939 4240 πάντων
2971 4186 3107 4238 ἐστί.
3133 4184 3231 4238 Διά
3249 4183 3409 4237 τοῦτο

1740 4277 1950 4330 ἐκεῖναι
1978 4276 2078 4329 οὑκ
2124 4275 2392 4343 εἰσῆλθον,
2417 4274 2605 4343 ἐπειδὴ
2643 4273 2783 4345 μετά
2822 4273 2921 4343 τῆς
2964 4271 3262 4341 παρθενίας
3303 4273 3405 4343 τὴν

1742 4362 2110 4434 ἐλεημοσύνην
2140 4363 2241 4415 ούκ
2264 4358 2426 4432 εἶχον.
2458 4360 2663 4430 Πολλῆς
2693 4359 2954 4430 αἰσχύνης
2982 4358 3042 4411 τὸ
3063 4357 3213 4428 ῥῆμα
3236 4356 3405 4421 ἄξιον·

1741 4450 1937 4522 ήδονὴν
1965 4449 2457 4512 καταπαλαίσασα,
2507 4448 2804 4520 χρημάτων
2856 4447 2919 4499 οὐ
2959 4437 3404 4515 κατεφρόνησας·

1743 4539 1881 4591 ἀλλά
1916 4537 2187 4609 παρθένος
2213 4538 2595 4607 ἀποταξαμένη
2622 4534 2699 4605 τῷ
2740 4535 2862 4606 βίῳ,
2899 4535 2993 4587 καὶ
3029 4532 3408 4603 σταυρωθεῖσα

1744 4625 2041 4696 χρημάτων
2079 4625 2228 4694 ἐρᾷς.
2280 4623 2405 4675 Εἴθε
2443 4623 2633 4691 ἀνδρὸς
2665 4622 3053 4692 ἐπεθύμησας,
3102 4619 3197 4673 καὶ
3232 4618 3295 4671 ού
3319 4635 3408 4671 10-

1745 4710 1931 4763 σοῦτον
1961 4709 2023 4761 τὸ
2061 4708 2311 4777 ἔγκλημα
2344 4703 2431 4779 ἦν·
2464 4709 2561 4778 τῆς
2594 4708 2702 4778 γὰρ
2723 4707 3007 4777 ὁμοουσίου
3048 4704 3177 4774 ὕλης
3204 4702 3405 4756 ἐπεθύ-

1747 4812 1885 4866 μεις·
1923 4793 2016 4846 νῦν
2058 4794 2115 4847 δὲ
2149 4793 2350 4864 μείζων
2393 4795 2427 4863 ή
2476 4795 2801 4865 κατηγορία,
2847 4795 2929 4845 ὃτι
2958 4791 3244 4860 ἀλλοτρίας
3276 4789 3408 4859 ὕλης

1743 4882 2113 4952 ἐπεθύμησας.
2148 4883 2347 4945 Ἔστω,
2381 4883 2437 4935 αἱ
2487 4881 2743 4951 ὓπανδροι
2774 4883 2977 4932 ἐκεῖναι
3016 4877 3204 4941 κακῶς
3227 4879 3410 4932 ἀπανο

1743 4970 1988 5041 θρωπίαν
2018 4969 2435 5034 ἐπιδείκνυνται,
2480 4969 2568 5022 διὰ
2602 4970 2699 5040 τὴν
2726 4968 2834 5021 τῶν
2863 4968 3067 5020 τέκνων
3097 4967 3369 5036 πρόφασιν
3387 4982 3405 4999 ·

1744 5060 1837 5112 καὶ
1868 5058 1964 5111 ἐὰν
1993 5059 2154 5128 εἴπῃς
2181 5059 2391 5121 αὐταῖς,
2419 5057 2517 5120 Δός
2541 5075 2629 5128 μοι
2662 5054 3050 5126 ἐλεημοσύνην·
3070 5055 3247 5107 Τέκνα
3275 5053 3403 5123 ἔχω,

1743 5148 1898 5217 φησὶ,
1932 5147 2026 5199 καὶ
2051 5147 2111 5198 οὐ
2139 5146 2393 5215 δύναμαι.
2429 5146 2487 5198 'O
2514 5146 2646 5206 Θεός
2679 5162 2759 5198 σοι
2789 5145 2956 5197 ἔδωκε
2988 5144 3171 5206 τέκνα,
3195 5141 3406 5211 καρπὸν

1742 5234 1951 5297 κοιλίας
1984 5232 2174 5297 ἔλαϐες
2195 5272 2210 5298 ,
2247 5233 2335 5286 ἴνα
2371 5231 2751 5304 φιλάνθρωπος
2790 5232 2945 5303 γένῃ,
2978 5232 3076 5301 οὺχ
3118 5229 3204 5282 ἶνα
3232 5227 3404 5280 ἀπάν-

1744 5322 1979 5393 θρωπος·
2009 5323 2083 5394 μὴ
2117 5323 2216 5392 τὴν
2262 5321 2515 5374 ὑπόθεσιν
2549 5321 2650 5390 τῆς
2684 5318 3097 5389 φιλανθρωπίας
3130 5318 3211 5379 είς
3236 5316 3405 5386 ἀφορ-

1747 5411 1852 5481 μὴν
1874 5409 2269 5480 ἀπανθρωπίας
2291 5407 2620 5478 ἐκλάμϐανε.
2639 5407 2825 5470 Θέλεις
2846 5403 3210 5477 κληρονομίαν
3231 5401 3403 5471 καλὴν

1743 5497 2064 5565 καταλεῖψαι
2096 5499 2207 5559 τοῖς
2244 5497 2450 5558 τέκνοις
2470 5511 2563 5549 σου
2588 5512 2604 5561 ;
2645 5494 2968 5562 κατάλειιίον
2997 5490 3366 5562 ἐλεημοσύνην
3385 5528 3402 5555 ,

1744 5584 1830 5637 ἴνα
1861 5584 2062 5649 πάντες
2112 5582 2498 5654 ἐγκωμιάσωσί
2537 5600 2631 5644 σε,
2688 5583 2781 5636 καὶ
2830 5578 3263 5650 πολυθρύλλητον
3304 5576 3403 5647 τήν

1748 5673 1967 5741 μνήμην
2003 5687 2095 5723 σου
2123 5669 2478 5741 καταλείπῃς.
2517 5669 2589 5721 Σὺ
2626 5668 2683 5720 δὲ
2726 5667 2801 5738 μὴ
2838 5667 3005 5719 τέκνα
3033 5666 3251 5737 ἔχουσα,
3285 5664 3401 5721 ἀλλ’

1745 5755 2126 5827 ἐσταυρωμὲνη
2164 5753 2239 5824 τῷ
2273 5753 2387 5824 βίῳ,
2418 5754 2501 5808 ἵνα
2530 5753 2580 5805 τί
2601 5754 2856 5824 χρήματα
2878 5752 3172 5823 συλλέγεις.
