3896 6230
61 360 122 412 Π
1227 359 1314 414 DE
1348 353 1825 413 ELEE'MOSYNA.
1861 356 2091 411 llOMlL.
2137 355 2221 410 lll.

79 478 146 530 4.
178 474 526 532 Pceniteutia:
550 478 643 531 vite
662 477 832 542 varia’,
867 492 1056 546 preces,
1089 476 1326 545 lacrynue
1344 476 1517 545 (a).~
1533 474 1639 528 Sed

70 581 181 620 vus
212 566 393 621 nobis
440 582 618 622 sermo
648 576 729 621 est
769 575 824 622 et
868 567 1009 621 circa
1050 565 1374 635 paenitentiae
1403 575 1456 619 et
1500 566 1640 619 circa

61 674 409 730 eemosynte
459 659 616 713 viam.
679 658 921 712 Diximus
967 659 1360 727 eleemosynam
1394 670 1641 726 magnam

62 750 451 805 assessionem
468 749 487 781 ³
505 767 520 803 :
541 750 664 803 inde
689 748 923 816 suscepit
948 762 1047 802 nos
1061 746 1376 817 virginitatis
1404 748 1638 816 pelagus.

62 845 207 898 abes
264 844 437 913 igitur
486 841 855 911 paenitentiam
905 840 1247 910 principalem
1294 849 1349 893 ct
1396 852 1641 906 magnam

61 938 478 1006 leemosyuam,
505 934 774 987 valentem
806 931 1006 1000 peccati
1037 940 1276 985 catenam
1306 928 1636 983 dissolvere:

61 1028 198 1080 abes
251 1034 311 1080 et
363 1027 503 1078 viam
548 1024 706 1078 aliam
752 1023 1078 1091 paenitentia:
1118 1032 1492 1091 opportunam,
1538 1034 1640 1088 qua

61 1116 236 1171 cteris
270 1132 299 1167 a
342 1116 577 1184 peccatis
605 1123 660 1168 te
685 1113 973 1168 vindicare.
1018 1112 1124 1167 Ora
1155 1127 1251 1182 per
1274 1110 1507 1179 singulas
1547 1109 1643 1163 bo-

61 1224 134 1272 ns,
170 1223 367 1277 neque
417 1222 576 1260 orans
604 1205 820 1261 delicias
849 1221 1022 1273 neque
1065 1204 1392 1276 negligenter
1417 1202 1509 1256 Dei
1537 1202 1646 1256 cle-

61 1299 299 1355 teutiam
328 1299 558 1368 implora
581 1315 596 1363 ;
630 1313 736 1351 non
756 1297 977 1367 repellet
1000 1304 1053 1350 te
1077 1302 1524 1365 perseverantem,
1549 1290 1644 1347 sed

62 1399 256 1443 eccata
287 1388 548 1455 dimittet,
585 1396 639 1442 et
664 1388 825 1457 petita
851 1386 1128 1441 concedet.
1159 1384 1330 1440 Orans
1358 1381 1571 1453 quidem
1595 1382 1642 1436 si

62 1480 334 1534 xauditus
361 1479 549 1543 fueris,
581 1492 835 1549 permane
859 1478 1057 1547 gratias
1082 1492 1242 1545 agens
1271 1475 1324 1529 in
1363 1474 1603 1530 oratione
1627 1488 1642 1525 :

64 1586 137 1626 on
166 1570 487 1635 exauditus,
528 1584 683 1625 mane
726 1584 886 1624 orans
923 1579 975 1622 nt
1008 1567 1325 1622 exaudiaris.
1357 1566 1539 1634 Neque
1565 1564 1647 1618 di-

62 1663 202 1728 eris,
257 1662 500 1716 multum
547 1661 715 1726 oravi,
764 1667 923 1729 atque
966 1657 1108 1712 haud
1149 1656 1428 1712 exauditus
1477 1669 1642 1708 sum:

61 1752 244 1806 :tenim
280 1751 375 1807 vel
426 1751 479 1806 id
523 1766 666 1820 satpe
713 1759 815 1804 tua:
858 1748 1099 1803 utilitatis
1146 1746 1204 1801 fit
1247 1747 1436 1817 gratia.
1490 1744 1647 1800 Novit

62 1844 177 1897 nim
208 1843 363 1912 quod
405 1843 555 1912 piger
584 1842 678 1905 sis,
706 1852 761 1896 et
788 1842 968 1895 animo
993 1840 1210 1895 delicias
1234 1856 1248 1905 ;
1276 1849 1329 1893 ct
1357 1839 1400 1892 si
1426 1852 1646 1907 compos

61 1936 145 1989 'oti
192 1934 391 2000 fueris,
426 1935 586 1989 abeas
615 1934 859 1988 oratione
900 1932 1118 1986 dimissa
1150 1949 1163 1984 :
1193 1940 1246 1984 et
1274 1945 1372 1999 per
1396 1929 1637 1984 occasio-

61 2042 159 2081 iem
190 2026 547 2080 necessitatis
585 2023 760 2079 differt
792 2032 865 2091 te,
897 2038 1004 2093 quo
1048 2023 1288 2076 crebrius
1318 2021 1483 2076 Deum
1509 2020 1646 2074 allo-

61 2117 246 2185 ptaris,
276 2115 621 2184 orationique
666 2129 844 2169 vaces.
889 2112 1022 2167 Nam
1061 2113 1104 2166 si
1133 2127 1196 2166 ea
1239 2112 1291 2165 in
1333 2110 1648 2165 necessitate

61 2208 340 2272 exsistens,
395 2215 558 2274 atque
604 2205 847 2273 indigens
889 2204 1177 2273 pigritaris,
1208 2217 1380 2271 neque
1420 2200 1650 2256 orationi

62 2299 258 2353 insistis
290 2316 305 2350 :
340 2297 598 2366 quidnam
626 2296 822 2366 egeris.
852 2294 1040 2349 horum
1068 2296 1112 2348 si
1144 2294 1289 2347 nullo
1317 2292 1648 2362 indigneris?

62 2390 231 2457 itaque
262 2386 317 2440 id
352 2387 449 2441 tibi
496 2386 617 2439 facit
645 2385 712 2439 ad
742 2385 1027 2439 utilitatem
1057 2393 1219 2446 tuam,
1251 2382 1441 2437 nolens
1470 2390 1524 2436 te
1550 2381 1648 2436 ab-

61 2477 237 2531 sistere
262 2477 333 2531 ab
360 2476 623 2531 oratione.
653 2475 807 2529 Mane
833 2489 962 2544 ergo
987 2485 1041 2529 et
1066 2489 1181 2538 ora,
1213 2473 1430 2538 dilecte,
1476 2487 1649 2542 neque

61 2568 228 2638 segnis
259 2576 381 2621 esto
416 2583 431 2620 :
462 2566 685 2620 multum
716 2566 858 2620 enim
884 2565 1057 2619 oratio
1091 2573 1283 2633 potest,
1313 2579 1485 2633 neque
1512 2573 1649 2616 tam-

62 2676 208 2729 quam
255 2676 374 2714 rem
404 2673 620 2728 parvam
666 2657 998 2727 aggrediens,
1039 2656 1264 2710 orationi
1292 2671 1465 2710 vaces.
1495 2653 1649 2720 Quod

62 2763 227 2805 autem
295 2751 474 2804 oratio
530 2760 806 2819 peccatum
872 2748 1144 2815 dimittat,
1201 2748 1282 2801 vel
1336 2763 1401 2801 ex
1457 2746 1650 2801 divinis

61 2843 349 2912 evangeliis
406 2843 555 2897 disce
608 2859 621 2894 :
674 2840 800 2910 quid
863 2840 1008 2895 enim
1072 2839 1283 2908 inquit?
1336 2838 1519 2893 Simile
1567 2844 1651 2893 est

61 2949 278 3003 regnum
318 2933 574 2988 ctelorum
618 2930 852 2993 homini,
909 2930 999 3000 qui
1045 2944 1196 2983 suam
1259 2928 1472 2998 ianuam
1500 2928 1649 2983 clan-

61 3025 145 3086 sit,
175 3031 231 3079 et
282 3023 529 3078 recubuit
579 3039 699 3078 cum
755 3023 877 3077 filiis
931 3021 1259 3076 suis:venit
1310 3029 1487 3074 autem
1527 3017 1650 3088 qui-

61 3116 176 3168 dam
218 3130 460 3183 vespere,
490 3116 730 3185 accipere
768 3114 953 3169 volens
992 3114 1060 3167 ab
1104 3129 1170 3168 eo
1213 3127 1408 3182 panes,
1434 3120 1486 3165 et
1532 3109 1651 3179 pul-

62 3214 142 3258 sat
186 3204 373 3260 dicens
405 3221 420 3257 :
450 3206 611 3273 Aperi
659 3204 822 3271 mihi,
856 3205 1106 3273 quoniam
1151 3202 1362 3270 indigeo
1408 3202 1649 3270 panibus.

65 3294 160 3350 llic
178 3295 242 3350 ad
267 3311 389 3350 eum
420 3313 433 3347 :
462 3295 581 3350 Non
606 3310 822 3364 possum
843 3295 971 3349 dare
995 3293 1087 3348 tibi
1112 3311 1126 3345 :
1149 3293 1491 3348 recubuimus
1510 3292 1652 3346 enim

64 3394 118 3439 et
158 3401 256 3440 nos
284 3395 340 3441 et
371 3386 524 3456 pueri
564 3388 752 3439 nostri.
787 3386 854 3439 At
896 3385 984 3438 ille
1030 3384 1401 3453 perseverabat
1437 3385 1652 3451 jauuam

69 3475 300 3541 pulsans.
325 3476 394 3530 Et
421 3477 494 3529 ait
521 3490 702 3529 rursus
723 3474 791 3528 ad
810 3488 930 3528 eum
956 3490 969 3527 :
999 3472 1111 3527 Non
1142 3486 1353 3542 possum
1378 3472 1467 3526 libi
1493 3471 1649 3527 dare:

71 3567 409 3622 recubuimus
452 3568 595 3622 enim
623 3576 678 3622 et
711 3582 811 3620 nos
835 3574 891 3620 et
923 3565 1070 3635 pueri
1108 3564 1296 3620 nostri.
1340 3563 1432 3617 Ille
1475 3571 1652 3616 autem

74 3659 152 3710 his
171 3657 366 3714 auditis
393 3657 677 3713 insistebat
704 3657 938 3723 pulsans,
958 3671 1132 3726 neque
1158 3653 1460 3717 recedebat,
1483 3653 1655 3707 donec

75 3746 199 3801 dixit
227 3747 606 3817 paterfamilias
637 3765 650 3799 :
681 3746 912 3816 Surgite,
934 3754 989 3800 et
1008 3745 1129 3799 date
1152 3744 1222 3807 ei,
1255 3753 1309 3798 et
1333 3743 1488 3797 sinite
1507 3742 1654 3798 abire

82 3835 220 3907 (Luc.
245 3839 331 3892 ll.
356 3838 411 3893 5.
444 3835 598 3907 sqq).
626 3837 788 3891 Docet
814 3850 942 3906 ergo
967 3843 1020 3889 te
1042 3850 1196 3888 orare
1223 3847 1454 3901 semper,
1484 3847 1656 3902 neque

80 3928 447 3996 obtorpescere
475 3946 490 3983 :
523 3937 577 3982 et
623 3927 668 3981 si
711 3928 886 3980 minus
937 3923 1246 3994 acceperis,
1301 3937 1650 3991 permanere,

80 4019 242 4085 quoad
269 4020 561 4089 acceperis.
587 4019 772 4073 Plures
798 4018 931 4071 alias
962 4015 1286 4085 ptenitentiw
1314 4014 1426 4067 vias
1449 4015 1502 4067 in
1524 4013 1657 4068 Scri-

86 4110 241 4176 ptnris
269 4111 524 4165 invenies.
557 4111 671 4181 Ipsa
702 4109 1005 4178 pmnitentia
1049 4116 1104 4163 et
1151 4116 1274 4161 ante
1320 4105 1515 4159 Christi
1557 4103 1655 4158 ad-

84 4209 285 4256 ventum
318 4220 407 4272 per
436 4204 550 4273 ejus
582 4203 894 4273 prophetam
937 4200 1223 4256 Jeremiam
1271 4199 1656 4269 prcedicabatur

86 4292 336 4350 dicentem
360 4314 374 4349 :
400 4296 665 4368 Numquid
687 4296 871 4351 cadens
899 4313 999 4349 non
1036 4296 1251 4367 resurgit
1274 4336 1290 4362 ,
1316 4304 1403 4348 aut
1431 4303 1655 4348 avertens

85 4403 133 4437 se
160 4403 256 4440 non
282 4391 539 4444 revertitur
560 4389 689 4459 (λεν.
712 4389 767 4445 8.
788 4389 883 4460 4)Ῡ
906 4399 960 4445 et
988 4390 1199 4453 iterum,
1231 4389 1417 4442 Postea
1441 4389 1548 4442 dixi
1575 4390 1620 4442 ei
1638 4403 1658 4442 :

91 4474 351 4546 Postquam
379 4480 626 4551 fornicata
653 4497 705 4534 es
723 4522 737 4544 ,
766 4480 949 4535 accede
968 4522 983 4546 ,
1015 4488 1295 4533 convertere
1318 4479 1385 4531 ad
1423 4496 1500 4532 me
1522 4479 1654 4549 (.ler.

91 4568 139 4618 5-
165 4570 237 4637 7).
262 4571 545 4641 Propterea
576 4581 629 4627 et
656 4572 848 4627 multas
885 4574 996 4626 vias
1026 4572 1158 4626 alias
1193 4571 1518 4640 paenitentia:
1557 4571 1655 4625 de-

93 4657 181 4722 dit,
210 4676 313 4729 quo
340 4663 493 4718 nobis
522 4679 734 4718 onmem
763 4663 982 4718 desidia:
1007 4665 1342 4717 occasiOuem
1379 4671 1653 4730 amputet:

94 4763 206 4803 nam
231 4752 272 4804 si
301 4769 455 4808 unam
489 4755 802 4808 haberemus
828 4756 1019 4820 solam,
1051 4755 1149 4807 hac
1176 4752 1371 4807 vadere
1414 4753 1660 4821 nequire-

97 4856 225 4895 mus.
253 4845 552 4902 Mucronem
582 4847 719 4901 hunc
735 4847 974 4901 diabolus
989 4861 1199 4914 semper
1220 4845 1367 4915 fugit.
1388 4845 1658 4899 Peccasti?

97 4932 364 4988 ecclesiam
414 4936 691 5006 ingredere
715 4977 731 5003 ,
781 4946 939 5005 atque
987 4945 1133 4989 tuum
1186 4935 1306 4990 dele
1359 4943 1655 5004 peccatum.

97 5020 302 5085 Quoties
325 5027 577 5082 cecideris
604 5027 656 5082 in
686 5028 800 5081 iuro
819 5069 832 5089 ,
863 5027 1017 5082 toties
1043 5027 1282 5097 exsurgis
1306 5044 1320 5080 :
1347 5027 1425 5081 sic
1451 5027 1658 5096 quoties

101 5117 406 5179 peccaveris,
428 5106 627 5187 peccati
658 5119 931 5186 paeniteat,
951 5132 1122 5186 neque
1138 5116 1392 5185 desperes
1414 5134 1428 5169 :
1449 5117 1658 5171 tametsi

102 5206 320 5260 secundo
351 5210 670 5276 peccaveris,
706 5209 941 5264 secundo
963 5208 1236 5278 paeniteat,
1273 5223 1447 5278 neque
1483 5210 1659 5264 animo

105 5305 447 5355 consternatus
467 5316 494 5354 a
512 5316 606 5371 spe
626 5302 979 5370 repositorum
1002 5302 1259 5355 bonorum
1283 5300 1661 5367 cadas.Quam—

62 5370 67 5477 ξ
107 5383 176 5438 vis
203 5386 252 5440 in
275 5399 502 5446 extrema
527 5370 717 5446 canitie
743 5391 1063 5462 peccaveris,
1084 5389 1378 5460 ingredere,
1402 5391 1661 5460 pteniten-

167 5579 365 5653 gemet
379 5591 490 5647 Reg.
508 5597 656 5653 unus:
670 5586 762 5637 Sed
785 5599 915 5653 mus
932 5584 1238 5653 nobisadhuc
1254 5600 1410 5653 sermo
1419 5593 1489 5638 est
1511 5591 1571 5639 de
1586 5593 1663 5640 via

62 5690 67 5705 _
116 5644 394 5752 mittam.
420 5644 490 5696 tie
505 5647 802 5712 elemosyna
823 5648 949 5698 enim
972 5646 1339 5710 dra-immortua
1363 5662 1534 5712 magna
1558 5665 1652 5713 pos-

146 5758 212 5819 (ο)
242 5766 348 5819 Vide
362 5772 452 5822 sub
468 5772 611 5825 linem
632 5776 956 5837 praecedentis
976 5776 1206 5828 homilice.

3217 365 3318 418 238

1746 474 1868 526 tiam
1897 487 1994 542 age
2021 490 2035 526 :
2058 470 2331 526 medicina:
2356 473 2605 530 locusest
2640 475 2744 540 hic,
2787 492 2890 531 non
2928 478 3113 548 judicii
3140 484 3151 511 ¹
3174 477 3320 546 ;'non

1744 574 1927 628 poenas
1939 561 2179 631 exigens,
2201 562 2296 616 sed
2322 573 2656 631 peccatorum
2675 566 3041 623 remissionem
3059 570 3315 625 tribuens.

1742 650 1853 704 Deo
1871 651 1968 704 soli
1985 650 2069 705 dic
2090 662 2361 720 peccatum
2391 665 2567 709 tuum:
2589 654 2700 709 Tibi
2713 657 2809 710 soli
2823 660 3041 727 peccavi,
3064 669 3111 715 et
3129 665 3317 717 malum

1742 758 1911 794 coram
1936 753 1983 795 te
2005 743 2102 813 feci
2123 743 2140 812 (
2165 743 2307 797 Psal.
2339 743 2426 799 50.
2453 743 2526 814 6)
2552 762 2568 812 ;
2600 756 2653 801 et
2675 746 2955 804 dimittitur
2995 751 3085 805 tibi
3129 766 3318 819 pecca-

1741 842 1873 885 tum.
1904 832 2077 887 Habes
2101 843 2156 888 et
2180 834 2333 888 aliam
2357 837 2681 904 paenitentiae
2705 838 2837 892 viam
2864 840 3004 894 haud
3024 840 3318 908 difficilem,

1742 925 1834 979 sed
1863 926 2079 981 omnino
2099 928 2720 983 accommodatissimam.
2739 930 2956 997 Qualem
2982 934 3155 987 hanc?
3178 934 3321 989 Delie

1741 1029 1901 1083 super
1944 1025 2215 1084 peccatum
2261 1021 2471 1084 tuum”,
2512 1019 2668 1089 idque
2697 1035 2759 1073 ex
2791 1023 2956 1076 sacris
2982 1022 3127 1077 disce
3155 1039 3319 1076 evan-

1738 1106 1911 1174 geliis.
1944 1107 2132 1162 Petrus
2160 1108 2248 1163 ille
2283 1110 2638 1178 apostolorum
2669 1113 2943 1181 princeps,
2992 1115 3043 1169 in
3085 1115 3321 1171 Ecclesia

1744 1197 1964 1265 primus,
1990 1199 2193 1253 amicus
2218 1197 2449 1265 Christi,
2477 1201 2566 1269 qui
2598 1202 2978 1258 revelationem
3007 1205 3074 1258 ab
3095 1208 3319 1262 homini-

1743 1289 1842 1343 bus
1871 1307 1974 1344 non
2001 1292 2243 1361 accepit,
2274 1293 2368 1349 sed
2395 1309 2425 1347 a
2454 1295 2644 1361 Patre,
2673 1296 2811 1351 sicut
2838 1297 2936 1367 ipsi
2962 1300 3320 1356 testimonium

1741 1381 1995 1435 Dominus
2018 1383 2226 1438 reddit:
2254 1382 2441 1439 Beatus
2467 1402 2519 1439 es
2541 1385 2720 1442 Simon
2749 1388 3037 1458 Bar-Jona,
3059 1393 3178 1461 quia
3205 1408 3323 1446 caro

1741 1481 1788 1524 et
1814 1472 2018 1541 sanguis
2046 1489 2145 1525 non
2171 1474 2404 1527 reuelauit
2435 1474 2542 1538 tibi,
2570 1478 2658 1530 sed
2684 1476 2839 1531 Pater
2864 1495 3002 1533 meus
3026 1482 3112 1549 qui
3139 1482 3192 1535 in
3219 1498 3322 1537 cc-

1741 1564 1804 1616 lis
1832 1572 1900 1616 cst
1928 1562 2140 1627 (Matth.
2166 1566 2252 1618 16.
2282 1565 2371 1633 17)
2405 1583 2419 1618 :
2454 1566 2538 1621 hic
2562 1568 2751 1623 Petrus
2771 1570 3006 1641 (Petrum
3031 1587 3153 1626 cum
3180 1573 3320 1634 dico.

1745 1663 1948 1720 petram
1981 1654 2198 1708 nomino
2229 1655 2519 1726 iufragilem
2539 1701 2554 1725 ,
2591 1661 2915 1729 crepidinem
2962 1663 3285 1720 immobilem
3306 1707 3322 1730 ,

1740 1745 2037 1812 apostolum
2081 1759 2353 1815 maguum,
2388 1749 2617 1817 primum
2648 1750 3051 1821 discipulorum,
3097 1756 3324 1824 primum

1740 1843 2015 1901 vocatum,
2042 1847 2095 1892 et
2120 1841 2349 1909 primum
2389 1839 2748 1911 obedientem)
2783 1842 2912 1897 :ille
2951 1858 3058 1900 non
3104 1860 3324 1915 parmm

1742 1924 1947 1983 facinus
1968 1928 2202 1998 admisit,
2226 1932 2321 1987 sed
2343 1932 2651 1998 maximum,
2674 1934 2762 2003 qui
2782 1933 3059 1988 Dominum
3080 1937 3323 2006 negavit:

1743 2017 1847 2073 hoc
1886 2019 2007 2075 dico
2026 2063 2041 2086 ,
2082 2037 2186 2076 non
2224 2022 2425 2091 justum
2455 2038 2732 2087 accusans,
2762 2024 2854 2079 sed
2883 2025 2973 2079 tibi
3002 2027 3328 2095 ptenitentiae

1743 2111 1988 2182 praxbens
2015 2115 2351 2169 occasionem
2376 2133 2389 2168 :
2422 2115 2591 2184 ipsum
2617 2115 2763 2170 orbis
2786 2116 3062 2171 Dominum
3092 2119 3324 2189 negavit,

1743 2211 2165 2273 procuratorem,
2194 2205 2520 2262 Salvatorem
2546 2207 2804 2261 omnium.
2833 2207 2902 2263 Ut
2926 2223 3054 2263 vero
3073 2209 3229 2263 altius
3250 2225 3328 2265 re-

1745 2303 2005 2364 petamus,
2025 2295 2155 2349 vidit
2174 2296 2420 2350 Salvator
2435 2297 2688 2366 quosdam
2710 2297 2967 2352 abeuntes
2984 2308 3126 2363 retro
3148 2298 3327 2370 (Joau.

1745 2386 1797 2437 6.
1828 2385 1896 2439 67
1912 2386 1949 2455 ).
1979 2394 2035 2440 et
2060 2386 2192 2440 dixit
2221 2387 2377 2441 Petro
2410 2406 2423 2442 :
2457 2387 2721 2457 Numquid
2751 2398 2797 2442 et
2827 2400 2881 2442 tu
2905 2390 3043 2443 abire
3077 2391 3192 2445 vis?
3226 2389 3327 2444 Pe-

1742 2483 1848 2527 trus
1875 2485 2042 2528 autem
2071 2477 2198 2529 dixit
2225 2492 2244 2530 :
2273 2476 2487 2531 Etiamsi
2526 2480 2801 2547 aportuerit
2838 2496 2918 2532 me
2957 2480 3085 2533 mori
3130 2491 3327 2547 tecum,

1744 2583 1844 2618 non
1874 2577 1920 2620 te
1948 2568 2137 2637 negabo
2166 2567 2376 2638 (Matth.
2397 2568 2487 2623 26.
2513 2569 2627 2639 55).
2651 2570 2787 2635 Quid
2806 2570 2956 2635 dicis,
2980 2570 3169 2625 Petre?
3192 2571 3330 2628 Deus

1743 2664 1824 2711 est
1850 2657 1938 2726 qui
1960 2657 2257 2724 denuntiat,
2283 2659 2405 2728 quid
2430 2660 2543 2728 ipse
2567 2660 2881 2714 reluctaris?
2902 2662 3004 2715 Sed
3035 2671 3209 2715 tamen
3240 2662 3325 2715 iu-

1746 2749 1933 2815 tentio,
1964 2748 2102 2817 quod
2122 2764 2285 2803 .suum
2315 2761 2428 2802 erat
2457 2749 2707 2814 ostendit,
2736 2758 2937 2804 naturae
2956 2766 3083 2804 vero
3112 2750 3332 2805 infirmi-

1747 2848 1826 2893 tas
1851 2839 2203 2907 redarguitur.
2229 2839 2352 2892 Ha'c
2379 2856 2507 2893 vero
2536 2840 2782 2909 quando?
2800 2840 2965 2895 Nocte
2984 2856 3086 2909 qua
3111 2841 3333 2897 traditus

1745 2942 1824 2986 est
1847 2930 2092 2985 Christus
2122 2948 2135 2984 :
2168 2939 2291 2985 tunc
2317 2931 2494 3000 igitur,
2545 2931 2748 3001 inquit,
2798 2932 2943 2985 stetit
2981 2932 3172 2986 Petrus
3208 2942 3333 2988 ante

1744 3036 1942 3090 prunas
1967 3021 2283 3076 calefaciens
2306 3037 2384 3085 se,
2412 3022 2583 3091 puella
2606 3022 2847 3091 quaedam
2867 3023 3106 3085 accessit,
3127 3032 3182 3078 et
3201 3023 3333 3080 dixit

1743 3112 1791 3165 ei
1824 3130 1836 3163 :
1873 3111 2003 3165 Heri
2026 3121 2071 3166 et
2098 3122 2151 3165 tu
2182 3129 2294 3166 cum
2336 3113 2536 3166 homine
2562 3113 2657 3165 isto
2690 3128 2802 3165 eras
2832 3110 3054 3185 (Matth.
3085 3113 3176 3171 26.
3208 3114 3330 3185 69).

1747 3203 1846 3259 Ille
1872 3213 2042 3258 autem
2070 3220 2088 3259 :
2118 3203 2238 3258 Non
2269 3207 2383 3258 novi
2408 3206 2660 3258 hominem
2691 3204 2823 3258 hunc
2848 3205 2866 3274 (
2888 3203 3053 3258 Marc.
3086 3207 3173 3260 14.
3206 3207 3275 3262 68
3288 3207 3332 3279 ).

1750 3295 1948 3350 Deinde
1981 3295 2218 3351 secundo
2245 3305 2298 3350 et
2326 3296 2514 3359 tertio,
2549 3304 2604 3349 et
2629 3294 2842 3365 impleta
2873 3304 2957 3350 est
2980 3296 3330 3351 denuntiatio.

1747 3385 1882 3440 Hinc
1898 3385 2142 3441 Christus
2164 3386 2455 3455 respiciens
2477 3385 2528 3439 in
2551 3385 2787 3451 Petrum,
2811 3401 2994 3441 vocem
3017 3386 3217 3441 dimisit
3240 3403 3330 3457 per

1745 3479 1918 3548 ipsum
1952 3478 2194 3531 intuitum
2228 3475 2484 3547 (Lucﬂﬂ.
2515 3476 2609 3546 61)
2635 3493 2648 3529 :
2673 3491 2781 3530 non
2801 3477 2941 3531 enim
2965 3491 3058 3532 ore
3084 3477 3329 3548 loquutm

1747 3581 1848 3635 est,
1882 3583 1948 3623 ne
1974 3569 2142 3638 ipsum
2172 3583 2352 3622 coram
2377 3566 2574 3622 Judmis
2599 3567 2957 3637 redargueret,
2985 3578 3038 3622 et
3062 3569 3330 3638 proprium

1749 3662 2094 3716 confunderet
2140 3661 2494 3730 discipulum,
2541 3661 2636 3716 sed
2676 3677 2773 3732 per
2815 3662 3025 3717 oculum
3061 3663 3334 3718 dimittens

1747 3768 1966 3817 vocem,
1997 3752 2146 3822 quasi
2179 3753 2412 3818 diceret,
2445 3751 2603 3806 Petre
2623 3793 2637 3816 ,
2664 3752 2803 3822 quod
2831 3753 2974 3820 dixi,
3004 3754 3198 3809 factum
3228 3766 3331 3811 esu

1751 3843 1912 3911 Igitur
1940 3842 2129 3896 Petrus
2154 3851 2277 3897 tunc
2301 3843 2536 3896 sentiens
2571 3843 2732 3911 ctepit
2768 3843 2896 3897 ﬂere
2922 3862 2934 3896 :
2961 3853 3017 3899 et
3054 3860 3158 3899 non
3190 3844 3334 3900 flevit

1752 3932 1909 3987 modo
1929 3974 1944 3996 ,
1976 3933 2068 3987 sed
2096 3947 2276 3987 amare
2294 3972 2309 3997 ,
2341 3932 2630 3986 secundum
2662 3932 2920 4002 baptisma
2949 3949 3043 4002 per
3072 3934 3333 4004 lacrymas

1750 4041 1812 4080 ex
1856 4026 2022 4080 oculis
2059 4024 2333 4080 efficiens:
2359 4040 2583 4095 cumque
2611 4023 2844 4079 ﬂevisset
2887 4040 3094 4089 amare,
3139 4025 3332 4081 delevit

1751 4126 2026 4188 peccatum
2054 4135 2066 4170 τ
2098 4127 2217 4186 post
2238 4116 2353 4170 hcce
2373 4116 2513 4171 enim
2535 4116 2712 4171 claves
2737 4116 2810 4169 illi
2838 4117 3085 4170 malorum
3108 4115 3333 4170 credun-

1755 4218 1856 4262 tur.
1880 4206 2030 4275 Qnud
2067 4208 2111 4260 si
2151 4206 2293 4262 Petri
2338 4206 2494 4260 fletus
2540 4216 2741 4260 tantum
2783 4206 2979 4261 delevit
3014 4218 3288 4276 peccatum
3313 4249 3329 4273 ,

1751 4300 1840 4367 qui
1865 4298 1977 4352 fieri
2008 4297 2220 4367 poterit.
2255 4308 2308 4351 ut
2339 4298 2381 4350 si
2415 4296 2642 4359 fleveris,
2677 4308 2948 4365 peccatum
2978 4314 3080 4351 non
3107 4298 3331 4356 deleas?

1752 4389 1864 4444 Non
1891 4390 2032 4443 enim
2067 4404 2257 4458 parvus
2281 4387 2377 4442 fuit
2404 4396 2597 4447 reatus,
2625 4386 2894 4454 proprium
2924 4389 3201 4442 Dominum
3232 4405 3330 4444 ne-

1751 4495 1924 4549 gasse,
1950 4479 2042 4533 sed
2066 4493 2283 4547 magnus
2308 4487 2363 4531 et
2388 4480 2596 4547 gravis;
2621 4492 2740 4530 cum
2765 4486 2937 4531 tamen
2961 4478 3212 4551 lacrymm
3236 4481 3333 4533 de-

1755 4573 1952 4626 levere.
2001 4570 2145 4625 Delie
2193 4570 2353 4638 igitur
2396 4577 2447 4622 ct
2490 4569 2603 4638 ipse
2641 4583 2800 4637 super
2829 4579 3333 4641 peccatum,neque

1755 4678 1965 4732 quoquo
1992 4662 2147 4716 modo
2172 4661 2310 4715 delle
2334 4669 2427 4714 aut
2454 4660 2630 4728 specie
2657 4669 2889 4729 tantum,
2914 4661 3008 4716 sed
3031 4661 3166 4717 delle
3187 4677 3333 4717 ama-

1755 4768 1833 4816 re,
1858 4753 2300 4824 quemadmodum
2323 4761 2376 4805 et
2399 4752 2586 4805 Petrus
2612 4770 2624 4805 :
2652 4767 2716 4807 ex
2741 4753 2855 4821 ipso
2883 4753 3141 4820 profundo
3160 4752 3333 4809 deduc

1756 4845 1929 4900 fontes
1955 4844 2326 4914 lacrymarum,
2351 4858 2455 4912 quo
2476 4843 2727 4897 Dominus
2751 4845 3109 4899 misericordia
3133 4855 3334 4916 motus,

1759 4937 1849 4991 tibi
1871 4944 2141 5005 peccatum
2163 4935 2392 4988 dimittat
2414 4953 2427 4988 :
2447 4934 2677 4988 clemens
2698 4935 2893 4989 etenim
2912 4943 2997 4989 est
3018 4954 3030 4989 :
3052 4936 3165 5005 ipse
3190 4938 3332 4993 enim

1758 5026 1924 5081 dixit:
1952 5024 2090 5079 Nolo
2116 5035 2322 5079 mortem
2348 5024 2639 5095 peccatoris,
2665 5025 2794 5078 sicut
2823 5028 3040 5079 converti
3068 5028 3254 5097 ipsum,
3285 5038 3333 5082 et

1758 5119 2097 5190 paenitentiam
2117 5133 2282 5186 agere,
2305 5126 2351 5170 et
2375 5117 2535 5170 vivere
2561 5114 2781 5188 (Ezech.
2808 5117 2895 5172 i8.
2921 5115 3044 5189 25).
3075 5118 3334 5189 Exiguum

1758 5210 1957 5279 expetit
1984 5225 2014 5262 a
2047 5216 2095 5264 te
2123 5208 2357 5263 laborem
2379 5247 2394 5270 ,
2450 5217 2503 5261 et
2531 5222 2716 5276 magna
2745 5208 2857 5275 ipse
2883 5207 3101 5276 largitur
3126 5224 3139 5260 :
3171 5223 3329 5263 occa-

1760 5301 1961 5355 sionem
1992 5312 2023 5352 a
2054 5308 2105 5353 te
2134 5298 2338 5367 quaerit,
2368 5305 2427 5351 ut
2452 5297 2543 5351 tibi
2573 5298 2757 5352 salutis
2789 5298 3091 5352 thesaurum
3114 5297 3330 5353 tribuat.

1759 5390 1945 5449 Profer
1987 5392 2279 5462 lacrymas,
2327 5399 2382 5445 et
2425 5389 2538 5458 ipse
2586 5388 2958 5459 indulgentiam
2993 5388 3330 5458 imper-titur:

1824 5591 1835 5620 ‘
1873 5594 1921 5637 tu
1944 5589 2113 5638 Savilio
2138 5603 2149 5636 :
2175 5594 2220 5637 et
2243 5588 2432 5645 indicit,
2460 5603 2562 5649 pro.
2589 5588 2882 5647 ttonjutlicr'i.

1817 5680 1836 5707 ²
1875 5691 1925 5734 ιιι
1949 5683 2110 5743 Savil.,
2137 5682 2267 5753 Defle
2289 5696 2443 5753 super.
2470 5690 2723 5753 peccatum
2745 5688 2891 5733 tuum.
2934 5685 3173 5749 Deﬂemu'
3196 5696 3221 5748 _9
3242 5699 3335 5753 της.

1653 5801 1663 5811 _
1759 5755 1981 5813 quttutmt
2003 5752 2131 5795 tuavn
2155 5743 2368 5795 (1ριρυὶοή
2396 5743 2587 5805 :idque,
2606 5750 2706 5822 etc:
