3894 6226
533 362 637 417 299

537 474 715 547 profer
739 464 1124 541 panitentiam,
1155 470 1209 516 et
1238 461 1351 529 ipse
1381 458 1746 513 remissionem
1775 454 1956 509 tribuit
1986 467 2111 547 pec-

535 543 776 619 catorum
801 578 815 614 :
843 554 1174 613 occasionem
1215 560 1271 603 tu
1300 549 1542 619 exiguam
1578 547 1780 610 confer,
1808 554 1867 598 ut
1904 543 2111 612 specio-

538 670 653 711 sam
681 651 873 706 habeas
892 643 1286 701 excusationem
1308 657 1322 695 :
1344 639 1585 709 quaedam
1607 638 1748 693 enim
1771 636 1838 689 ab
1858 635 1947 689 illo
1968 642 2110 698 sunt,

537 743 777 815 qu:edam
802 756 829 792 a
857 736 1007 791 nobis
1035 752 1049 789 :
1074 748 1193 803 qua:
1216 747 1245 785 a
1277 731 1430 784 nobis
1458 738 1581 783 sunt
1619 729 1662 781 si
1692 725 2073 781 contulerimus
2095 764 2110 787 ,

537 844 592 893 et
617 835 729 902 ipsc
752 844 936 885 rursus
969 840 1088 895 quae
1114 832 1237 878 sunt
1258 822 1324 877 ab
1350 822 1464 887 ipso
1491 818 1766 889 prarbebit.
1802 816 1919 872 Jam
1958 815 2115 885 igitur

537 940 654 994 quae
676 922 744 975 ab
774 921 861 972 illo
892 925 1036 979 sunt,
1071 916 1184 983 ipse
1219 912 1439 980 praebuit
1465 927 1479 963 :
1509 911 1676 964 Solent
1721 909 1969 962 nimirum
1990 948 2004 971 ,
2035 905 2118 959 lu-

538 1029 682 1075 nam,
710 1011 910 1064 varium
939 1006 1211 1061 stellarum
1238 1001 1459 1056 chorum
1489 998 1741 1061 fundavit,
1765 1012 1940 1052 aerem
1962 995 2118 1048 diﬂ‘u-

535 1105 636 1170 dit,
666 1114 862 1157 terram
889 1097 1158 1167 expandit,
1199 1109 1344 1147 mare
1371 1091 1674 1155 obvallav-it,
1704 1099 1910 1144 montes
1939 1087 2111 1153 dedit,

536 1196 724 1255 saltus,
752 1192 938 1254 colles,
970 1187 1177 1251 fontes,
1201 1186 1346 1238 lacus
1366 1223 1379 1245 ,
1416 1181 1624 1244 ﬂuvios,
1658 1181 1930 1234 innumera
1962 1178 2114 1246 plan-

538 1298 710 1342 tarum
736 1297 948 1354 genera,
982 1279 1250 1341 viridaria,
1274 1286 1465 1331 caetera
1491 1274 1664 1327 omnia
1690 1290 1703 1325 :
1730 1282 1783 1325 tu
1809 1285 1993 1326 rursus
2020 1270 2117 1323 ali-

536 1378 662 1449 quid
691 1377 936 1444 exiguutn
963 1369 1166 1429 confer,
1194 1379 1248 1422 ut
1273 1370 1343 1420 ita
1371 1367 1601 1420 caelestia
1627 1365 1718 1418 tibi
1745 1364 2016 1426 largiatur.
2041 1361 2118 1417 Ne

536 1472 697 1541 igitur
741 1484 837 1522 nos
885 1465 1027 1531 ipsos
1072 1461 1395 1530 negligemus
1419 1500 1433 1522 ,
1468 1473 1636 1525 neque
1675 1471 1703 1509 a
1739 1456 1909 1508 salute
1938 1464 2116 1507 nostra

537 1559 867 1634 procuranda
908 1557 1223 1610 desistamus
1248 1592 1262 1613 ,
1306 1566 1425 1605 cum
1473 1558 1673 1602 tantum
1721 1548 1874 1600 nobis
1905 1544 2119 1613 pelagus

539 1652 877 1723 benignitatis
893 1650 1127 1702 omnium
1157 1642 1361 1699 Domini
1386 1650 1577 1709 pateat,
1599 1639 1687 1708 qui
1709 1654 1869 1706 super
1890 1636 2120 1705 peccatis

538 1746 735 1801 nostris
768 1742 1074 1813 paenitentia
1117 1738 1347 1792 ducitur.
1391 1734 1727 1801 Pr0positum
1777 1727 2118 1799 cst‘regnnm

543 1838 792 1892 ca~lorum
824 1843 877 1886 et
903 1830 1177 1901 paradisus
1197 1867 1212 1888 ,
1255 1839 1422 1894 eaque
1464 1824 1627 1884 bona,
1656 1838 1772 1892 qure
1806 1836 1907 1875 nec
1934 1820 2119 1874 Oculus

539 1928 690 1988 vidit.
720 1942 821 1981 nec
845 1925 989 1978 auris
1017 1920 1240 1981 audivit,
1269 1932 1367 1972 nec
1398 1918 1449 1969 in
1474 1930 1568 1970 cor
1597 1915 1825 1969 hominis
1854 1911 2115 1968 ascende-

541 2030 680 2083 runt,
710 2034 827 2088 ane
856 2013 1176 2087 pra'paravit
1201 2013 1338 2067 Deus
1366 2011 1446 2075 iis,
1477 2010 1566 2081 qui
1594 2010 1765 2077 ipsum
1792 2008 2014 2076 diligunt
2041 2007 2116 2075 li.

540 2112 659 2167 Cor.
687 2111 740 2164 2.
770 2111 824 2178 9)
849 2125 863 2172 ;
889 2118 941 2162 et
965 2122 1066 2159 non
1089 2105 1344 2159 debemus
1364 2117 1575 2157 omnem
1601 2115 1817 2169 Operam
1841 2098 2114 2162 adhibere,

539 2213 597 2257 nt
623 2201 819 2271 aliquid
841 2198 1196 2258 conferamus,
1221 2211 1288 2250 ne
1312 2195 1379 2248 ab
1401 2195 1480 2247 his
1501 2194 1805 2247 excitlamus
1823 2192 1845 2244 ?
1862 2193 1942 2244 An
1965 2191 2118 2259 igno~

539 2309 627 2349 ras
651 2293 772 2362 quid
797 2291 938 2344 dicat
962 2287 1198 2343 Paulus?
1224 2286 1313 2355 qui
1348 2284 1542 2339 multos
1565 2285 1774 2337 labores
1794 2281 2081 2336 exantlavit
2099 2319 2114 2342 ,

536 2395 592 2441 et
619 2384 927 2439 innumeros
951 2380 1020 2434 de
1049 2378 1261 2432 diabolo
1292 2377 1589 2445 triumphos
1611 2375 1920 2443 reportavit,
1945 2372 2035 2441 qui
2060 2372 2110 2425 in

1238 348 1293 402 S.
1332 345 1605 402 JOANNlS
1630 339 2099 400 CHRYSOSTOMI
2138 335 2451 394 ARCHIEP.
2485 332 3014 392 CONSTANTINOP.

3856 98 3878 347 l

3708 337 3805 391 ιω

2217 464 2441 518 corpore
2491 434 2675 503 orbem
2729 457 2988 501 terrarum
3047 444 3382 516 peragravit,
3429 445 3524 516 qui
3573 454 3804 509 terram,
3870 388 3878 469 ι

2217 555 2384 604 mare,
2416 554 2697 606 aeremque
2727 538 2991 606 percurrit
3018 578 3033 602 ,
3060 537 3149 606 qui
3180 546 3448 606 tamquam
3490 536 3599 591 alis
3627 537 3813 591 subve-

2215 641 2334 688 ctus
2363 633 2558 702 aliquis
2582 631 2764 685 orbem
2797 639 3053 686 terrarum
3080 629 3487 698 perambulavit,
3517 629 3813 698 lapidatus,

2217 739 2407 789 caesus,
2437 724 2782 785 verberatus,
2820 721 2908 792 qui
2949 720 3126 774 omnia
3157 735 3251 789 pro
3276 719 3370 774 Dei
3396 721 3627 775 nomine
3659 720 3777 775 tulit
3798 763 3815 781 ,

2216 817 2303 886 qui
2333 816 2530 870 caelesti
2558 828 2687 869 voce
2714 813 2943 881 desuper
2963 812 3310 881 compellatus
3327 853 3342 876 ,
3373 811 3462 866 hic
3488 812 3625 881 quid
3653 810 3818 874 dicat,

2218 916 2270 959 et
2300 905 2508 975 qualem
2535 904 2772 959 emiserit
2808 917 2994 957 vocem
3033 903 3151 955 vide
3176 919 3190 956 :
3215 902 3569 970 Accepimus,
3607 902 3778 971 inquit
3800 943 3815 961 ,

2217 998 2438 1064 gratiam
2468 1010 2495 1046 a
2528 994 2656 1058 Deo,
2688 993 2781 1048 sed
2809 1003 2861 1047 et
2888 1006 2987 1062 ego
3012 991 3281 1056 laboravi,
3314 1002 3365 1046 et
3389 992 3555 1045 simul
3578 994 3817 1049 contuli.

2219 1084 2287 1140 Et
2309 1086 2475 1157 gratia
2496 1087 2624 1154 ejus,
2652 1099 2766 1154 qua:
2796 1085 2851 1136 in
2878 1099 2953 1137 me
2983 1093 3077 1148 est,
3104 1099 3263 1135 vacua
3286 1098 3385 1135 non
3411 1082 3513 1148 fuit
3532 1123 3550 1146 ,
3580 1082 3680 1135 sed
3708 1087 3821 1150 plus

2218 1195 2369 1249 quant
2403 1178 2503 1247 ipsi
2539 1192 2709 1230 omnes
2736 1176 2956 1229 laboraui
2997 1185 3042 1227 et
3078 1175 3230 1228 simtu
3253 1175 3446 1227 contuli
3471 1174 3553 1240 (1.
3578 1175 3711 1227 (ἔον.
3734 1176 3821 1228 l5.

2222 1268 2334 1336 i0).
2363 1267 2638 1333 Novitnus,
2669 1266 2868 1336 inquit,
2898 1266 3144 1319 novimus
3173 1265 3355 1331 gratim
3383 1266 3822 1332 magnitudinem

2221 1375 2376 1428 quam
2403 1361 2734 1427 accepimus,
2769 1357 2861 1413 sed
2892 1374 2997 1412 non
3025 1356 3262 1411 desidem
3293 1372 3377 1409 me
3408 1357 3619 1411 invenit
3656 1374 3672 1409 :
3706 1373 3823 1411 ma—

2218 1451 2411 1513 nifesta
2440 1458 2564 1504 sunt
2593 1464 2711 1519 qua:
2740 1465 2770 1502 a
2801 1464 2885 1502 me
2911 1448 3122 1502 fuerunt
3153 1448 3316 1501 illata.
3343 1446 3433 1501 Sic
3453 1458 3513 1502 et.
3544 1448 3687 1515 ipsi,
3716 1449 3824 1503 fra-

2221 1552 2359 1607 tres,
2411 1557 2598 1595 manns
2640 1540 2706 1595 ad
2737 1541 3129 1610 eleenmsynam
3161 1539 3489 1616 doceamus,
3524 1548 3588 1593 ut
3631 1556 3822 1608 parum

2219 1633 2345 1704 quid
2373 1634 2660 1688 inferamus
2688 1648 2702 1684 :
2735 1632 3003 1700 ploremus
3030 1645 3188 1699 super
3232 1640 3515 1698 peccatum
3538 1670 3556 1695 ,
3591 1630 3822 1701 ingemi-

2221 1742 2431 1782 scamus
2460 1740 2622 1795 super
2648 1724 3012 1793 iniquitatem,
3054 1737 3160 1790 quo
3196 1723 3476 1776 videamur
3505 1722 3601 1777 Vel
3636 1738 3821 1792 parum

2221 1821 2345 1890 quid
2376 1819 2571 1874 inferre
2605 1836 2616 1871 :
2648 1815 3080 1888 quandoquidem
3122 1831 3310 1885 magna
3356 1817 3518 1870 nobis
3548 1818 3606 1870 in
3643 1817 3821 1871 futuro

2221 1912 2450 1980 reposita
2490 1917 2635 1976 sunt,
2662 1924 2781 1979 qua:
2822 1915 3135 1977 potestatem
3176 1917 3413 1960 nostram
3444 1918 3821 1975 exsuperant:

2221 2001 2499 2072 paradisus
2523 2001 2664 2055 enim
2691 2006 2795 2064 est,
2820 2007 2875 2052 et
2894 2000 3146 2051 czelorum
3169 2012 3390 2066 regnum
3422 2014 3437 2050 :
3465 1999 3631 2064 cujus
3654 2009 3710 2051 et
3736 1999 3823 2065 ipsi

2220 2110 2406 2149 omnes
2451 2092 2732 2161 participes
2775 2090 2942 2144 simus
2964 2131 2978 2151 ,
3010 2088 3178 2157 gratia
3214 2098 3268 2142 et
3293 2089 3587 2143 clementia
3619 2090 3824 2142 Domitii

2222 2185 2386 2239 nostri
2413 2182 2538 2239 Jesu
2564 2182 2793 2245 Christi,
2821 2180 2906 2235 cui
2934 2194 3054 2232 cum
3083 2178 3236 2232 Patre
3261 2189 3315 2231 et
3344 2177 3504 2231 simul
3534 2193 3672 2232 cum
3703 2178 3823 2245 Spi-

2221 2278 2323 2331 ritu
2349 2284 2533 2330 sancto
2552 2274 2742 2344 gloria,
2772 2271 3050 2340 imperium
3063 2278 3118 2323 et
3143 2269 3331 2333 honor,
3355 2277 3409 2322 et
3440 2284 3593 2323 nunc
3610 2279 3667 2323 et
3693 2283 3827 2321 sctu-

2223 2383 2336 2437 per,
2366 2376 2421 2421 et
2448 2367 2498 2419 in
2526 2364 2720 2419 szecula
2744 2361 3084 2417 surculorum.
3111 2362 3301 2414 Amen.

536 2512 3800 2549 ΝΜ

1326 2643 1468 2713 DE
1520 2639 2195 2740 P(ENITENTIA
2244 2640 2385 2711 ET
2437 2634 3017 2708 ORATIONE.

1167 2952 1377 2994 ιιῡιιιιυι
1418 2953 1489 2992 ιν.

616 3080 666 3133 1.
709 3079 954 3131 Pastori-3
983 3075 1076 3127 illo
1104 3071 1431 3142 frequentius
1462 3069 1660 3123 ducunt
1690 3085 1836 3134 m'cs,
1864 3067 1949 3121 ubi
1979 3065 2115 3120 den-

540 3170 734 3225 siorem
763 3166 978 3221 herbam
999 3179 1118 3218 esse
1142 3163 1343 3230 vident,
1371 3176 1543 3231 neque
1564 3160 1710 3230 prius
1737 3159 1858 3213 inde
1877 3159 2113 3227 abigunt,

540 3275 699 3330 quam
744 3267 906 3312 totam
955 3271 1082 3326 grex
1134 3254 1439 3307 totonderit.
1480 3252 1590 3306 Hos
1628 3266 1754 3305 vero
1782 3264 1878 3305 nos
1906 3262 2118 3318 quoque

541 3350 758 3412 imitati,
790 3349 888 3402 hac
912 3357 1095 3416 quarta
1116 3346 1224 3415 jam
1259 3344 1346 3399 die
1368 3344 1441 3417 (α)
1463 3343 1526 3396 ad
1556 3343 1875 3413 ptenitentim
1900 3341 2114 3395 modum

546 3442 681 3498 hunc
707 3439 974 3511 pascimus
995 3451 1231 3506 gregem,
1265 3449 1434 3501 neque
1463 3434 1546 3487 vel
1577 3432 1752 3496 hodie,
1782 3431 1988 3499 digredi
2016 3445 2115 3498 pa-

545 3549 720 3589 ramus
744 3550 759 3585 :
786 3531 1004 3585 multum
1038 3542 1267 3593 namque
1291 3526 1464 3579 adhuc
1492 3524 1666 3595 pabuli
1694 3537 1813 3578 esse
1850 3522 2114 3586 videmus,

540 3622 763 3676 multum
794 3619 991 3674 laetitia:
1017 3627 1069 3670 et
1099 3616 1355 3670 utilitatis.

608 3708 912 3765 Paenitentia
940 3705 1278 3759 omnimodum
1307 3703 1696 3757 consolationem
1723 3702 1891 3771 aﬂ‘ert.
1913 3732 1986 3742 —
2014 3701 2120 3757 Ne-

541 3817 644 3872 que
673 3801 813 3855 enim
849 3798 1098 3851 arborum
1129 3810 1329 3859 comm,
1368 3810 1485 3863 qua:
1513 3793 1578 3846 ad
1608 3794 1926 3847 meridianas
1960 3792 2122 3850 horas

542 3894 660 3949 teeti
688 3892 805 3945 vice
829 3900 950 3944 sunt
972 3888 1159 3943 ovibus
1177 3928 1192 3949 .
1221 3887 1294 3942 ita
1324 3900 1417 3942 eas
1443 3893 1722 3954 recreant,
1749 3885 1819 3943 ita
1843 3884 2121 3943 desidera-

540 3985 699 4043 bilem
738 3982 1028 4054 utilemque
1070 3978 1311 4038 umbram
1348 3981 1622 4052 praebent,
1657 3980 1722 4035 ad
1773 3995 2123 4051 somnumque

540 4094 726 4147 magna
755 4093 875 4132 cum
904 4077 1172 4145 voluptate
1197 4074 1529 4144 pertrahunt,
1563 4084 1620 4128 ut
1644 4074 1941 4129 divinarum
1971 4074 2118 4129 Scri-

540 4180 812 4238 ptnrarnm
842 4168 1000 4224 lectio
1031 4176 1320 4223 manentes
1362 4175 1417 4220 et
1450 4181 1648 4235 angore
1675 4166 1835 4221 animi
1878 4165 2122 4222 detentas

540 4261 745 4316 animas
772 4269 978 4315 recreat
1017 4276 1081 4313 ac
1121 4259 1434 4329 refrigerat,
1470 4258 1594 4312 dum
1623 4259 2007 4313 vehementiam
2035 4273 2121 4312 ar-

539 4349 832 4417 doremque
860 4348 1060 4402 doloris
1104 4348 1266 4411 lenit,
1297 4348 1649 4418 solatiumque
1676 4348 1909 4417 qualibet
1932 4348 2118 4403 umbra

541 4439 752 4493 suavius
772 4439 1141 4507 amoeniusque
1181 4439 1434 4507 impertit.
1464 4437 1647 4507 Neque
1688 4437 1829 4491 enim
1855 4438 2026 4493 solum
2064 4439 2116 4492 in

541 4532 880 4601 pecuniarum
903 4530 1108 4598 jactura
1128 4572 1143 4594 ,
1171 4541 1262 4586 aut
1287 4532 1337 4585 in
1368 4531 1653 4585 liberorum
1683 4531 1968 4586 amissione
1987 4573 2003 4599 ,
2029 4540 2121 4587 aut

540 4625 591 4677 in
619 4624 737 4678 aliis
764 4623 1026 4678 similibus
1044 4665 1058 4687 ,
1087 4623 1181 4678 sed
1207 4624 1365 4678 etiam
1397 4624 1447 4677 in
1476 4633 1817 4694 peccatorum
1843 4623 2116 4677 calamita-

540 4715 679 4769 tibus
709 4730 953 4785 magnam
1003 4714 1090 4767 illa
1138 4714 1291 4768 nobis
1325 4715 1478 4770 affert
1517 4716 1956 4770 consolationem.
1981 4715 2116 4770 Cum

450 4796 451 4799 “
535 4806 676 4859 enim
704 4807 862 4859 homo
884 4814 1103 4874 peccato
1131 4805 1452 4875 interceptus
1484 4815 1538 4860 et
1561 4807 1954 4861 circntrxlentns
1975 4806 2119 4861 ceci-

543 4894 644 4961 dit,
687 4905 973 4964 posteaque
1018 4896 1290 4951 mordetur
1327 4912 1356 4950 a
1396 4897 1717 4952 conscientia
1749 4939 1763 4963 ,
1807 4897 2118 4966 peccatique

533 4988 747 5042 assidue
786 5005 1012 5056 memor,
1061 5005 1180 5044 sese
1227 4991 1472 5047 mmroris
1512 4991 1874 5060 magnitudine
1920 4991 2114 5055 obruf‘,

535 5093 734 5148 perque
756 5079 992 5147 singulos
1014 5080 1128 5136 dies
1149 5081 1454 5136 incenditur
1480 5100 1495 5135 :
1524 5081 1922 5152 innumerisque
1944 5081 2116 5151 ipsum

530 5170 966 5236 consolantibus,
997 5171 1040 5225 si
1069 5171 1508 5226 consolationem
1535 5188 1638 5226 non
1679 5172 1996 5236 admiserit,
2028 5172 2113 5226 in-

529 5278 747 5333 gressus
791 5264 843 5317 in
895 5264 1206 5328 ecclesiam,
1250 5273 1530 5335 postquam
1575 5265 1777 5320 audivit
1812 5274 2116 5319 sanctorum

534 5354 789 5421 plurimos
816 5355 991 5424 lapsos
1018 5355 1334 5422 surrexisse,
1362 5364 1521 5424 atque
1541 5355 1605 5410 ad
1638 5356 1870 5425 priorem
1894 5354 2118 5409 rediisse

531 5444 868 5512 dignitatem,
896 5444 1033 5497 clam
1079 5445 1248 5498 multo
1288 5446 1479 5499 solatio
1504 5445 1693 5514 plenus
1733 5444 2022 5514 egreditur.
2052 5445 2117 5497 lit

530 5534 621 5602 qui
665 5535 718 5587 in
764 5534 1009 5589 homines
1053 5536 1367 5604 plerumque
1413 5549 1724 5605 peccamus,
1765 5550 1834 5590 ne
1878 5535 2114 5591 revelare

530 5624 743 5693 quidem
768 5635 1042 5696 peccatum
1060 5625 1319 5681 audemus
1338 5627 1538 5697 pudore
1558 5626 1857 5699 ruboreqne
1878 5627 2074 5683 detenti
2095 5643 2112 5694 ;

592 5776 664 5838 (α)
690 5778 804 5827 \‘ide
827 5781 878 5828 in
895 5782 1066 5829 monito
1089 5782 1404 5843 prandenti.

2105 2821 2451 2863 00*-

2220 2934 2360 3002 quod
2386 2936 2430 2989 si
2457 2937 2795 3000 revelemus,
2834 2934 2965 2989 nihil
2992 2943 3195 2989 tantum
3238 2934 3636 3005 consequimur
3661 2955 3678 2990 :
3711 2951 3824 2989 cum

2220 3034 2398 3079 autem
2422 3026 2560 3080 Deus
2586 3028 2917 3087 exhortatur,
2946 3040 3147 3095 corque
3172 3033 3411 3079 nostrum
3438 3026 3645 3095 tangit,
3673 3043 3820 3080 sata.

2222 3119 2338 3171 nica
2361 3117 2536 3172 omnis
2567 3118 2777 3172 tristitia
2801 3118 2982 3171 statim
3023 3116 3252 3186 fugatur.
3278 3116 3403 3171 Ideo
3425 3116 3720 3187 justoruni
3758 3121 3829 3171 la-

2223 3223 2350 3277 psus
2376 3208 2530 3263 nobis
2559 3208 2850 3278 conscripti
2880 3216 3007 3261 sunt
3037 3224 3051 3261 :
3077 3222 3184 3278 quo
3227 3216 3283 3261 et
3318 3208 3407 3277 qui
3458 3219 3620 3263 recte
3658 3220 3719 3265 et
3745 3211 3830 3279 qui

2225 3298 2468 3367 improbe
2491 3299 2679 3353 vivunt
2708 3298 2832 3354 hinc
2870 3299 3098 3353 maxime
3134 3294 3489 3353 lucrifaciant.
3521 3299 3668 3354 Nam
3704 3317 3832 3370 pec-

2221 3399 2369 3443 cator
2401 3391 2451 3442 in
2480 3389 2905 3459 desperationem
2960 3405 3065 3443 non
3096 3389 3227 3454 abit,
3277 3404 3397 3444 cum
3455 3389 3614 3444 videt
3664 3393 3831 3445 alium

2222 3482 2449 3551 lapsum,
2474 3482 2562 3551 qui
2595 3497 2875 3551 resurgere
2903 3482 3110 3548 potuit;
3143 3480 3230 3550 qui
3272 3494 3399 3534 vero
3422 3479 3707 3549 justitiam
3741 3498 3832 3540 co-
3876 3480 3877 3483 “

2223 3573 2279 3626 lit
2301 3615 2316 3638 ,
2346 3574 2648 3644 diligentior
2675 3575 2779 3629 erit
2806 3582 2861 3628 et
2901 3574 3123 3632 firmior.
3173 3573 3308 3632 Cum
3349 3572 3492 3632 enim
3536 3579 3757 3633 multos
3782 3594 3833 3633 se

2224 3663 2473 3718 meliores
2520 3664 2698 3736 lapsos
2736 3665 2965 3733 Viderit,
2995 3669 3206 3723 illorum
3235 3683 3360 3721 casu
3389 3666 3562 3722 factus
3593 3671 3829 3735 cautior,

2222 3769 2437 3830 semper
2454 3758 2714 3815 sollicitus
2740 3763 2865 3827 erit,
2904 3762 3179 3831 multaque
3209 3776 3268 3816 se
3296 3762 3549 3816 cautione
3590 3765 3828 3817 muniet.

2224 3848 2312 3905 Sic
2339 3852 2514 3922 itaque
2543 3853 2587 3908 is
2607 3893 2622 3917 ,
2650 3854 2740 3922 qui
2769 3853 3020 3908 virtutem
3053 3853 3216 3919 colit,
3250 3854 3536 3922 persistet;
3566 3864 3833 3923 peccator

2224 3957 2354 3995 vero
2382 3957 2412 3995 a
2443 3942 2817 4013 desperatione
2846 3942 3156 3998 liberabitur
3184 3960 3198 3998 :
3230 3944 3317 3997 ille
3356 3942 3589 3997 ﬁrmiter
3621 3946 3828 4009 stabit,

2226 4032 2313 4089 hic
2341 4033 2392 4088 in
2422 4035 2675 4104 priorem,
2705 4051 2734 4089 a
2765 4051 2871 4105 quo
2899 4035 3122 4102 excidit,
3169 4045 3366 4090 statum
3397 4037 3701 4090 confestim
3746 4054 3832 4092 reo

2223 4133 2480 4180 vertetur.
2508 4126 2640 4180 Nam
2670 4142 2790 4181 cum
2822 4126 2985 4183 homo
3013 4127 3275 4198 quispiam
3306 4143 3406 4182 nos
3427 4138 3666 4183 maestos
3692 4144 3824 4185 oon-

2222 4214 2442 4279 solatur,
2472 4216 2683 4271 etiamsi
2709 4217 2776 4271 ad
2806 4217 3071 4272 modicum
3104 4226 3317 4286 tempus
3342 4217 3466 4287 quid
3508 4217 3698 4272 solatii
3732 4220 3824 4273 ha-

2224 4302 2352 4359 bere
2380 4304 2672 4372 videamur,
2704 4307 2755 4361 in
2786 4308 3030 4362 eamdem
3080 4317 3256 4362 tamen
3302 4321 3490 4362 rursus
3541 4308 3820 4362 tristitiam

2222 4392 2549 4459 delabimur;
2582 4412 2704 4450 cum
2734 4397 3047 4452 vero-Deus
3093 4413 3189 4467 per
3233 4399 3366 4452 alios
3411 4398 3690 4463 hortatur,
3732 4401 3823 4470 qui

2223 4495 2343 4557 post
2372 4497 2646 4556 peccatum
2679 4492 3063 4559 resipiscentes
3098 4492 3325 4545 salutem
3376 4503 3819 4562 consequuntur,

2222 4594 2371 4635 suam
2406 4582 2559 4635 nobis
2590 4582 2877 4637 bonitatem
2921 4581 3259 4637 manifestam
3306 4581 3464 4647 facit,
3499 4598 3569 4637 ne
3597 4585 3821 4651 propria

2222 4673 2288 4727 de
2315 4674 2486 4729 salute
2515 4674 2837 4741 dubitemus,
2872 4673 3080 4727 firmam
3104 4683 3410 4743 certamque
3452 4673 3590 4728 nacti
3620 4689 3821 4730 conso-

2220 4765 2469 4819 lationem
2521 4766 2981 4832 Quemadmodum
3010 4767 3168 4836 igitur
3195 4766 3248 4820 in
3288 4774 3637 4835 peccatorum
3676 4766 3820 4823 casi—

2219 4855 2341 4925 bus,
2374 4858 2451 4911 sic
2482 4858 2641 4910 etiam
2672 4859 2723 4911 in
2756 4858 3005 4927 periculis
3031 4857 3481 4927 contingentibus,
3514 4873 3824 4928 congrucn-

2222 4957 2327 5000 tem
2391 4949 2739 5003 mmrentibus
2810 4948 3070 5003 medelam
3144 4958 3352 5003 veteres
3410 4948 3815 5018 Scripturarum

2221 5038 2458 5093 historim
2487 5040 2720 5093 animum
2749 5040 3001 5094 adhibere
3040 5040 3335 5094 volentibus
3362 5041 3776 5096 subministrant
3800 5062 3815 5097 :

2220 5145 2281 5185 ac
2306 5131 2417 5186 sive
2460 5130 2764 5187 facultatum
2813 5132 3137 5201 publicatio,
3192 5132 3305 5187 sive
3358 5132 3813 5203 sycophantarum

2221 5225 2489 5289 molestia,
2523 5225 2635 5280 sive
2664 5239 2928 5292 carceres,
2959 5225 3071 5279 sive
3100 5224 3325 5294 ﬂagella,
3354 5224 3468 5280 sive
3491 5225 3636 5279 aliud
3659 5228 3814 5296 quid-

2220 5317 2361 5386 piam
2385 5317 2510 5369 mali
2539 5332 2636 5371 nos
2666 5316 2966 5384 intercipiat
2996 5333 3008 5369 :
3041 5314 3105 5369 ad
3126 5314 3300 5385 justos
3327 5315 3693 5385 reSpieientes,
3720 5318 3810 5384 qui

2219 5407 2402 5462 eadem
2432 5408 2545 5477 ipsa
2575 5407 2712 5476 passi
2745 5416 2867 5460 sunt
2891 5421 2953 5460 ac
2980 5406 3298 5471 toleravere,
3334 5405 3400 5459 ad
3450 5407 3807 5477 nosmetipsos

2219 5499 2396 5552 statim
2418 5498 2593 5552 redire
2620 5497 2931 5567 poterimus.
2953 5496 3008 5550 ln
3038 5496 3312 5566 corporeis
3325 5510 3555 5566 namque
3584 5497 3807 5560 morbis,

2219 5591 2264 5645 si
2296 5606 2435 5661 aeger
2462 5590 2595 5644 alios
2626 5598 2853 5659 aegrotos
2876 5589 3143 5659 respiciat,
3178 5604 3331 5643 suum
3357 5597 3513 5660 auget
3539 5589 3806 5653 morbum,

2219 5681 2541 5751 quandoque
2587 5681 2749 5739 etiam
2804 5664 2962 5750 qtiam
3010 5695 3113 5735 non
3168 5680 3393 5735 habebat
3446 5679 3807 5737 inﬁrmitatem

2218 5770 2490 5827 contrahit
2520 5789 2531 5824 :
2561 5771 2789 5842 exempli
2811 5784 2970 5827 causa
3001 5810 3018 5838 ,
3041 5785 3159 5825 eum
3205 5771 3446 5828 nonnulli
3476 5771 3615 5827 alios
3638 5773 3805 5826 oculis
