3894 6226
126 326 242 384 299

130 445 239 499 καὶ
273 444 433 509 αὐτός
469 463 550 498 σοι
587 445 817 517 παρέχει
844 447 1037 514 ἄφεσιν
1067 447 1348 518 ἁμαρτιῶν
1369 465 1381 478 ·
1417 449 1691 519 πρόφασιν
1726 467 1814 519 μι-

132 532 285 604 κρὰν
307 535 372 586 σὺ
396 534 701 602 εἰσένεγκε,
722 535 809 588 ἵνα
828 536 1186 604 εὐπρόσωπον
1213 534 1341 606 ἔχῃς
1361 536 1459 606 τὴν
1481 537 1777 604 ἀπολογίαν
1795 553 1809 568 ·

129 622 208 675 τά
247 623 346 691 μὲν
376 622 485 694 γὰρ
517 622 646 694 παρ’
679 622 846 676 αὐτοῦ
884 624 1025 686 ἐστι,
1053 622 1121 677 τά
1143 622 1196 676 δέ
1216 626 1347 694 παρ’
1377 624 1560 694 ἡμῶνι
1586 624 1655 677 τὰ
1684 625 1816 695 παρ’

131 707 301 779 ἡμῶν
347 708 443 762 ἐὰν
491 710 918 780 είσενέγκωμεν,
968 710 1131 764 πάλιν
1163 710 1258 762 καὶ
1301 710 1461 774 αὐτὸς
1490 712 1818 781 παρέχειτά

138 798 278 867 παρ’
304 797 522 852 ἑαυτοῦ.
562 797 700 867 Ἤδη
735 798 833 869 μὲν
877 794 970 851 οῦν
999 798 1067 850 τά
1110 799 1241 869 παρ’
1269 796 1460 851 ἑαυτοῦ
1497 798 1660 861 αὐτὸς
1685 814 1828 866 παρ-

143 883 331 955 έσχεν,
363 884 538 956 ἥλιον,
571 884 824 956 σελήνην,
866 885 1109 937 ποικίλον
1139 884 1300 956 χορὸν
1343 885 1587 956 ἀστέρων
1626 885 1820 955 ἐθεμε-

132 971 358 1037 λίωσεν,
387 973 524 1044 ἀέρα
549 973 753 1043 ἐξέχεε,
788 974 893 1044 γῆν
924 972 1168 1044 ἡπλωσε,
1208 972 1484 1026 θάλασσαν
1519 973 1816 1043 ἐτείχισεν,

130 1058 342 1113 ἔδωκεν
369 1060 491 1131 ὄρη.
521 1064 718 1123 νάπας,
752 1060 997 1131 βουνοὺς,
1030 1060 1232 1130 πηγὰς,
1263 1060 1481 1130 λίμνας,
1514 1059 1814 1128 ποταμοὺς,

133 1145 210 1199 τὰ
242 1147 410 1217 μυρία
430 1147 560 1217 γένη
586 1148 697 1200 τῶν
726 1147 928 1216 φυτῶν,
955 1148 1337 1218 παραδείσους,
1355 1147 1422 1199 τὰ
1450 1146 1583 1199 ἄλλα
1606 1148 1814 1200 πάντα·

138 1234 306 1287 πάλιν
341 1235 404 1286 σὺ
462 1234 840 1302 συνεισένεγκε
888 1234 1103 1305 μικρὸν,
1139 1235 1227 1287 ἵνα
1268 1234 1411 1286 οὕτω
1450 1235 1548 1287 καὶ
1593 1233 1661 1285 τά
1702 1234 1816 1287 ἄνω

139 1337 227 1373 σοι
258 1319 571 1391 χαρίσηται.
611 1321 702 1391 Μὴ
725 1318 820 1375 οὖν
853 1320 1221 1392 ἀμελήσωμεν
1252 1318 1483 1382 ἑαυτῶν,
1517 1319 1650 1389 μηδέ
1684 1321 1820 1371 ἀπο-

141 1407 363 1478 ατῶμεν
408 1410 509 1479 τῆς
572 1410 849 1482 ἡμετέρας
899 1411 1208 1483 σωτηρίας,
1268 1409 1522 1463 τοσοῦτον
1582 1411 1818 1480 πέλαγος

140 1495 565 1566 φιλανθρωπίας
591 1496 806 1566 ἔχοντες
833 1498 927 1550 τοῦ
957 1499 1174 1552 πάντων
1201 1499 1494 1562 Δεσπότου,
1526 1499 1618 1552 καὶ
1652 1516 1818 1569 μετα-

138 1582 394 1646 νοοῦντος
426 1584 521 1636 ἐπὶ
571 1586 694 1647 ταῖς
729 1584 1030 1656 ἡμετέραις
1078 1586 1397 1657 ἁμαρτίαις.
1439 1585 1694 1639 Βασιλεία
1723 1586 1818 1638 οὐ-

137 1669 328 1738 ρανῶν
376 1670 660 1740 πρόκειται
711 1671 805 1724 καὶ
868 1672 1219 1742 παράδεισος,
1272 1673 1368 1725 καὶ
1428 1673 1495 1725 τά
1548 1671 1728 1740 ἀγαθὰ
1782 1671 1822 1726 ἂ

133 1756 454 1825 ὀφθαλμὸς
484 1758 596 1809 οὐκ
630 1752 774 1820 εἶδε,
810 1758 907 1810 καὶ
956 1753 1066 1825 οὖς
1117 1761 1230 1812 οὐκ
1275 1757 1525 1826 ἤκουσε,
1574 1756 1674 1810 καὶ
1718 1756 1819 1810 ἐπὶ

136 1842 400 1911 καρδίαν
435 1842 752 1912 ἀνθρώπου
778 1847 887 1898 οὐκ
922 1846 1127 1913 ἀνέϐη,
1168 1844 1207 1900 ἅ
1237 1846 1570 1915 ἡτοίμασεν
1595 1848 1628 1899 ὁ
1674 1844 1819 1908 Θεὸς

138 1929 273 1996 τοῖς
326 1929 644 1999 ἀγαπῶσιν
694 1932 911 1985 αὐτόν·
963 1934 1059 1986 καὶ
1104 1936 1203 1987 οὐκ
1254 1933 1543 2004 ὀφείλομεν
1602 1933 1821 1986 ἃπαντα

140 2018 392 2087 ποιῆσαι,
416 2018 502 2071 ἵνα
530 2035 584 2071 τι
606 2021 1127 2092 συνεισενέγκωμεν,
1146 2021 1290 2074 ὥστε
1311 2020 1518 2075 τούτων
1551 2019 1626 2091 μὴ
1656 2022 1820 2073 ἐκπε-

146 2110 299 2172 σεῖν;
333 2107 403 2160 Ἦ
437 2106 539 2160 οὐκ
567 2102 714 2171 οἶδας
744 2107 957 2173 Παῦλος
990 2110 1044 2161 τί
1072 2109 1239 2177 λέγει,
1275 2112 1302 2162 6
1335 2108 1503 2162 πολλά
1522 2107 1811 2170 κοπιάσας,

134 2197 242 2251 καὶ
274 2195 442 2266 μυρία
464 2195 702 2267 τρόπαια
737 2198 880 2251 κατὰ
911 2197 1005 2250 τοῦ
1031 2197 1279 2252 διαϐόλου
1311 2198 1534 2267 στήσας,
1559 2196 1589 2247 6
1612 2195 1669 2248 ἐν
1700 2191 1812 2245 σώ-

145 2300 280 2354 ματι
323 2283 421 2353 τὴν
442 2283 770 2355 οἰκουμένην
801 2285 1094 2349 πεζεύοας,
1126 2286 1155 2337 6
1182 2286 1285 2354 γῆν
1310 2285 1404 2338 καὶ
1428 2283 1698 2336 θάλατταν
1719 2280 1813 2334 καὶ

142 2372 287 2442 ἀέρα
324 2369 697 2441 περιδραμὼν’,
723 2373 751 2423 6
786 2372 1036 2444 καθάπερ
1063 2372 1369 2444 ὑπόπτερός
1396 2390 1479 2434 τις
1508 2371 1607 2442 τὴν
1637 2372 1815 2422 οἰκου-

1328 332 1417 389 DF.
1458 332 1927 392 ΡΟΕΝΙΤΕΝΤΙΛ.
1971 338 2202 394 1103111..
2247 339 2333 395 IV.

3480 349 3583 408 500

1924 455 2089 524 μένην
2120 454 2438 526 περιελθὼν,
2471 457 2498 509 6
2520 456 2816 522 λιθασθεὶς,
2840 460 2868 512 6
2888 459 3187 528 φονευθεὶς,
3220 461 3247 514 6
3270 462 3581 533 τυπτηθεὶς.

1917 544 1946 596 6
1980 542 2156 597 πάντα
2176 543 2263 597 διά
2289 543 2349 597 τὸ
2376 543 2545 615 ὄνομα
2572 545 2668 599 τοῦ
2700 545 2836 599 Θεοῦ
2862 546 3068 612 παθὼν,
3102 547 3131 600 6
3164 548 3394 620 οὐρανία
3424 553 3578 622 φωνῇ

1918 630 2139 701 κληθεὶς
2186 631 2420 687 ἄνωθεν·
2472 633 2606 702 ὅρα,
2657 630 2810 697 οῦτος
2858 635 2910 687 τί
2959 633 3137 702 λέγει,
3188 637 3350 691 ποίαν
3402 641 3586 711 φωνὴν

1916 717 2177 790 ἔρρηξεν·
2218 719 2518 790 Ἐλάϐομεν
2546 734 2570 761 ιι
2590 721 2771 791 χάριν,
2806 722 2993 791 φησὶν,
3021 722 3129 776 ἀπὸ
3154 723 3249 776 τοῦ
3276 724 3433 788 Θεοῦ,
3452 725 3587 780 ἀλλὰ

1916 807 2070 873 κάγὼ
2094 807 2383 871 ἐκοπίασα,
2410 809 2505 860 καὶ
2540 809 2939 878 συνεισήνεγκα
2958 826 2972 840 ⁸
3000 809 3114 864 Καὶ
3138 812 3175 879 ἡ
3197 810 3367 880 χάρις
3400 813 3587 867 αὐτοῦ
3643 802 3646 806 λ

1912 896 1952 960 δὴ
1973 896 2059 961 εὶς
2083 895 2187 963 ἐμὲ
2208 894 2355 963 κενὴ
2382 898 2492 949 οὐκ
2518 894 2770 964 ἐγενήθη
2791 914 2803 926 ·
2841 898 3002 951 ἀλλὰ
3030 899 3127 951 καὶ
3159 901 3590 969 περισσότερον

1909 980 2115 1036 αὐτῶν
2134 981 2378 1035 πάντων
2398 982 2699 1035 ἐκοπίασα
2720 985 2817 1036 καὶ
2842 985 3309 1055 συνεισήνεγπα.
3333 987 3585 1057 Οἴδαμεν,

1918 1071 2106 1140 φησὶν,
2142 1071 2362 1140 οἴδαμεν
2401 1071 2498 1142 τῆς
2526 1071 2752 1141 χάριτος
2786 1071 2848 1124 τὸ
2871 1069 3020 1146 [502]
3068 1074 3318 1144 μέγεθος,
3352 1074 3379 1126 ὃ
3408 1074 3591 1128 ἐλάϐο-

1920 1175 2040 1228 μεν,
2079 1157 2193 1211 ἀλλ’
2230 1159 2332 1211 οὐκ
2380 1158 2549 1228 ἀργόν
2586 1175 2652 1229 με
2694 1150 2859 1231 εὗρεο
2910 1161 3122 1231 φανερὰ
3167 1162 3236 1214 τά
3268 1161 3399 1233 παρ’
3452 1161 3589 1230 ἐμοῦ

1919 1246 2312 1317 εἰσενεχθέντα.
2362 1245 2548 1310 Οὕτως
2592 1243 2686 1300 οὖν
2734 1248 2828 1300 καὶ
2869 1248 3030 1318 ἡμεῖς
3080 1247 3177 1312 τὰς
3216 1251 3400 1320 χεῖρας
3455 1249 3591 1321 πρὸς

1919 1335 2286 1408 ἐλεημοσύνην
2335 1336 2659 1406 διδάξωμεν,
2705 1337 2793 1389 ἵνα
2842 1336 3345 1407 συνεισενέγκωμεν
3395 1338 3591 1408 μικρόν

1919 1444 2007 1480 τι·
2059 1427 2386 1497 κλαύσωμεν
2426 1429 2520 1480 ἐπί
2567 1431 2633 1498 τῇ
2669 1426 2938 1501 ἁμαρτίᾳ,
2990 1427 3348 1500 θρηνήσωμεν
3378 1429 3472 1482 ἐπὶ
3521 1433 3587 1501 τῇ

1919 1514 2145 1586 ἀνομίᾳ,
2178 1514 2265 1568 ἵνα
2291 1515 2532 1585 δόξωμεν
2554 1517 2749 1587 μικρὸν
2775 1534 2826 1569 τι
2856 1514 3252 1586 συνεισφέρειν,
3281 1516 3468 1587 ἐπειδὴ
3496 1518 3590 1570 καὶ

1924 1602 2136 1674 μεγάλα
2159 1603 2227 1655 τὰ
2265 1602 2528 1672 μέλλοντα
2559 1602 2798 1657 δίδοσθαι
2831 1605 2982 1674 ἡμῖν,
3018 1604 3113 1657 καὶ
3149 1602 3466 1675 ὑπερϐαίνει
3491 1605 3592 1674 τὴν

1921 1690 2195 1760 ἡμετέραν
2229 1689 2488 1761 δύναμιν·
2523 1691 2848 1761 παράδεισος
2883 1691 2991 1761 γάρ
3035 1693 3172 1753 ἐστι,
3212 1691 3306 1744 καὶ
3345 1690 3594 1760 βασιλεία

1920 1779 2194 1849 οὐρανῶν⁸
2227 1774 2294 1850 ἧς
2319 1778 2529 1846 γένοιτο
2557 1776 2765 1841 πάντας
2793 1780 2939 1848 ἡμᾶς
2963 1780 3259 1848 ἐπιτυχεῖν,
3284 1778 3470 1849 χάριτι
3501 1780 3594 1832 καὶ

1922 1866 2305 1938 φιλανθρωπίᾳ
2352 1866 2446 1919 τοῦ
2501 1866 2708 1937 Κυρίου
2753 1865 2911 1935 ἡμῶν
2955 1866 3127 1937 Ἰησοῦ
3163 1866 3422 1936 Χριστοῦ,
3473 1867 3593 1936 μεθ’

1920 1948 1980 2007 οῦ
2014 1955 2092 2025 τῷ
2130 1956 2307 2026 Πατρὶ
2340 1954 2455 2025 ἃμα
2490 1954 2568 2024 τῷ
2629 1954 2769 2023 ἁγίῳ
2821 1952 3120 2023 Πεθεύματι,
3158 1952 3306 2017 δόξα,
3371 1953 3593 2023 κράτος,

1919 2044 2075 2113 τιμὴ,
2111 2042 2206 2095 νῦν
2245 2045 2340 2097 καὶ
2394 2043 2500 2104 ἀεὶ,
2540 2042 2634 2095 καὶ
2689 2044 2768 2105 εἰς
2802 2045 2927 2103 τούς
2964 2041 3166 2104 αἰῶνας
3201 2041 3308 2093 τῶν
3359 2040 3592 2097 αἰώνων.

1930 2133 2122 2204 Ἀμην.

2117 2318 2123 2326 ε
2185 2307 2199 2326 ε
2233 2305 2277 2326 -.⁸

1982 2314 2008 2341 ει
2032 2306 2143 2353 SaV.
2181 2307 2206 2353 6
2229 2304 2433 2367 οὐρανίῳ
2464 2309 2594 2366 φωνῇ
2623 2304 2825 2360 κληθεὶς,
2856 2302 2943 2364 ὅρα
2967 2301 3109 2349 ποίαν
3135 2302 3291 2363 φωνὴν
3313 2300 3456 2349 εἶπεν·
3484 2301 3594 2351 ἐλάα

1921 2371 2079 2432 ϐομεν.
3068 2376 3071 2379 ’

253 2508 3425 2543 W

1305 2627 1465 2678 ΠΕΡΙ
1496 2620 1895 2677 ΜΕΤΑΝΟΙΔΣ
1933 2619 2054 2674 ΚΑΙ
2096 2617 2347 2671 ΕΥΧΗΣ.
2420 2612 2426 2617 ’

826 2858 1061 2926 Ὀμιλία
1081 2852 1157 2910 δ’.

216 2957 287 3006 α’.
320 2950 383 3002 Οἱ
418 2947 671 3018 ποιμένες
696 2947 763 3001 τά
797 2944 1048 3015 πρόϐατα
1080 2942 1210 2996 ἔνθα
1241 2940 1308 2996 ἂν
1338 2943 1485 2996 ἴδωσι
1515 2942 1819 3015 βαθυτέραν

142 3035 317 3094 οὖσαν
340 3039 438 3108 τὴν
465 3037 624 3100 πόαν,
660 3034 902 3105 συνεχῶς
930 3033 1149 3103 ἄγουσι,
1176 3033 1270 3086 καὶ
1292 3033 1353 3085 οὐ
1384 3032 1651 3104 πρότερον
1676 3034 1820 3085 ἐκεῖ·

148 3126 244 3181 θεν
277 3125 599 3198 ἐγείρουσιν,
635 3123 740 3185 ἕως
783 3123 848 3177 ἂν
893 3122 1065 3193 αὐτὴν
1105 3122 1287 3175 πᾶσαν
1316 3121 1586 3193 ἀποκείρῃ
1612 3120 1681 3174 τά
1709 3121 1820 3173 ποί-

152 3231 303 3286 μνια.
339 3211 575 3276 Τούτους
603 3211 660 3264 δὲ
688 3211 782 3264 καὶ
806 3212 966 3281 ἡμεῖς
1003 3207 1354 3280 μιμούμενοι,
1385 3209 1655 3281 τετάρτην
1684 3205 1818 3259 ταύ-

148 3316 250 3371 την
282 3298 382 3369 ἢδη
415 3298 629 3370 ἡμέραν
659 3298 737 3360 είς
763 3296 854 3349 τὸν
875 3295 976 3363 τῆς
1002 3294 1291 3366 μετανοίας
1319 3295 1520 3366 τρόπον
1553 3293 1818 3364 βόσκομεν

149 3384 310 3440 τοῦτο
348 3385 410 3438 τὸ
447 3384 714 3455 ποίμνιον,
748 3383 845 3436 καὶ
877 3382 1089 3435 οὐδέπω
1117 3383 1212 3434 καὶ
1249 3383 1488 3454 σήμερον
1519 3383 1818 3451 ἀναστῆσαι

146 3470 683 3545 παρασκευαζόμεθα
704 3487 715 3500 ⁸
745 3469 961 3541 ὁρῶμεν
987 3469 1096 3539 γὰρ
1128 3468 1327 3540 πολλὴν
1359 3464 1524 3523 οὖσαν
1546 3469 1627 3523 ἔτι
1649 3468 1819 3541 νομῆς

147 3561 433 3632 εὐπορίαν,
469 3561 564 3613 καὶ
592 3557 790 3629 πολλὴν
819 3556 1008 3629 τέρψιν
1035 3557 1170 3628 ὁμοῦ
1201 3559 1293 3610 καὶ
1314 3558 1604 3627 ὠφέλειαν.

220 3648 357 3703 Οὐδὲ
400 3647 507 3718 γάρ
540 3645 713 3709 οῦτως
747 3647 803 3698 αἱ
848 3645 1016 3715 κόμαι
1057 3644 1168 3697 τῶν
1200 3645 1432 3715 δένδρων
1464 3646 1585 3699 ἀντὶ
1620 3646 1818 3715 στέγης

144 3738 261 3799 τοῖς
316 3735 605 3807 προϐάτοις
653 3734 935 3804 γινόμεναι
990 3732 1130 3786 κατά
1189 3731 1250 3784 τὸ
1304 3733 1673 3805 μεσημϐρινὸν
1722 3735 1818 3804 τῆς

148 3823 363 3895 ἡμέρας
393 3821 736 3876 ἀναπαύουσι
770 3820 838 3874 τά
867 3820 1139 3891 πρόϐατα,
1176 3819 1430 3890 ποθεινὴν
1459 3837 1519 3873 τε
1556 3822 1650 3873 καὶ
1673 3820 1819 3890 ὠφέ-

146 3911 307 3980 λιμον
343 3909 643 3981 παρέχουσι
668 3909 766 3979 τὴν
798 3907 980 3973 σκιὰν,
1018 3907 1112 3960 καὶ
1156 3906 1293 3977 μετὰ
1320 3906 1522 3975 πολλῆς
1553 3923 1816 3961 κατακοι-

151 3996 366 4068 μίζουσι
398 3995 500 4065 τῆς
523 3996 737 4067 ἡδονῆς,
767 3994 842 4058 ὡς
872 3995 905 4066 ἡ
937 3993 1047 4047 τῶν
1071 3993 1229 4047 θείων
1259 3993 1489 4064 Γραφῶν
1511 3993 1817 4064 ἀνάγνωσις

145 4087 249 4149 τὰς
276 4083 622 4155 ὁδυνωμένας
646 4081 823 4153 ψυχὰς
847 4083 942 4137 καὶ
958 4081 1166 4153 ἀθυμία
1183 4074 1559 4152 κατεχομένας
1576 4085 1815 4136 ἀνακτᾶ-

145 4191 240 4227 ται
275 4175 370 4227 καὶ
414 4171 741 4242 καταψύχει,
789 4171 852 4223 τὸ
900 4170 999 4241 μὲν
1036 4169 1263 4239 σφοδρὸν
1305 4170 1402 4224 καὶ
1448 4171 1670 4235 διακαὲς
1715 4172 1815 4243 τῆς

146 4261 341 4328 ὀδύνης
369 4257 764 4329 ἀποχριομένη,
796 4256 1150 4327 παραμυθίαν
1170 4255 1226 4308 δὲ
1254 4258 1412 4319 σκιᾶς
1441 4258 1658 4329 ἁπάσης
1681 4259 1815 4328 ἡδίω

147 4347 242 4401 καὶ
274 4346 640 4420 τερπνοτέραν
666 4344 997 4417 παρέχουσα.
1030 4345 1106 4396 Οὐ
1140 4343 1249 4416 γὰρ
1286 4344 1445 4414 μόνον
1474 4346 1532 4397 ἐν
1551 4348 1674 4408 ταῖς
1705 4346 1813 4399 τῶν

146 4433 446 4505 χρημάτων
474 4432 720 4504 ζημίαις,
749 4430 872 4484 οὐδέ
898 4432 955 4482 ἐν
980 4432 1099 4493 ταῖς
1130 4429 1238 4482 τῶν
1261 4432 1466 4484 τέκνων
1496 4432 1809 4500 ἀποϐολαῖς,

145 4518 272 4574 οὔτε
299 4522 357 4573 ἐν
380 4522 491 4582 τοῖς
527 4518 705 4581 ἄλλοις
734 4521 847 4581 τοῖς
883 4517 1169 4581 τοιούτοις,
1198 4517 1334 4570 ἀλλά
1358 4519 1452 4570 καὶ
1481 4519 1538 4572 ἐν
1561 4523 1678 4584 ταῖς
1706 4520 1813 4573 τῶν

150 4607 437 4679 ἁμαρτιῶν
478 4606 831 4676 περιστάσεσι
865 4604 1067 4676 πολλὴν
1107 4606 1240 4676 ἡμῖν
1270 4606 1408 4676 αὐτὴ
1458 4608 1686 4679 παρέχει
1714 4609 1812 4680 τὴν

148 4693 524 4766 παραμυθίαν.
558 4694 726 4747 Ὅταν
764 4693 874 4763 γὰρ
897 4692 1184 4764 ἄνθρωπος
1206 4693 1312 4746 ὑπὸ
1344 4694 1619 4765 ἁμαρτίας
1652 4695 1812 4760 ἁλοὺς

148 4783 243 4837 καὶ
282 4781 696 4844 ὐποσκελισθεὶς
732 4781 1039 4852 καταπέσῃ,
1087 4777 1205 4835 εἶτα
1255 4782 1518 4856 κατεσθίῃ
1550 4783 1714 4838 αὐτὸν
1753 4785 1812 4838 τὸ

150 4870 408 4937 συνειδὸς,
447 4870 543 4923 καὶ
577 4869 677 4938 τῆς
724 4868 1001 4939 ἁμαρτίας
1055 4868 1294 4940 συνεχῶς
1351 4871 1807 4942 ἀναμιμνήσκων,

149 4958 340 5011 ἐαυτὸν
385 4956 665 5027 ἀποπνίγῃ
707 4959 774 5026 τῇ
817 4957 915 5026 τῆς
942 4955 1180 5027 ἀθυμίας
1209 4956 1506 5029 ὑπερσολῇ,
1554 4960 1649 5011 καὶ
1687 4958 1810 5012 καθ’

147 5049 383 5118 ἑκάστην
421 5045 794 5117 ἐμπυρίζηται
839 5045 936 5116 τὴν
969 5046 1203 5115 ἡμέραν,
1251 5048 1349 5099 καὶ
1385 5047 1596 5118 μυρίων
1629 5065 1810 5118 παρα-

145 5135 476 5199 καλούντων,
500 5133 567 5188 ἂν
597 5133 669 5204 μὴ
693 5133 1024 5204 προσίηταιει
1043 5132 1138 5203 τὴν
1164 5134 1533 5207 παράκλησιν,
1553 5133 1810 5187 εἰσελθὼν

144 5227 227 5288 είς
252 5224 352 5295 τὴν
381 5223 697 5293 ἐκκλησίαν,
741 5222 835 5275 καὶ
878 5220 1118 5285 ἀκούσας
1145 5222 1227 5275 ὅτι
1271 5223 1456 5276 πολλοὶ
1483 5223 1592 5277 τῶν
1633 5224 1806 5292 ἁγίων

143 5313 399 5372 πεσόντες
428 5312 754 5382 ἀνέστησαν,
789 5310 884 5363 καὶ⁵
912 5312 992 5373 είς
1022 5311 1118 5380 τὴν
1153 5310 1420 5382 προτέραν
1447 5310 1609 5367 πάλιν
1636 5314 1808 5365 ἐπαν-

141 5398 306 5468 ἦλθον
347 5398 716 5469 εὐδοκίμησιν,
763 5396 1131 5460 λανθανόντως
1171 5397 1349 5450 λαϐὼν
1390 5398 1489 5469 τὴν
1546 5416 1804 5469 παραμυ-

143 5486 266 5539 θίαν
300 5484 620 5555 ἀπέρχεται.
640 5484 752 5537 Kal
778 5482 1087 5554 ἀνθρώποις
1117 5483 1215 5553 μὲν
1242 5482 1499 5548 πολλάκις
1530 5486 1805 5556 ἁμαρτόν·

141 5590 234 5637 τες
258 5572 383 5626 οὐτε
412 5571 715 5639 ἐκκαλύψαι
747 5571 806 5623 τὸ
829 5570 1208 5640 πλημμέλημα
1241 5572 1583 5642 ὑπομένομεν
1611 5576 1803 5643 αίσχυ-

141 5661 355 5732 νόμενοι
403 5659 495 5712 καὶ
526 5657 906 5729 ἐρυθριῶντες,
952 5656 1055 5709 κᾶν
1088 5657 1143 5710 δὲ
1181 5659 1595 5731 ἐκκαλύψωμεν,
1650 5663 1802 5717 οὐδὲν

204 5767 232 5795 ⁸
252 5766 387 5839 {hnc
408 5761 859 5839 sgipggraqubis
896 5764 1226 5839 ευρρειξῇιινιι
1248 5766 1417 5828 Savil.,
1452 5769 1538 5829 qui
1571 5770 1796 5822 ediderat

138 5827 381 5892 προσίεται
428 5825 596 5877 Monlf.
632 5831 801 5874 autem
830 5824 1045 5887 προσείη.
1074 5824 1204 5874 Enrr.

1920 2844 2327 2918 καρπωσόμεθα
2370 2842 2653 2897 τοσοῦτον·
2700 2842 2826 2895 ὅταν
2859 2841 2916 2895 δὲ
2960 2841 3093 2905 Θεὸς
3139 2841 3454 2913 παρακαλῇ,
3499 2843 3595 2897 καὶ

1918 2939 2018 3008 τῆς
2080 2934 2310 3006 καρδίας
2361 2933 2623 3002 ἅπτηται,
2673 2932 2823 2984 πᾶσα
2864 2931 3072 3001 ταχέως
3123 2929 3594 3000 φυγαδευθὴσεται

1922 3022 2189 3093 σατανικὴ
2241 3021 2409 3089 λύπη.
2436 3021 2535 3072 Διά
2580 3019 2739 3071 τοῦτο
2778 3019 2873 3071 καὶ
2926 3018 3197 3087 πτώματα
3224 3018 3334 3071 τῶν
3367 3016 3594 3071 δικαίων

1919 3112 2066 3165 ἐστὶν
2104 3112 2236 3180 ἡμῖν
2280 3108 2628 3177 ἀνάγραπτα,
2661 3106 2747 3158 ἵνα
2790 3105 2842 3157 οῖ
2882 3122 2943 3157 τε
2983 3103 3399 3176 κατορθοῦντες,
3450 3104 3593 3157 οἵτε

1920 3200 2326 3271 ἁμαρτάνοντες
2375 3198 2443 3250 τὰ
2482 3196 2712 3269 μέγιστα
2757 3197 2821 3247 ἐκ
2867 3194 3076 3248 τούτων
3124 3195 3477 3265 κερδάνωσιν.
3535 3193 3595 3247 '0

1919 3287 2029 3358 γὰρ
2071 3286 2404 3356 ἁμαρτάνων
2433 3285 2534 3336 οὐκ
2560 3282 2781 3354 ἔρχεται
2807 3283 2887 3345 εἰς
2910 3282 3223 3350 ἀπόγνωσιν
3247 3283 3341 3335 καὶ
3359 3282 3593 3336 ἀπελπι-

1921 3376 2055 3445 σμὸν
2080 3372 2256 3446 [505],
2292 3371 2416 3426 ἰδὼν
2452 3371 2639 3440 ἕτερον
2680 3369 2940 3432 πεσόντα,
2973 3371 3066 3423 καὶ
3100 3369 3262 3423 παλιν
3292 3370 3594 3442 ἀναστῆναι.

1918 3462 2216 3531 δυνηθέντα
2238 3478 2250 3491 ·
2275 3463 2304 3513 6
2344 3460 2401 3512 δὲ
2434 3459 2784 3528 δικαιοσύνην
2813 3457 3204 3528 ἐργαζόμενος,
3237 3457 3588 3511 σπουδαιότε-

1922 3569 2012 3622 ρος
2039 3550 2192 3604 ἔσται
2218 3551 2313 3603 καὶ
2338 3532 2763 3618 ἀσφαλέστερος.
2793 3547 2967 3600 ’Ὂταν
2994 3545 3102 3616 γὰρ
3127 3545 3235 3598 τῶν
3267 3544 3432 3599 αὐτοῦ
3456 3545 3592 3599 πολὺ

1921 3639 2206 3709 βελτιόνων
2231 3638 2462 3701 πολλοὺς
2487 3636 2904 3699 καταπεσόντας
2929 3635 3036 3707 ίδῃ,
3057 3633 3136 3705 τῷ
3160 3635 3310 3707 φόϐῳ
3334 3636 3430 3706 τῆς
3451 3636 3594 3688 ἐκεί-

1918 3745 2024 3781 νων
2050 3725 2311 3790 πτώσεως
2329 3725 2819 3796 σωφρονιζόμενος,
2844 3723 3139 3793 ἐναγώνιος
3156 3723 3311 3779 ἔσται
3338 3724 3592 3790 πάντοτε,

1917 3816 2015 3869 καὶ
2044 3813 2244 3885 πολλὴν
2270 3815 2398 3885 περὶ
2418 3814 2611 3867 ἐαυτὸν
2641 3812 2973 3877 ἐπιδείξεται
3001 3812 3102 3885 τὴν
3127 3813 3432 3883 ἀσφάλειαν
3450 3829 3465 3844 ·
3497 3814 3594 3867 καὶ

1918 3902 2090 3966 οὕτως
2116 3903 2144 3955 6
2173 3902 2271 3973 μὲν
2297 3901 2396 3971 τὴν
2421 3899 2625 3972 ἀρετὴν
2653 3900 2959 3970 κατορθῶν,
2994 3902 3022 3954 6
3043 3902 3100 3954 δὲ
3130 3902 3463 3970 ἁμαρτάνων
3492 3901 3593 3970 τῆς

1918 3988 2284 4058 ἀπογνώσεως
2304 3988 2664 4056 ἀπαλλαγεὶς,
2694 3989 2723 4041 6
2752 3988 2853 4059 μὲν
2879 3990 3137 4059 στήσεται
3164 3986 3447 4056 ἀσφαλῶς,
3481 3988 3509 4040 6
3533 3987 3592 4042 δὲ

1917 4077 2175 4149 ἐπανήξει
2201 4077 2436 4147 ταχέως,
2452 4076 2575 4130 ὅθεν
2598 4076 2880 4142 ἐξέπεσεν.
2904 4076 3072 4128 Ὅταν
3088 4075 3197 4144 γάρ
3212 4076 3360 4145 ἡμᾶς
3377 4074 3590 4145 ἄνθρω-

1917 4182 2019 4228 πος
2068 4153 2363 4236 παρακαλῇ
2419 4164 2814 4235 λυπουμένους,
2850 4164 2946 4218 καὶ
2973 4161 3215 4234 δόξωμεν
3246 4163 3383 4233 πρὸς
3409 4162 3590 4232 ὀλίγον

1914 4252 2383 4325 παραμυθεῖσθαι,
2434 4254 2595 4307 πάλιν
2629 4254 2711 4316 εἰς
2759 4253 2858 4322 τὴν
2910 4253 3081 4322 αὐτὴν
3130 4250 3370 4322 ἀθυμίαν
3420 4267 3591 4305 κατα-

1915 4343 2222 4414 πίπτομενο
2282 4344 2422 4397 ἐπὰν
2472 4342 2531 4397 δὲ
2571 4345 2599 4397 6
2646 4340 2778 4406 Θεὸς
2831 4342 3211 4414 προτρέπηται
3260 4341 3326 4395 δι’
3382 4342 3590 4413 ἐτέρων

1915 4431 2375 4502 ἁμαρτησάντων,
2428 4431 2523 4484 καὶ
2578 4431 3061 4501 μετανοησάντων,
3120 4430 3214 4483 καὶ
3266 4430 3585 4492 σωθέντων,

1915 4517 2155 4588 φανερὰν
2182 4521 2317 4591 ἡμῖν
2349 4519 2614 4589 ποιεῖτὴν
2642 4517 2808 4571 αὑτοῦ
2835 4518 3165 4588 ἀγαθότητα,
3199 4516 3285 4569 ἵνα
3318 4516 3392 4587 μὴ
3414 4518 3587 4587 ἀμφι-

1914 4605 2196 4675 ϐάλλωμεν
2229 4607 2358 4675 περὶ
2408 4607 2508 4676 τῆς
2550 4605 2759 4659 ἑαυτῶν
2805 4606 3099 4676 σωτηρίας,
3143 4604 3586 4678 ὁμολογουμένην

1914 4696 2008 4746 καὶ
2056 4693 2272 4764 ἀσφαλῆ
2305 4693 2585 4765 δεχόμενοι
2616 4696 2717 4765 τὴν
2752 4694 3119 4765 παράκλησιν.
3158 4693 3372 4766 ’Ὠσπερ
3404 4690 3496 4748 οὖν
3524 4696 3585 4749 ἐν

1911 4783 2031 4844 ταῖς
2057 4780 2166 4833 τῶν
2205 4782 2620 4851 ἁμαρτημάτων
2649 4781 3055 4851 περιστάσεσιν,
3090 4779 3231 4834 οὕτω
3253 4783 3347 4834 καὶ
3379 4781 3439 4835 ἐν
3463 4784 3583 4847 ταῖς

1910 4868 2017 4920 τῶν
2048 4868 2309 4921 κινδύνων
2330 4871 2669 4937 ἐπαγωγαῖς,
2701 4870 2884 4922 ἰκανὸν
2910 4871 3025 4932 τοῖς
3058 4868 3329 4941 ἀθυμοῦσι
3364 4872 3585 4943 φάρμα-

1911 4972 2004 5009 κον
2034 4959 2089 5010 αἱ
2125 4957 2352 5011 παλαιαὶ
2398 4959 2506 5012 τῶν
2551 4958 2784 5031 Γραφῶν
2827 4959 3061 5032 ἱστορίαι
3095 4960 3396 5032 παρέχουσι
3445 4962 3580 5016 πᾶσ.

1907 5049 2021 5109 τοῖς
2053 5045 2394 5117 βουλομένοις
2428 5049 2736 5119 προσέχειν.
2773 5049 2885 5102 Καὶ
2911 5050 3021 5104 εἴτε
3047 5052 3349 5121 χρημάτων
3374 5049 3580 5122 δήμευ-

1910 5149 2015 5196 σις,
2056 5133 2166 5186 εἴτε
2213 5135 2564 5202 συκοφαντῶν
2605 5136 2881 5207 ἐπήρειαι,
2914 5137 3023 5191 εἴτε
3054 5136 3424 5208 δεσμωτήρια,
3464 5136 3577 5192 εἴτε

1912 5218 2194 5287 μάστιγες,
2221 5220 2323 5275 κᾶν
2346 5221 2522 5275 ὁτιοῦν
2546 5223 2732 5295 ἓτερον
2760 5223 2866 5277 τῶν
2886 5224 3075 5278 δεινῶν
3093 5226 3242 5296 ἡμᾶς
3270 5223 3572 5299 καταλάϐῃ,

1909 5305 2311 5372 ἀποϐλέποντες
2340 5310 2421 5372 είς
2452 5310 2576 5372 τοὺς
2601 5310 2846 5375 δικαίους
2872 5314 2997 5375 τοὺς
3031 5318 3100 5365 τὰ
3136 5312 3274 5365 αὐτά
3304 5310 3575 5377 παθόντας

1909 5395 2000 5444 καὶ
2047 5394 2468 5463 ὑπομείναντας,
2512 5399 2724 5468 ταχέως
2755 5402 2836 5461 εις
2866 5400 3092 5461 ἑαυτοὺς
3134 5398 3310 5451 ἐλθεῖν
3353 5398 3577 5470 δυνησό-

1912 5478 2071 5547 μεθα.
2122 5481 2243 5535 Ἐπὶ
2280 5484 2379 5551 μὲν
2421 5484 2532 5555 γὰρ
2564 5486 2670 5538 τῶν
2700 5484 2795 5539 τοῦ
2827 5486 3079 5555 σώματος
3123 5484 3315 5539 παθῶν
3346 5486 3408 5539 τὸ
3437 5488 3575 5562 πρὸς

1904 5568 2029 5630 τοὺς
2063 5569 2369 5639 πάσχοντας
2403 5573 2613 5644 ἀφορᾷν
2647 5574 2905 5626 ἐπιτείνει
2948 5574 3047 5641 τὴν
3090 5574 3246 5627 νόσον
3268 5574 3363 5628 τοῦ
3393 5576 3572 5648 ἀρρω-

1911 5649 2182 5714 στοῦντος,
2216 5653 2475 5719 πολλάκις
2519 5657 2577 5708 δὲ
2619 5656 2715 5708 καὶ
2742 5658 2841 5709 οὐκ
2871 5651 3039 5711 οὖσαν
3086 5657 3415 5727 ἐργάζεται*
3461 5655 3575 5715 οἷον

1908 5734 2218 5809 ὀφθαλμοὺς
2258 5744 2564 5813 πάσχοντας
2595 5745 2792 5808 ἰδόντες
2819 5746 2983 5811 τινές,
3021 5746 3316 5819 μετέλαϐον
3348 5748 3444 5805 τοῦ
3481 5765 3569 5802 vo-

1903 5827 2146 5897 σήματος
2174 5826 2283 5883 ἀπὸ
2306 5830 2407 5901 τῆς
2437 5830 2564 5895 θέας
2593 5831 2760 5903 μόνης
2780 5849 2793 5862 ’
2827 5833 2919 5887 ἐπὶ
2947 5833 3005 5886 δέ
3037 5833 3215 5905 ψυχῆς
3247 5837 3347 5907 οὐχ
3375 5834 3567 5903 οὕτως,
