3894 6226
206 280 306 336 301

202 398 512 454 laborantes
563 403 907 470 respicerent,
966 418 996 458 a
1042 403 1156 460 solo
1206 406 1394 462 intuitu
1446 409 1691 465 eumdem
1744 410 1795 464 in

205 489 454 545 morbum
487 491 824 561 inciderunt;
855 496 907 550 in
939 498 1112 552 anima
1143 515 1270 554 vero
1299 516 1402 555 non
1435 503 1682 572 idipsum,
1707 503 1801 560 sed

200 584 533 638 contrarium
564 601 782 655 prorsus
811 589 989 644 evenit
1017 608 1028 643 :
1058 590 1102 644 si
1146 591 1289 645 enim
1335 593 1550 648 assidue
1592 596 1797 664 cogite-

201 688 325 727 mus
351 687 464 739 eos,
495 676 582 744 qui
614 676 798 732 eadem
829 679 938 748 ipsa
963 682 1199 750 perpessi
1226 691 1369 749 sunt,
1394 683 1514 739 hinc
1537 685 1796 740 malorum

199 775 510 821 nostrorum
541 769 736 824 lenitur
764 771 937 827 dolor.
968 773 1090 828 Ideo
1116 775 1310 830 Paulus
1340 776 1520 831 fideles
1541 777 1642 832 hoc
1668 777 1793 832 hor-

199 864 346 911 tatur
375 858 554 925 modo,
588 876 696 915 non
727 863 898 917 solum
926 873 1140 920 sanctos
1170 867 1258 936 qui
1291 869 1342 921 in
1375 868 1510 922 vivis
1535 879 1675 932 sunt,
1701 870 1794 926 sed

197 947 363 1000 etiam
395 960 634 1006 mortuos
671 952 723 1007 in
772 955 1005 1009 medium
1037 956 1323 1013 adducens.
1358 959 1608 1015 Hebrmos
1651 963 1794 1017 enim

191 1035 498 1107 alloquens,
532 1042 618 1111 qui
661 1045 920 1100 nutabant
963 1063 1192 1118 moxque
1224 1051 1423 1120 lapsuri
1468 1062 1638 1119 erant,
1690 1057 1793 1108 Da-

196 1126 397 1182 nielem
430 1131 479 1183 in
513 1133 745 1188 medium
778 1135 1014 1202 adducit,
1061 1146 1169 1194 tres
1202 1156 1415 1210 pueros,
1449 1143 1639 1209 Eliam,
1677 1146 1790 1200 Eli-

196 1231 386 1286 sseum,
418 1220 500 1276 his
530 1225 706 1280 verbis
740 1242 753 1278 :
791 1225 1160 1284 Obturaverunt
1202 1249 1292 1287 ora
1333 1234 1551 1300 leonum,
1597 1238 1788 1292 exstin-

189 1321 378 1366 xerunt
422 1315 652 1369 uirtutem
696 1318 846 1388 ignis,
883 1319 1168 1392 e/fugerunt
1213 1340 1303 1377 ora
1347 1326 1526 1395 gladii,
1577 1327 1791 1397 lapidati

191 1409 332 1467 sunt,
361 1401 578 1458 ludibria
597 1414 644 1458 et
671 1409 869 1462 verbera
896 1412 1090 1481 experti
1127 1421 1264 1480 sunt,
1297 1414 1594 1486 insuperque
1619 1427 1788 1472 custo-

191 1492 336 1548 diam
366 1511 641 1551 carcerum.
671 1498 987 1557 Circuierunt
1013 1505 1064 1559 in
1091 1504 1285 1560 melotis
1309 1516 1359 1562 et
1382 1509 1602 1579 caprinis
1637 1511 1787 1581 pelli-

192 1582 309 1652 bus,
340 1598 555 1657 egentes,
591 1593 884 1662 angustiati,
914 1597 1101 1666 afﬂicti,
1131 1598 1308 1667 quibus
1349 1599 1532 1671 dignus
1555 1617 1654 1656 non
1681 1611 1789 1657 erat

191 1677 412 1731 mundus
443 1679 625 1748 (Hebr.
655 1683 742 1738 Η.
759 1684 827 1740 54
843 1693 890 1740 et
914 1687 1074 1758 seqq.)
1093 1728 1107 1742 .

269 1765 646 1824 (Erumnarum
675 1777 960 1830 communia
990 1779 1225 1834 solatium
1253 1781 1439 1850 praebet
1475 1783 1686 1854 afﬂictis.
1708 1813 1781 1826 ——

192 1855 575 1916 Erumnarum
614 1874 790 1920 autem
818 1869 1122 1925 communio
1149 1872 1394 1927 solatium
1422 1873 1622 1942 prtebet
1644 1875 1783 1930 afﬂi-

193 1950 298 2005 ctis
326 1967 340 2004 :
372 1967 435 2008 ac
458 1956 901 2024 quemadmodum
927 1961 972 2016 si
1001 1961 1118 2032 quis
1157 1963 1301 2018 solus
1327 1980 1491 2034 grave
1515 1966 1784 2036 quidpiam

194 2041 448 2110 patiatur,
479 2046 676 2101 nullam
706 2049 865 2106 habet
905 2053 957 2106 in
998 2053 1138 2110 malo
1157 2055 1570 2111 consolationem
1595 2073 1609 2121 ;
1645 2057 1712 2111 ita
1738 2058 1785 2113 si

193 2134 317 2202 quis
349 2135 583 2193 inveniat
613 2141 770 2195 alium
801 2143 853 2197 in
891 2146 1028 2200 mala
1056 2144 1351 2217 delapsum,
1379 2147 1502 2204 hinc
1531 2149 1782 2206 leviorem

191 2227 470 2294 experitur
493 2231 720 2301 plagam.

261 2315 316 2369 2.
349 2317 418 2373 Ut
444 2319 598 2390 igitur
636 2325 688 2378 in
718 2327 985 2393 omnibus,
1040 2346 1156 2400 quae
1196 2333 1350 2388 nobis
1377 2335 1598 2391 molesta
1627 2338 1771 2392 acci-

189 2404 454 2474 dunt,non
473 2414 1232 2488 concidamus,Seripturarum
1251 2425 1482 2481 historiis
1502 2428 1781 2498 diligenter

187 2502 527 2559 attendamus
574 2523 587 2560 :
634 2509 854 2564 inultam
894 2513 1035 2567 enim
1081 2514 1203 2570 hinc
1243 2519 1511 2586 patientia:
1539 2523 1777 2577 occasio-

192 2605 318 2646 nem
351 2597 728 2666 mutuabimur,
759 2618 862 2656 non
891 2606 1061 2659 solum
1079 2622 1144 2661 ex
1172 2609 1423 2666 societate
1448 2612 1632 2668 eadem
1658 2629 1778 2682 pas-

188 2698 370 2740 sorum
395 2691 809 2749 consolationem
840 2697 1000 2763 nacti,
1032 2699 1125 2753 sed
1146 2700 1318 2756 edocti
1347 2703 1505 2758 etiam
1536 2705 1774 2774 modum,

188 2790 296 2845 quo
319 2779 385 2833 ab
406 2783 655 2840 rerumnis
680 2784 784 2839 illis
807 2785 1114 2858 liberemur,
1137 2800 1190 2845 et
1217 2791 1392 2863 adepti
1423 2797 1774 2866 tranquillita-

191 2876 299 2922 tem
327 2871 514 2926 eodem
559 2875 610 2929 in
657 2886 797 2931 statu
827 2894 1156 2950 maneamus,
1186 2900 1286 2940 nec
1312 2888 1390 2941 vel
1423 2889 1474 2942 in
1516 2889 1772 2946 desidiam

189 2958 452 3028 labamur,
494 2967 576 3020 vel
623 2971 926 3040 arrogantia
976 2973 1277 3031 eﬂ'eramur.
1323 2978 1452 3034 Nam
1481 2981 1620 3052 quod
1651 2998 1772 3038 cum

187 3052 344 3106 malis
365 3053 666 3125 afﬂigimur,
687 3060 905 3117 demissi
933 3062 1264 3137 humilesque
1293 3071 1479 3137 simus,
1505 3088 1774 3143 magnam-

185 3155 292 3209 que
324 3144 566 3212 pietatem
593 3150 958 3219 cxhibeamus,
996 3157 1128 3211 nihil
1157 3159 1346 3213 mirum
1379 3179 1390 3214 :
1438 3162 1548 3217 lure
1578 3165 1773 3234 quippe

188 3241 271 3286 est
296 3238 641 3293 tontationum
691 3253 896 3310 natura,
925 3255 981 3302 ut
1003 3249 1080 3304 vel
1108 3265 1222 3318 eos,
1261 3253 1348 3322 qui
1377 3255 1582 3324 lapideo
1608 3262 1771 3313 corde

185 3333 329 3391 sum,
357 3329 422 3382 ad
468 3329 610 3388 hunc
652 3343 845 3390 statum
877 3353 988 3408 pra:
1025 3339 1312 3399 afﬂictione
1341 3345 1602 3404 deducant
1634 3369 1648 3405 :
1675 3353 1767 3408 sed

184 3419 377 3473 anima:
411 3431 492 3476 est
520 3425 808 3496 religiosm,
849 3429 1121 3501 Deumque
1159 3437 1410 3491 continuo
1455 3453 1562 3508 prae
1602 3443 1770 3499 oculis

185 3507 451 3577 habentis,
481 3515 640 3570 etiam
690 3528 970 3591 postquam
1017 3523 1236 3580 liberata
1279 3537 1360 3582 est
1398 3544 1428 3583 a
1458 3507 1768 3588 tentationi-

184 3599 308 3667 bus,
342 3604 394 3657 in
422 3606 742 3664 oblivionem
774 3614 993 3669 minime
1019 3617 1210 3673 cadere
1240 3621 1417 3689 :quod
1447 3622 1641 3678 JlldLCiS
1655 3626 1766 3682 fre-

183 3703 410 3760 quenter
433 3697 642 3752 accidit.
668 3701 842 3769 Quare
867 3704 1097 3761 irridens
1112 3723 1204 3765 eos
1235 3712 1494 3780 propheta
1521 3714 1762 3772 diccbat:

181 3780 309 3835 Cum
335 3786 578 3842 occideret
605 3807 710 3857 eos,
737 3793 1026 3860 quazrebant
1075 3813 1208 3862 eum,
1240 3810 1288 3853 et
1307 3803 1690 3872 revertebantur,
1721 3818 1767 3862 ct

182 3871 409 3927 diluculo
428 3878 684 3935 veniebant
707 3883 776 3936 ad
811 3883 974 3938 Deum
999 3886 1164 3957 (Psal.
1194 3890 1279 3944 77.
1308 3890 1420 3964 5i).
1453 3894 1515 3946 Et
1559 3895 1766 3968 Moyses

183 3963 372 4020 horum
403 3970 647 4026 conscius
676 4014 691 4039 ,
731 3973 1036 4045 frequenter
1079 3963 1385 4036 hortabatur
1433 3983 1514 4038 his
1541 3987 1716 4042 verbis
1747 4006 1761 4041 :

183 4053 310 4109 Cum
346 4061 644 4130 comederis,
669 4074 716 4118 et
754 4065 951 4133 biberis,
984 4077 1030 4122 et
1068 4081 1325 4127 saturatas
1361 4074 1538 4143 fueris,
1567 4080 1767 4134 attende

181 4146 290 4214 tibi,
336 4166 398 4202 ne
439 4153 748 4210 obliviscaris
784 4155 990 4214 Domini
1017 4160 1114 4215 Dei
1135 4164 1207 4216 tui
1236 4164 1410 4235 (Deut.
1438 4169 1490 4222 ϐ.
1530 4170 1617 4224 19..
1651 4173 1758 4243 15).

179 4238 314 4294 illud
360 4243 517 4313 igitur
556 4248 777 4302 evenit:
827 4249 1054 4306 Comedit
1100 4256 1263 4322 enim,
1293 4257 1482 4327 inquit,
1503 4259 1683 4327 Iacob,
1716 4238 1764 4318 et

176 4329 521 4402 impinguatus
550 4345 642 4402 est,
667 4348 714 4392 et
735 4339 1043 4396 incrassatus
1063 4353 1153 4412 est,
1184 4354 1229 4399 et
1253 4348 1586 4404 recalcitravit
1629 4353 1760 4406 dile-

177 4432 288 4474 ctus
313 4421 487 4491 (Deut.
522 4426 608 4482 52.
635 4428 746 4498 l5).
779 4429 1134 4498 Quamobrem
1160 4446 1373 4492 sanctos
1395 4454 1500 4494 non
1529 4441 1646 4496 ideo
1664 4444 1764 4498 mi-

179 4511 285 4565 rari
316 4529 412 4582 par
436 4527 536 4584 est,
564 4518 704 4587 quod
736 4530 958 4590 urgente
991 4523 1350 4595 tribulatione,
1375 4529 1444 4583 ita
1470 4531 1544 4600 pii
1569 4541 1622 4587 et
1647 4533 1762 4601 phi-

176 4602 384 4674 losophi
416 4604 645 4673 fuerint;
693 4610 786 4664 sed
812 4613 950 4681 quod
975 4622 1236 4670 transacta
1266 4616 1476 4688 hyeme,
1501 4630 1556 4676 et
1593 4622 1757 4679 adve-

175 4694 356 4750 niente
379 4699 782 4768 tranquillitate,
815 4701 865 4756 in
889 4703 1073 4760 eadem
1093 4707 1356 4762 modestia
1380 4710 1758 4784 diligentiaque

177 4790 486 4844 manserint.
521 4792 726 4862 Equum
755 4806 901 4850 certe
932 4797 1076 4852 illum
1117 4801 1348 4857 maxime
1385 4803 1566 4859 mirari
1595 4821 1756 4876 oporo

176 4889 270 4942 tet,
293 4879 380 4948 qui
428 4881 543 4936 sine
574 4884 722 4938 freno
751 4887 1009 4943 concinne
1035 4889 1136 4944 iter
1169 4890 1344 4948 facere
1373 4901 1547 4963 potest
1574 4911 1588 4960 ;
1613 4895 1756 4966 quod

173 4969 218 5022 si
268 4968 418 5025 freno
445 4972 775 5044 habenisque
802 4981 1112 5049 cogentibus
1141 4983 1328 5038 ordine
1366 4985 1595 5050 incedat,
1624 4987 1755 5042 nihil

173 5060 366 5114 mirum
395 5079 406 5116 :
442 5079 545 5118 non
578 5067 718 5120 enim
757 5071 1100 5138 generositati
1144 5073 1409 5142 animalis,
1439 5076 1534 5132 sed
1561 5093 1753 5134 neces-

173 5152 312 5206 sitati
339 5170 369 5206 a
398 5154 548 5210 freno
571 5157 798 5215 inductae
825 5162 910 5216 illa
933 5179 1144 5232 gressus
1173 5168 1752 5226 coneinnitastribuen-

172 5242 235 5295 da
263 5253 366 5297 est.
395 5245 625 5314 ldipsum
657 5249 722 5302 de
740 5251 913 5305 anima
941 5253 1242 5321 dicendum,
1274 5258 1318 5312 si
1356 5259 1584 5316 instante
1607 5271 1748 5316 metu

175 5335 446 5390 moderate
474 5349 615 5409 agat,
647 5340 775 5396 nihil
803 5344 992 5398 mirum
1025 5362 1143 5402 esse
1171 5364 1185 5413 ;
1217 5364 1338 5404 cum
1367 5360 1542 5408 autem
1573 5361 1751 5409 tenta-

174 5427 346 5482 tiones
373 5429 699 5496 transierint,
725 5441 777 5486 et
804 5436 1008 5490 timoris
1039 5436 1244 5492 frenum
1273 5453 1534 5496 remotum
1564 5443 1743 5513 fuerit,

174 5525 296 5572 tunc
315 5517 445 5573 mihi
465 5521 626 5574 animi
658 5521 1045 5595 philosophiam
1064 5529 1255 5586 exhibe
1275 5572 1290 5597 ,
1313 5545 1633 5604 omnemque
1663 5533 1748 5589 di-

173 5610 474 5682 sciplinam.
529 5612 634 5669 Sed
680 5630 870 5671 vereor
917 5634 983 5673 ne
1025 5619 1237 5678 Judaeos
1265 5638 1513 5680 accusare
1541 5626 1746 5693 volens,

182 5715 418 5760 nostrum
446 5721 692 5762 accusem
723 5709 842 5762 vita:
874 5709 1166 5768 institutum
1200 5732 1213 5768 :
1240 5717 1669 5789 quandoquidem
1694 5729 1748 5774 et

471 5791 736 5853 PATnoL.
785 5793 902 5850 (in.
947 5793 1167 5855 XLIX.

1293 292 1382 348 DE
1425 292 1890 350 PCENITENTIA.
1931 295 2158 354 llOMlL.
2204 301 2288 358 IV.

3383 313 3490 370 ὅθί

1912 425 2008 465 nos
2032 427 2151 468 cum
2180 413 2594 485 exagitabamur,
2625 419 2796 473 vexati
2824 418 2983 482 fame,
3014 429 3180 490 peste,
3205 424 3486 492 grandine.

1905 499 2163 567 siccitate,
2211 505 2488 570 incendiis,
2521 506 2752 562 hostium
2786 509 3021 577 incursu,
3057 527 3230 565 nonne
3252 514 3487 581 quotidie

1903 590 2126 645 ecclesia
2178 593 2512 652 multitudine
2568 598 2998 653 convenientium
3054 603 3486 671 angustabatur?

1905 689 2034 735 tunc
2077 698 2267 753 magna
2297 685 2450 742 nobis
2489 687 2660 743 inerat
2689 690 3045 760 philosophia,
3068 701 3122 747 et
3148 694 3484 752 saecularium

1903 788 2081 828 rerum
2129 786 2464 849 contemptus
2513 798 2527 834 :
2573 797 2678 837 non
2721 785 3064 854 pecuniarum
3108 787 3321 857 cupido,
3378 805 3483 842 non

1901 863 2082 932 gloriae
2109 866 2454 937 desiderium,
2498 886 2603 926 non
2644 875 2910 943 appetitus
2933 884 2988 930 et
3029 892 3180 930 amor
3229 877 3479 941 lasciviae,

1901 970 2072 1024 neque
2117 958 2253 1013 alius
2287 975 2480 1029 pravus
2512 963 2772 1034 cogitatus
2797 972 2921 1020 tunc
2948 981 3045 1020 nos
3092 967 3360 1037 agitabat;
3386 968 3482 1024 sed

1901 1047 2129 1102 universi
2156 1065 2252 1105 vos
2277 1051 2345 1106 ad
2387 1052 2484 1108 Dei
2534 1055 2734 1109 cultum
2772 1057 3069 1112 contulistis
3095 1073 3214 1113 eum
3242 1060 3484 1115 oratione

1897 1147 1946 1192 et
1978 1139 2243 1212 lacrymis.
2278 1144 2428 1201 Tunc
2456 1144 2750 1202 fornicator
2781 1157 3142 1218 temperanter
3163 1150 3372 1219 agebat,
3401 1150 3485 1204 in-

1893 1231 2150 1300 juriarum
2214 1250 2420 1291 memor
2472 1237 2538 1292 ad
2584 1239 3070 1295 reconciliationem
3118 1241 3498 1310 properabat,.

1896 1339 2086 1378 avarus
2115 1325 2180 1380 ad
2209 1327 2600 1400 eleemosynam
2626 1330 2955 1397 ﬂectebatur,
2985 1332 3268 1386 iracundus
3294 1341 3348 1386 et
3371 1341 3480 1386 tru-

1896 1416 2138 1471 culentus
2158 1417 2224 1472 ad
2251 1418 2602 1475 humilitatem
2622 1431 2677 1476 et
2703 1424 3160 1479 mansuetudinem
3193 1433 3478 1480 converte-

1895 1507 2071 1563 batur.
2099 1509 2382 1580 Postquam
2411 1523 2587 1568 autem
2619 1515 2758 1570 Dens
2787 1516 2921 1570 iram
2952 1516 3092 1572 illam
3118 1517 3384 1584 deposuit,
3415 1533 3478 1573 ac

1894 1599 2180 1666 procellam
2201 1601 2394 1671 abegit,
2422 1613 2580 1674 atque
2610 1615 2728 1675 post
2748 1615 2926 1663 tantos
2951 1607 3144 1663 ﬂuctus
3170 1611 3474 1680 tranquilli-

1895 1696 2058 1743 tatem
2087 1691 2289 1758 paravit
2314 1733 2328 1756 ,
2353 1693 2417 1747 ad
2446 1695 2701 1762 pristinos
2734 1697 2925 1752 iterum
2953 1714 3132 1755 mores
3153 1701 3352 1754 reversi
3381 1716 3476 1755 su-

1893 1795 2032 1834 mus.
2070 1783 2226 1852 Atqui
2258 1784 2311 1838 in
2344 1785 2459 1856 ipso
2486 1789 2836 1844 tentatiouum
2871 1801 3110 1859 tempore
3136 1793 3249 1848 lucc
3281 1795 3476 1862 pra'di-

1891 1885 2011 1926 cere
2033 1881 2086 1928 et
2115 1875 2385 1930 testiﬁcari
2415 1894 2521 1932 non
2543 1878 2863 1935 desistebam
2891 1900 2904 1936 :
2933 1891 3170 1938 attamen
3193 1884 3322 1938 nihil
3352 1900 3475 1953 pro-

1890 1962 2148 2031 fecimus;
2197 1967 2287 2022 sed
2317 1969 2459 2024 velut
2500 1973 2764 2026 somnium
2795 1982 2849 2028 et
2896 1975 3139 2030 umbram
3194 1985 3474 2031 transeun-

1891 2067 2016 2123 tem,
2043 2058 2120 2113 sic
2146 2059 2232 2114 illa
2254 2063 2427 2116 omnia
2450 2063 2515 2118 ab
2541 2065 2731 2120 animis
2767 2068 2957 2122 vestris
2978 2069 3298 2124 removistis.
3345 2069 3474 2124 Pro-

1889 2158 2068 2218 plerea
2093 2167 2230 2206 nunc
2247 2153 2406 2209 timeo
2423 2157 2559 2225 plus,
2578 2174 2734 2228 quam
2760 2169 2883 2215 tunc
2909 2161 3229 2227 metuebam,
3253 2171 3307 2217 et
3331 2163 3472 2233 quod

1888 2247 2014 2293 tunc
2042 2239 2304 2310 dicebam,
2339 2260 2479 2299 nunc
2498 2247 2665 2317 magis
2682 2247 2930 2316 formido,
2965 2266 3032 2305 ne
3061 2252 3306 2320 graviora
3329 2254 3474 2322 prio-

1885 2330 2035 2384 rihus
2083 2333 2236 2386 nobis
2262 2335 2590 2391 attrahamns
2617 2338 2751 2392 mala
2783 2381 2797 2404 ,
2831 2348 3058 2410 tuncque
3089 2341 3295 2412 plagam
3323 2343 3472 2397 ineu-

1885 2420 2104 2475 rabilem
2131 2438 2159 2475 a
2189 2423 2297 2478 Deo
2322 2425 2665 2495 accipiamus.
2694 2427 2828 2483 Cum
2851 2431 2990 2484 enim
3019 2432 3136 2501 quis
3163 2432 3470 2503 frequenter

1885 2526 2112 2580 peccans
2132 2529 2159 2566 a
2189 2515 2298 2570 Deo
2328 2517 2534 2571 veniam
2561 2521 2921 2590 consequitur,
2951 2532 3004 2576 et
3037 2531 3216 2591 postea
3241 2525 3370 2578 nihil
3394 2525 3461 2580 ab

1882 2603 2145 2673 ejusmodi
2187 2607 2464 2662 tolerantia
2500 2609 2590 2664 Dei
2623 2611 2858 2667 lucratur
2883 2614 2947 2667 ad
2979 2617 3266 2685 nequitiam
3298 2616 3464 2687 depo-

1882 2694 2132 2760 nendam,
2165 2695 2378 2752 demum
2413 2699 2481 2752 ita
2508 2715 2628 2753 etim
2659 2701 2747 2755 illo
2777 2704 2884 2772 agit
2922 2705 3082 2771 Deus,
3114 2715 3172 2758 ut
3200 2707 3279 2761 vel
3303 2707 3466 2762 invito

1883 2786 1958 2841 illi
1989 2788 2250 2845 malorum
2282 2791 2638 2862 colophonem
2683 2795 2953 2863 immittat,
2981 2812 3210 2868 eumque
3254 2800 3466 2868 penitus

1879 2890 2136 2947 conterat,
2190 2899 2364 2952 neque
2409 2886 2544 2940 ultra
2599 2887 2674 2941 illi
2717 2887 2954 2944 inducias
2999 2889 3064 2943 ad
3099 2891 3462 2958 pmnitentiam

1879 2971 2153 3035 concedat,
2183 2973 2321 3042 quod
2353 2984 2407 3028 et
2449 2975 2548 3044 ipsi
2595 2976 2858 3032 Pharaoni
2907 2981 3145 3047 contigit.
3180 2980 3278 3036 Ubi
3321 2983 3460 3036 enim

1880 3061 2064 3130 priori,
2120 3063 2373 3129 secunda,
2408 3066 2577 3130 tertia,
2613 3076 2799 3134 quarta
2843 3069 3064 3140 aliisque
3110 3073 3458 3139 sequentibus

1878 3153 2066 3223 plagis,
2101 3154 2190 3208 Dei
2226 3154 2679 3224 longanimitatem
2723 3168 2973 3228 expertus
2999 3203 3012 3227 ,
3045 3162 3175 3216 nihil
3207 3162 3330 3217 hinc
3358 3165 3462 3216 uti-

1879 3243 2042 3300 litatis
2068 3246 2383 3314 accepisset,
2418 3248 2630 3301 attritus
2674 3247 2887 3302 demum
2933 3260 3014 3305 est
3040 3267 3158 3305 cum
3184 3261 3292 3307 tota
3334 3253 3460 3306 civi-

1878 3347 2004 3404 tate,
2040 3337 2380 3408 funditusque
2430 3338 2656 3395 deletus.
2714 3339 2947 3411 ldipsum
2999 3353 3052 3395 et
3099 3342 3266 3397 Judaei
3318 3345 3459 3412 passi

1875 3440 2018 3486 sunt.
2050 3431 2406 3499 Quamobrem
2438 3431 2682 3487 Christus
2710 3449 2829 3488 cum
2857 3448 2948 3488 eos
2974 3433 3272 3503 perditurus
3298 3437 3460 3489 vasti-

1877 3533 2144 3595 tatemque
2181 3524 2310 3593 ipsis
2357 3533 2664 3595 perpetuam
2688 3525 2997 3581 inducturus
3026 3535 3188 3592 esset,
3211 3527 3289 3582 sic
3307 3527 3455 3582 dice-

1876 3614 1964 3667 bat
1991 3631 2005 3667 :
2050 3614 2253 3681 Quoties
2297 3615 2432 3669 volui
2475 3631 2777 3686 congregare
2792 3617 2926 3684 ﬁlios
2948 3626 3080 3683 tuos,
3104 3627 3149 3672 et
3176 3619 3413 3673 noluistis
3433 3621 3460 3674 ?

1875 3705 2008 3761 Ecce
2031 3707 2338 3778 relinquetur
2365 3708 2544 3762 domus
2571 3717 2732 3762 vestra
2777 3709 2972 3764 deserta
3000 3709 3148 3782 (Luc.
3199 3712 3288 3766 15.
3339 3711 3451 3781 54).

1874 3797 2058 3852 Timeo
2102 3797 2261 3867 igitur
2305 3813 2372 3853 ne
2424 3814 2521 3853 nos
2560 3814 2771 3869 quoque
2813 3801 2998 3854 eadem
3031 3801 3140 3869 ipsa
3172 3803 3454 3870 patiamur,

1873 3889 1994 3958 quia
2022 3904 2120 3944 nec
2147 3889 2353 3953 alienis,
2382 3904 2480 3943 nec
2523 3890 2720 3944 nostris
2757 3891 2912 3944 malis
2933 3890 2998 3942 ad
3030 3891 3305 3944 meliorem
3339 3893 3453 3944 fru-

1870 3995 1992 4049 gem
2041 3979 2365 4034 reducimur.
2413 3977 2528 4033 Non
2553 3979 2708 4035 vobis
2737 3981 2908 4034 solum
2937 3995 3077 4034 nunc
3107 3981 3456 4049 praesentibus

1873 4069 1987 4124 hzec
2014 4070 2154 4135 dico,
2186 4070 2280 4124 sed
2327 4070 2391 4125 iis
2428 4072 2607 4137 etiam,
2636 4072 2724 4142 qui
2754 4086 2782 4124 a
2824 4071 3130 4142 quotidiana
3175 4073 3450 4142 diligentia

1871 4161 2121 4216 abstracti
2169 4169 2312 4229 sunt,
2345 4170 2398 4217 et
2434 4163 2670 4233 priorum
2701 4163 3059 4218 calamitatum
3092 4164 3241 4218 obliti
3273 4181 3286 4217 :
3317 4181 3452 4235 quos

1871 4268 1975 4307 non
2003 4253 2276 4309 ecssabam
2319 4269 2550 4324 semper,
2576 4270 2662 4310 me
2706 4256 2878 4325 ipsum
2907 4256 3058 4326 quasi
3088 4256 3448 4327 disrumpens,

1870 4345 1947 4400 sic
1974 4346 2169 4416 alloqui
2203 4361 2220 4402 :
2269 4346 2490 4401 Etiamsi
2521 4348 2836 4404 teutationes
2862 4350 3189 4417 transierint,
3238 4363 3451 4406 maneat

1869 4436 1920 4490 in
1949 4437 2140 4493 animis
2167 4438 2358 4493 vestris
2387 4441 2732 4494 tcntationum
2785 4441 3065 4506 memoria,
3109 4450 3167 4495 ut
3207 4441 3450 4497 beneﬁcii

1869 4528 2172 4596 frequenter
2225 4528 2590 4595 recordantes,
2639 4531 2835 4600 gratias
2874 4542 3131 4602 perpetuo
3157 4533 3450 4590 referamus

1867 4620 1992 4674 illud
2019 4621 2310 4676 conferenti
2336 4623 2467 4677 Deo.

1936 4713 1988 4767 5.
2035 4712 2211 4767 Sancti
2231 4729 2386 4783 neque
2413 4716 2670 4780 a'rumnis,
2691 4733 2849 4784 neque
2875 4718 3102 4772 secundis
3128 4719 3274 4773 rebus
3301 4718 3447 4788 fran-

1864 4812 2066 4873 guntur.
2094 4833 2167 4846 --
2191 4805 2315 4860 llazc
2343 4815 2394 4860 et
2426 4814 2549 4861 tunc
2582 4807 2843 4873 dicebam,
2875 4817 2928 4863 et
2959 4825 3096 4864 nunc
3124 4809 3245 4865 dico
3270 4812 3444 4880 vobis,

1863 4909 1924 4948 ac
1956 4910 2050 4964 per
2077 4911 2174 4949 vos
2217 4895 2336 4950 illis.
2370 4895 2643 4952 Imitemur
2669 4910 2899 4962 sanctos,
2930 4901 3017 4969 qui
3047 4917 3218 4972 neque
3243 4917 3272 4958 a
3298 4903 3443 4959 cala-

1864 4986 2133 5043 mitatibus
2153 4988 2383 5058 absorpti
2407 4997 2548 5057 sunt,
2577 5005 2747 5060 neque
2776 4992 3019 5048 secundis
3047 4994 3206 5049 rebus
3236 4995 3444 5051 mollio-

1863 5091 1948 5130 res
1977 5093 2211 5144 evasere,
2257 5089 2311 5132 ut
2341 5080 2638 5148 complures
2689 5081 2959 5137 hominum
3003 5100 3146 5140 nunc
3185 5085 3441 5148 facimus;

1859 5167 1996 5221 sicut
2021 5167 2244 5222 leviores
2283 5170 2504 5239 cymbze,
2543 5188 2660 5240 qua:
2703 5173 2936 5243 qualibet
2975 5176 3322 5243 procellarum
3355 5177 3441 5230 in-

1859 5267 2081 5328 gruente
2131 5260 2179 5311 vi
2222 5261 2594 5315 cireumveuLe
2641 5261 3039 5334 demerguntur.
3103 5265 3231 5318 Nam
3294 5280 3440 5334 smpe

1859 5360 2140 5421 paupertas
2168 5352 2418 5422 ingruens
2444 5369 2542 5410 nos
2573 5356 2624 5409 in
2664 5357 2980 5426 profundum
3019 5356 3213 5425 deiecit
3239 5371 3303 5412 ac
3341 5356 3438 5410 de-

1857 5443 2042 5498 mersit
2070 5460 2084 5496 :
2113 5443 2406 5515 iterumque
2433 5445 2712 5504 afﬂuentes
2737 5448 2931 5502 divitize
2969 5462 3068 5501 nos
3093 5445 3213 5501 inﬂa
3225 5457 3434 5514 verunt,

1855 5544 1908 5590 et
1937 5537 1988 5591 in
2030 5545 2320 5594 extremam
2361 5539 2630 5594 deduxere
2665 5539 3056 5610 negligentiam.
3103 5539 3439 5610 Quapropter

1858 5642 2007 5698 rogo,
2039 5629 2212 5684 omnia
2242 5630 2621 5700 relinquentes,
2652 5631 2856 5686 animas
2878 5641 3085 5686 nostras
3109 5633 3175 5688 ad
3205 5633 3435 5688 salutem

1855 5720 2044 5790 singuli
2084 5736 2461 5793 componamus
2490 5740 2506 5775 :
2535 5723 2632 5778 hac
2668 5723 2807 5778 enim
2852 5722 2986 5780 bene
3024 5738 3145 5779 sese
3185 5722 3430 5788 habento.

3027 5813 3099 5872 19
