3894 6226
435 316 537 375 5.03

426 430 804 502 quodcumque
844 431 1048 503 ingruet
1076 432 1220 498 mali,
1263 433 1374 487 sive
1415 433 1603 498 fames,
1633 446 1726 488 seu
1764 433 2004 498 morbus,

429 534 529 574 seu
555 520 921 592 sycophantia,
951 534 1045 576 seu
1076 520 1414 590 pecuniarum
1458 520 1684 593 direptio
1704 564 1718 588 ,
1748 536 1840 577 seu
1871 519 2013 575 aliud

431 609 664 679 quidvis,
693 610 967 666 tolerabile
994 610 1095 665 erit
1138 624 1203 665 ac
1243 610 1358 666 leve
1399 618 1617 681 propter
1641 611 1851 666 Domini
1883 624 2018 679 prte-

431 710 649 772 ceptum
677 717 740 757 ac
764 716 935 772 spem,
962 717 1120 773 quam
1163 703 1214 757 in
1247 702 1393 757 illum
1425 703 1682 757 habemus
1760 698 2019 773 quemad-

432 792 654 847 modum
681 807 863 847 rursus
887 793 1061 848 anima
1090 808 1212 862 erga
1246 794 1410 848 Deum
1435 806 1540 848 non
1567 801 1712 849 recte
1740 792 2017 863 disposita,

429 882 532 937 etsi
560 882 756 938 divitia:
787 882 1030 951 afﬂuant,
1060 882 1237 939 adsint
1264 883 1439 952 liberi,
1470 885 1833 956 immensaque
1862 898 2022 954 pecu-

435 973 544 1041 nia,
593 988 815 1045 magnos
852 975 953 1030 sibi
990 989 1253 1031 maerores
1285 984 1340 1030 et
1375 974 1757 1030 sollicitudines
1793 972 2023 1029 attrahct

434 1068 520 1135 is,
572 1068 664 1138 qui
712 1067 922 1123 illorum
968 1069 1188 1139 potitur.
1231 1067 1309 1123 Ne
1345 1067 1525 1138 itaque
1564 1066 1775 1122 divitias
1817 1080 2025 1136 quiera-

437 1172 577 1227 mus,
604 1173 673 1214 ne
702 1167 1067 1229 paupertatem
1094 1159 1389 1230 fugiamus;
1412 1158 1506 1215 sed
1528 1172 1634 1230 prae
1657 1159 1901 1214 omnibus
1929 1173 2026 1212 no-

438 1261 604 1306 stram
633 1251 822 1322 singuli
853 1265 1102 1307 curemus
1123 1251 1376 1317 animam,
1406 1265 1631 1320 eamque
1653 1251 1895 1304 idoneam
1927 1265 2023 1321 pa-

445 1359 623 1401 remus
650 1354 759 1400 tum
783 1345 848 1401 ad
873 1346 1151 1416 prresentis
1172 1347 1295 1400 vitae
1322 1345 1795 1415 dispensationem,
1820 1353 1926 1398 tum
1959 1344 2025 1399 ad

441 1435 738 1508 profectum
764 1453 829 1493 ex
860 1438 960 1492 hac
982 1438 1086 1492 vita
1126 1437 1194 1493 ad
1221 1438 1468 1493 futuram.
1517 1435 1702 1491 Adhuc
1729 1436 1870 1491 enim
1915 1451 2030 1490 mo-

442 1530 644 1596 dicum,
675 1539 729 1584 et
756 1530 996 1599 probatio
1024 1530 1437 1599 uniuscujusque
1477 1537 1715 1584 nostrum
1758 1527 1868 1591 fiet,
1907 1543 2028 1582 cum

446 1633 635 1674 omnes
680 1618 1009 1675 adstabimus
1064 1629 1189 1676 ante
1241 1620 1564 1675 horrendum
1624 1618 1756 1674 illud
1804 1620 2031 1674 tribunal

452 1708 654 1765 Christi
681 1711 908 1781 propriis
933 1711 1230 1765 actionibus
1253 1711 1586 1779 circumdati,
1615 1718 1671 1765 et
1705 1711 1931 1781 propriis
1953 1712 2033 1763 vi-

449 1804 638 1857 dentes
675 1802 844 1857 oculis
869 1843 884 1865 ,
907 1803 1031 1858 hinc
1065 1794 1329 1873 lacrymas
1354 1802 1693 1872 pupillorum,
1714 1801 1836 1857 inde
1856 1809 2034 1870 turpes

455 1893 720 1959 lascivias,
743 1893 934 1963 quibus
962 1895 1167 1948 animas
1206 1900 1417 1948 nostras
1444 1894 1863 1964 inquinavimus;
1886 1896 2036 1949 itum-

451 1999 557 2052 que
598 1983 878 2039 viduarum
930 1986 1179 2055 gemitus,
1234 1986 1448 2057 inopum
1496 1986 1768 2056 colaphos,
1826 1989 2036 2057 rapinas

454 2088 775 2145 pauperum;
809 2090 912 2130 non
940 2075 1055 2130 haec
1082 2087 1255 2131 autem
1287 2076 1456 2130 solum
1485 2086 1541 2131 et
1583 2077 1664 2132 his
1699 2077 1912 2145 similia,
1944 2079 2035 2133 sed

452 2166 612 2219 etiam
639 2166 683 2220 si
711 2166 838 2237 quid
878 2182 1098 2236 pravum
1132 2178 1309 2223 incute
1348 2169 1565 2223 fecimus
1599 2170 1890 2240 :quoniam
1927 2171 2039 2240 ipse

454 2266 535 2308 est
558 2255 928 2326 Cogitationum
953 2258 1217 2322 discretor,
1249 2268 1293 2312 et
1317 2260 1648 2313 intentionum
1663 2260 1831 2331 judea:
1852 2258 2035 2333 (Hebr.

453 2348 508 2400 Δ.
538 2346 663 2419 12),-
714 2363 777 2405 ac
809 2364 1042 2413 rursum,
1078 2350 1329 2406 Scrutans
1357 2352 1510 2405 corda
1540 2362 1587 2405 et
1615 2368 1756 2406 rencs
1787 2352 1958 2426 (i’sal.
1984 2354 2039 2407 7.

458 2439 571 2512 10),
599 2447 670 2504 et,
694 2439 927 2495 Reddam
945 2442 1216 2513 unicuique
1228 2443 1498 2497 semiudum
1521 2461 1648 2514 opus
1661 2460 1807 2498 suum
1827 2442 2040 2517 (Matth.

458 2530 690 2601 16.27).

541 2619 670 2675 l’era
695 2623 955 2692 virginitas
983 2637 1115 2693 quat.
1179 2653 1249 2665 —-
1278 2624 1375 2681 iiic
1400 2641 1558 2696 porro
1596 2641 1775 2682 sermo
1811 2644 1913 2683 non
1951 2643 2047 2684 eos

461 2713 634 2765 solum
664 2713 899 2781 reSpicit,
918 2714 1005 2785 qui
1032 2714 1083 2768 in
1100 2715 1295 2770 saeculo
1307 2715 1506 2781 vivunt,
1525 2717 1618 2772 sed
1643 2719 1801 2773 etiam
1822 2734 1934 2783 eos,
1958 2719 2046 2789 qui

463 2802 774 2857 monasticae
813 2804 935 2859 vita:
964 2819 1120 2859 causa
1153 2806 1360 2875 tuguria
1387 2805 1485 2860 sibi
1517 2808 1570 2861 in
1601 2809 1867 2863 montibus
1901 2817 2046 2864 stru-

461 2903 657 2948 xerunt
685 2912 699 2948 :
727 2894 848 2963 quia
875 2910 981 2949 non
1013 2896 1171 2951 modo
1198 2911 1421 2967 corpora
1460 2912 1552 2952 sua
1597 2899 1663 2954 ab
1691 2900 1835 2954 omni
1880 2898 2048 2956 forni-

461 2983 689 3040 cationis
713 2985 831 3041 labe
857 3001 984 3055 pura
1018 2996 1233 3042 servent
1270 2999 1495 3057 oportet,
1531 2989 1621 3045 sed
1648 2999 1701 3045 et
1729 2992 1956 3046 animam
1983 2993 2051 3048 ab

463 3074 609 3129 omni
641 3076 873 3130 satanica
901 3075 1129 3133 habendi
1158 3080 1465 3148 cupiditate.
1493 3079 1609 3135 Non
1635 3081 1775 3136 enim
1804 3083 2052 3139 mulieres

466 3173 672 3219 tantum
703 3166 992 3235 alloquitur
1030 3168 1224 3224 Paulus
1249 3171 1540 3240 apostolus,
1578 3171 1672 3227 sed
1713 3174 1871 3228 etiam
1911 3176 2053 3229 viros

467 3256 877 3330 univcrsamque
907 3260 1222 3328 Ecclesiam,
1264 3277 1384 3317 cum
1415 3264 1542 3318 dicit
1580 3264 1810 3319 animam
1842 3265 1907 3319 sin
1944 3266 2054 3319 vir-

464 3348 685 3417 ginitate
715 3363 1139 3419 perseverantem
1163 3363 1409 3423 Oportere
1429 3364 1665 3409 sanctam
1687 3371 1806 3410 esse
1828 3371 2053 3426 corpore

467 3446 522 3493 et
541 3439 726 3508 spiritu
754 3440 832 3511 (i.
853 3440 970 3494 Cor.
999 3443 1050 3497 7.
1075 3443 1202 3513 51);
1225 3459 1287 3498 ac
1316 3459 1546 3509 rursum,
1582 3443 1824 3502 Exhibete
1845 3464 2058 3516 corpora

470 3539 635 3582 ucstra
659 3531 899 3600 virginem
925 3544 1113 3587 castam
1141 3535 1199 3603 (2
1224 3533 1372 3590 Cani
1392 3537 1436 3590 l.
1454 3534 1510 3607 2)
1537 3534 1744 3592 Castam
1765 3539 2058 3609 quomodo?

472 3618 598 3673 Non
654 3621 916 3675 habentem
956 3625 1209 3678 maculam
1253 3626 1328 3678 vel
1366 3643 1540 3696 rugam
1577 3626 1789 3698 (Ep/tes.
1837 3630 1890 3686 5.
1940 3630 2057 3701 27).

473 3710 913 3785 Quandoquidem
944 3713 1172 3785 virgines
1203 3716 1324 3781 illae,
1350 3733 1467 3787 qua:
1486 3720 1772 3776 cxstiuctas
1793 3720 2062 3780 habebant

471 3800 745 3871 lampades
771 3801 981 3872 (.iIatth.
1015 3804 1106 3861 25.
1145 3805 1198 3861 8.
1228 3815 1272 3862 et
1294 3806 1450 3880 sqq),
1483 3809 1714 3882 virgines
1747 3822 1899 3868 erant
1939 3829 2060 3870 cor-

473 3907 625 3962 pore,
667 3893 762 3951 sed
806 3909 910 3952 non
940 3897 1101 3954 corde
1138 3910 1323 3969 puras;
1370 3915 1551 3957 verum
1599 3905 1806 3960 tametsi
1852 3907 1935 3961 vir
1971 3922 2063 3964 eas

478 3995 588 4038 non
637 3993 984 4057 corruperat,
1039 3997 1094 4043 at
1148 3990 1488 4059 pecuniarum
1534 4006 1687 4049 amor
1731 4005 2058 4066 corruperat.

472 4073 688 4146 Corpus
713 4091 896 4134 earum
940 4095 1131 4150 purum
1157 4090 1289 4147 erat,
1336 4082 1430 4138 sed
1459 4084 1634 4140 anima
1669 4086 1930 4142 adulterio
1971 4088 2066 4143 ad-

472 4166 696 4222 modUm
725 4164 900 4238 plena,
931 4173 1108 4240 pravis
1127 4173 1641 4244 cogitationibuseas
1662 4178 2063 4248 occupantibus,

487 4257 729 4326 pecunia:
757 4260 880 4314 item
908 4274 1112 4331 amore,
1150 4263 1554 4332 inhumanitate,
1604 4267 1701 4334 ira,
1738 4267 1951 4335 invidia,
1975 4270 2068 4325 de-

483 4346 647 4415 sidia,
689 4348 989 4419 oblivione,
1033 4354 1302 4424 superbia,
1343 4356 1591 4412 omnibus
1630 4359 2067 4430 paritcrvirgini-

484 4441 612 4497 tatis
651 4454 833 4498 earum
875 4443 1184 4516 dignitatem
1213 4446 1671 4506 Iabefactantibus.
1713 4450 1836 4506 ideo
1863 4453 2069 4509 dicebat

484 4529 721 4590 Paulus:
750 4534 819 4590 Ut
856 4536 994 4608 virgo
1019 4538 1084 4592 sit
1120 4548 1294 4594 sancta
1322 4556 1534 4612 corpore
1573 4550 1621 4597 et
1645 4542 1826 4613 spiritu
1850 4543 1925 4616 (i.
1948 4544 2066 4600 Cor.

488 4624 542 4679 7.
573 4626 699 4697 3i);
725 4635 780 4682 et
810 4627 1021 4696 iterum,
1073 4628 1326 4702 Virginem
1364 4643 1556 4688 castam
1599 4634 1830 4690 exhibere
1871 4636 2070 4693 Christo

484 4718 567 4787 (Β.
595 4717 712 4776 Cor.
743 4722 830 4776 Η.
855 4721 934 4793 2).
964 4722 1420 4790 Quemadmodum
1448 4728 1590 4782 enim
1611 4743 1803 4799 corpus
1844 4726 2070 4786 fornica-

490 4809 635 4865 tione
674 4815 1051 4885 corrumpitur,
1100 4816 1172 4873 ita
1212 4826 1267 4873 et
1308 4819 1485 4875 anima
1529 4834 1558 4875 a
1598 4822 1847 4878 satanicis
1871 4825 2073 4893 cogita-

490 4900 727 4958 tionibus
756 4901 1005 4973 ftedatur,
1043 4922 1073 4962 a
1098 4910 1363 4979 corruptis
1390 4910 1745 4981 dogmatibus,
1776 4913 1844 4968 ab
1884 4912 2072 4967 absur-

491 4993 574 5049 dis
589 4995 1019 5066 cogitationibus.
1045 4999 1177 5055 Nam
1205 5002 1294 5072 qui
1323 5001 1474 5069 dicit,
1507 5002 1666 5073 Virgo
1684 5018 1799 5058 sum
1829 5019 2073 5074 corpore,

494 5086 670 5141 anima
694 5102 825 5143 vero
851 5087 1056 5146 invidet
1085 5090 1257 5158 fratri,
1287 5093 1373 5149 hic
1403 5094 1551 5165 virgo
1579 5111 1684 5150 non
1711 5106 1793 5150 est
1817 5113 1831 5150 :
1859 5096 2075 5166 virgini-

492 5188 657 5235 tatem
680 5180 822 5237 enim
853 5181 967 5253 ejus
1002 5184 1211 5239 vitiavit
1235 5184 1420 5241 livoris
1446 5177 1774 5242 commixtio.
1808 5186 1937 5241 item
1968 5188 2052 5242 ina

490 5271 580 5326 nis
630 5272 813 5342 gloria:
858 5282 1135 5345 appetens,
1181 5290 1287 5331 non
1337 5286 1423 5333 est
1475 5278 1621 5348 virgo
1665 5297 1679 5333 :
1724 5278 2076 5348 virginitatem

490 5364 694 5434 quippe
722 5365 839 5436 ejus
864 5367 1112 5435 corrupit
1158 5366 1337 5423 livoris
1365 5369 1555 5438 cupido
1585 5387 1597 5423 :
1629 5368 1825 5423 etenim
1863 5369 2079 5426 morbus

487 5454 591 5509 ille
634 5456 796 5510 animi
851 5455 1140 5527 ingressus,
1191 5456 1308 5528 ejus
1355 5459 1710 5530 virginitatem
1750 5459 1932 5514 solvit.
1980 5461 2079 5527 Qui

492 5558 630 5599 vero
653 5546 765 5601 odit
792 5545 1013 5604 fratrem
1039 5565 1216 5619 suum,
1247 5551 1338 5607 ille
1378 5550 1642 5608 homicida
1688 5551 1882 5622 potius,
1923 5568 2079 5624 quam

495 5635 653 5705 virgo
679 5648 779 5692 est.
808 5638 982 5709 thue
1022 5641 1324 5697 summatim
1352 5637 1547 5709 dicam,
1587 5638 1812 5714 quisque
1847 5659 1938 5709 eo,
1975 5659 2081 5714 quo

504 5732 717 5781 tenetur
743 5729 903 5784 animi
945 5731 1130 5788 morbo
1148 5773 1165 5799 ,
1190 5732 1544 5806 virginitatem
1584 5748 1731 5792 suam
1756 5736 2072 5805 corrumpit.

1085 315 1092 323 ’
1136 321 1190 375 S.
1232 318 1507 375 JO.\NNIS
1547 316 2016 375 CHRYSOSTOili
2059 316 2375 382 ARCHIEP.
2416 318 2956 405 CUNSTANI‘MOP.

3606 318 3720 373 30b

2123 429 2324 487 idcirco
2372 430 2564 488 Paulus
2612 432 2773 490 hasce
2820 446 3009 502 pravas
3060 445 3245 487 omnes
3296 429 3731 486 commixtione:

2120 522 2302 593 abigit,
2352 534 2510 596 atque
2551 524 2697 594 jubet
2746 540 2844 580 nos
2896 525 2966 579 ita
3014 523 3246 595 virgines
3288 538 3433 591 esse,
3482 533 3545 579 ut
3594 523 3729 578 nul-

2120 611 2224 666 iam
2252 614 2571 669 contrariam
2598 617 2975 686 cogitationem
3003 614 3058 669 in
3086 615 3262 669 anima
3297 624 3496 686 sponte
3537 616 3733 669 susci-

2124 695 2350 773 piamus.

2194 794 2248 849 4.
2277 794 2412 861 Quid
2440 796 2598 867 igitur
2622 796 2689 853 ad
2734 797 2849 854 hzec
2880 798 3160 854 dicemus?
3201 797 3470 868 quomodo
3505 797 3741 852 suisui-

2125 884 2360 939 cordiam
2403 887 2834 956 consequemur?
2861 887 3130 958 quomodo
3170 887 3433 943 salutem?
3478 887 3599 957 Ego
3644 887 3741 941 di-

2129 990 2247 1032 cam
2271 995 2285 1031 :
2315 977 2610 1032 orationem
2654 977 2706 1031 in
2736 978 2898 1033 corde
2921 993 3135 1048 semper
3169 977 3544 1049 suscipiamus,
3570 977 3743 1047 ejus-

2128 1083 2232 1136 que
2257 1067 2480 1134 fructus,
2517 1082 2709 1137 nempe
2751 1068 3125 1136 humilitatem,
3147 1080 3203 1125 et
3229 1070 3741 1136 mansuetudinem;

2126 1156 2321 1212 Discite
2350 1158 2515 1222 enim,
2544 1159 2733 1229 inquit,
2759 1174 2792 1213 a
2816 1175 2896 1213 me
2935 1161 3055 1231 quia
3101 1161 3236 1215 mitis
3271 1178 3386 1216 sum
3426 1170 3476 1215 et
3516 1160 3747 1215 hustsilis

2127 1249 2299 1315 corde,
2329 1256 2376 1303 et
2401 1249 2659 1304 invenietis
2673 1251 2891 1321 requiem
2909 1251 3175 1306 animabus
3198 1253 3371 1305 vestris
3395 1249 3615 1321 (lauit.
3643 1252 3707 1306 η
3724 1290 3742 1304 .

2132 1338 2258 1410 29);
2288 1356 2607 1410 rursumque
2629 1340 2798 1396 David
2822 1358 2836 1395 :
2865 1341 3191 1411 Sacriﬁcium
3228 1342 3338 1397 Deo
3361 1344 3578 1414 spiritus
3603 1360 3745 1398 coa-

2134 1430 2400 1486 tribulatus
2428 1447 2448 1486 :
2474 1449 2563 1487 cor
2585 1434 2855 1487 contritum
2878 1444 2930 1490 et
2955 1434 3274 1490 humiliatum
3303 1435 3444 1492 Deus
3490 1453 3597 1491 non
3639 1438 3747 1492 de-

2133 1523 2309 1593 spiciet
2330 1522 2449 1595 (Ps.
2477 1524 2567 1580 50.
2599 1524 2713 1596 19).
2740 1524 2881 1580 Nihil
2907 1526 3051 1582 enim
3091 1526 3162 1581 ita
3204 1526 3348 1582 Deus
3378 1528 3745 1597 amplectitur

2135 1627 2189 1671 ct
2223 1627 2388 1682 amat,
2426 1625 2483 1671 ut
2527 1618 2762 1672 animam
2803 1619 2985 1673 mitem
3033 1626 3089 1674 et
3130 1618 3386 1674 humilem
3414 1629 3469 1675 et
3498 1630 3741 1690 gratam.

2141 1706 2373 1762 Adverte
2404 1707 2563 1776 igitur
2580 1716 2634 1762 et
2660 1717 2736 1774 tu,
2767 1708 2962 1775 frater;
2990 1723 3112 1764 cum
3143 1710 3267 1779 quid
3296 1710 3742 1779 inexspectatum

2144 1798 2238 1850 tibi
2269 1797 2521 1852 acciderit
2564 1799 2968 1871 molestiamque
3010 1801 3227 1869 crearit,
3270 1817 3339 1858 ne
3372 1803 3439 1857 ad
3482 1798 3748 1858 homines

2139 1889 2435 1960 confugias,
2463 1906 2529 1945 ne
2557 1890 2621 1944 ad
2650 1893 2873 1947 mortale
2900 1893 3159 1948 auxilium
3187 1896 3475 1965 respicias;
3501 1896 3600 1950 sed
3630 1910 3750 1951 om-

2142 1997 2238 2037 nes
2260 1991 2645 2050 transcurrens,
2675 1994 2854 2040 mente
2893 1992 2982 2039 tua
3023 1985 3089 2040 ad
3126 1987 3421 2041 animarum
3463 1987 3749 2042 medicum

2145 2081 2196 2126 te
2224 2070 2428 2127 confer.
2456 2070 2589 2128 Nam
2626 2073 2739 2143 ipse
2769 2074 2914 2129 solus
2938 2073 3085 2130 cordi
3118 2075 3379 2131 medelam
3410 2074 3614 2131 aﬂ'erre
3643 2093 3749 2147 po-

2145 2170 2267 2228 test,
2296 2164 2385 2234 qui
2433 2165 2583 2218 iinxit
2626 2165 2934 2236 singillatim
2976 2166 3137 2222 corda
3178 2177 3356 2222 nostra
3396 2177 3454 2223 et
3483 2168 3752 2238 intelligit

2145 2258 2321 2311 omnia
2352 2271 2513 2327 opera
2545 2269 2723 2312 nostra
2755 2257 2871 2330 (Ps.
2902 2257 2990 2313 32.
3022 2260 3043 2313 Ι
3055 2256 3110 2329 5)
3136 2277 3150 2314 :
3181 2259 3294 2329 ipse
3317 2267 3491 2329 potest
3522 2259 3579 2313 in
3607 2274 3748 2315 con-

2146 2349 2422 2403 scientiam
2450 2358 2684 2403 nostram
2712 2349 2935 2417 ingredi,
2969 2358 3198 2405 mentem
3231 2357 3447 2420 tangere
3473 2351 3751 2404 animam-

2148 2453 2252 2507 que
2276 2437 2563 2492 cohortari.
2593 2437 2744 2505 Quod
2773 2439 2817 2493 si
2844 2439 2957 2509 ipse
2979 2455 3081 2493 non
3108 2439 3417 2494 cohoitetur
3437 2439 3610 2494 corda
3633 2456 3743 2494 no-

2149 2518 2281 2595 stra,
2316 2544 2434 2600 quae
2459 2528 2527 2582 ab
2554 2528 2858 2583 hominibus
2892 2528 3168 2597 accedent,
3200 2530 3465 2599 superﬂua
3489 2537 3551 2585 et
3582 2530 3753 2585 inuti-

2144 2619 2217 2675 .lia
2242 2628 2397 2675 erunt
2426 2639 2438 2675 :
2464 2619 2911 2691 quemadmodum
2942 2620 3176 2675 vicissim
3205 2620 3312 2675 Deo
3341 2620 3669 2676 cohortante
3695 2630 3755 2675 et

2150 2711 2485 2775 consolante,
2508 2711 2716 2766 etiamsi
2745 2720 3024 2765 sexcentas
3054 2710 3297 2765 homines
3322 2711 3603 2765 molestias
3619 2726 3753 2766 cre-

2152 2802 2378 2871 averint,
2410 2816 2477 2858 ne
2504 2801 2780 2857 minimum
2808 2801 3021 2873 quidem
3046 2801 3200 2856 nobis
3229 2816 3419 2857 nocere
3444 2810 3751 2871 poterunt:

2142 2909 2274 2950 cum
2323 2894 2466 2949 enim
2512 2892 2601 2948 ille
2640 2906 2738 2949 cor
2780 2899 3021 2948 nostrum
3068 2892 3378 2959 lirmaverit,
3410 2907 3574 2946 nemo
3614 2890 3756 2945 illud

2155 2982 2420 3053 exagitare
2446 2982 2660 3038 valebit.

2232 3077 2397 3144 Quam
2426 3076 2592 3144 facilis
2612 3074 2680 3129 ad
2704 3072 2867 3130 Deum
2890 3075 3078 3129 aditus.
3095 3105 3165 3115 —
3193 3074 3318 3130 Haec
3340 3088 3461 3128 cum
3483 3075 3753 3138 sciamus,

2158 3168 2358 3230 dilecti,
2389 3168 2457 3223 ad
2483 3168 2649 3223 Deum
2678 3165 3293 3238 semper-confugiamus,
3324 3167 3414 3236 qui
3438 3166 3558 3221 vnit
3582 3176 3641 3221 et
3658 3181 3760 3237 po-

2161 3269 2266 3316 test
2287 3261 2617 3316 calamitates
2645 3260 2854 3316 soivere
2882 3269 3113 3315 nostras.
3142 3260 3209 3313 At
3236 3259 3377 3314 enim
3404 3259 3624 3329 quando
3655 3258 3763 3313 ho-

2161 3352 2330 3407 mines
2355 3366 2578 3407 exorare
2601 3360 2829 3421 oportet,
2855 3351 3098 3406 ostiarius
3132 3351 3277 3421 prius
3294 3350 3495 3421 alloqui
3525 3364 3764 3405 necesse

2165 3445 2317 3500 nobis
2342 3453 2445 3511 est,
2473 3445 2730 3514 parasitos
2759 3444 2881 3499 item
2906 3443 3314 3514 adulatoresque
3343 3444 3570 3513 precari,
3606 3442 3763 3497 mul-

2148 3545 2383 3606 tumque
2406 3535 2611 3591 itineris
2633 3549 2914 3605 capessere
2939 3553 2954 3589 :
2982 3533 3120 3605 apud
3148 3534 3315 3589 Deum
3343 3548 3467 3588 vero
3512 3533 3652 3587 nihil
3682 3534 3764 3588 si—

2166 3627 2435 3696 miie,-sed
2461 3627 2577 3683 sine
2602 3629 2953 3683 intercessore
2978 3626 3266 3682 exorabilis
3305 3634 3406 3691 est,
3434 3625 3555 3680 sine
3584 3641 3763 3696 peca-

2166 3721 2289 3787 niis,
2335 3721 2450 3777 sine
2495 3721 2791 3791 sumptibus
2830 3718 3070 3790 petitioni
3114 3720 3301 3773 annuit
3335 3735 3349 3773 :
3386 3716 3585 3772 sufﬁcit
3637 3719 3764 3773 solo

2159 3813 2328 3868 corde
2349 3813 2599 3880 clamare,
2627 3820 2682 3868 et
2706 3812 2965 3883 lacrymas
2990 3808 3206 3877 olierre,
3233 3817 3287 3865 et
3326 3809 3504 3864 statim
3541 3810 3762 3879 ingres-

2168 3920 2282 3972 sus,
2304 3919 2425 3959 eum
2446 3904 2748 3960 attraxeris.
2772 3904 2842 3959 At
2863 3904 3130 3958 hominem
3158 3918 3278 3958 cum
3310 3917 3581 3972 rogamus,
3610 3916 3763 3972 saepe

2169 3997 2478 4063 metuimus,
2512 4012 2577 4051 ne
2610 3997 2728 4068 quis
2750 4011 2823 4053 ex
2875 3997 3122 4063 inimicis,
3171 4006 3263 4050 aut
3298 3997 3500 4050 amicus
3536 4012 3758 4058 eorum,

2169 4096 2262 4142 aut
2288 4086 2623 4142 adversarius
2653 4086 2913 4157 quispiam
2934 4102 3054 4142 rem
3094 4086 3294 4154 audiat,
3320 4084 3528 4141 aliusve
3552 4084 3761 4140 referat

2166 4191 2254 4243 ea,
2286 4192 2403 4247 qua:
2432 4177 2568 4231 dicta
2597 4184 2740 4242 sunt,
2771 4186 2825 4232 et
2866 4176 2955 4248 jus
2997 4184 3266 4248 pervertat
3301 4194 3316 4231 :
3349 4176 3410 4231 in
3436 4176 3548 4231 Deo
3572 4184 3760 4231 autem

2172 4272 2303 4327 nihil
2330 4272 2432 4326 tale
2462 4269 2720 4340 suspicari
2752 4270 2895 4326 licet.
2920 4270 3054 4326 Cum
3085 4271 3227 4325 enim
3259 4284 3347 4325 me
3372 4268 3612 4324 volueris
3628 4283 3759 4339 pre-

2171 4363 2301 4429 cari,
2345 4362 2532 4431 inquit,
2565 4361 2711 4415 solus
2739 4359 2956 4428 accede,
2982 4359 3196 4416 nemine
3236 4366 3536 4430 praesente;
3568 4357 3624 4412 id
3656 4368 3759 4423 est,

2172 4452 2335 4508 corde
2353 4452 2543 4518 clama,
2576 4466 2746 4522 neque
2774 4452 2909 4507 labia
2924 4464 3146 4506 movens
3170 4468 3184 4504 :
3207 4465 3329 4504 nam
3364 4447 3533 4515 Intra,
3562 4448 3758 4519 inquit,

2171 4547 2225 4599 in
2253 4543 2533 4599 cubiculum
2555 4554 2716 4610 tuum,
2743 4544 2923 4599 claude
2949 4544 3131 4598 ostium
3159 4552 3316 4607 tuum,
3356 4550 3405 4596 et
3428 4557 3519 4596 ora
3545 4538 3762 4594 Patrem

2176 4646 2336 4699 tuum,
2363 4635 2450 4707 qui
2478 4643 2549 4690 est
2573 4635 2625 4688 in
2654 4633 2943 4688 abscondito
2968 4649 2989 4689 :
3014 4642 3059 4688 et
3088 4631 3244 4686 Pater
3267 4638 3402 4699 tuus,
3433 4631 3519 4703 qui
3547 4632 3683 4685 uidet
3707 4631 3761 4685 in

2175 4725 2487 4791 abscondito,
2515 4725 2687 4779 reddet
2728 4724 2813 4779 tibi
2845 4725 2900 4778 in
2930 4724 3128 4793 publica
3175 4721 3390 4793 (Matth.
3418 4723 3471 4776 6.
3500 4721 3580 4793 6).
3624 4721 3760 4777 Vide

2177 4818 2395 4872 honoris
2420 4816 2808 4873 excellentiam.
2835 4816 2964 4873 Cum
3013 4830 3099 4870 me
3142 4827 3321 4884 rogas,
3363 4813 3553 4882 inquit,
3597 4826 3762 4867 nemo

2177 4910 2385 4974 videat;
2418 4924 2539 4963 cum
2566 4904 2753 4963 autem
2793 4915 2844 4963 te
2890 4908 3094 4962 honore
3136 4904 3330 4970 atiicio,
3365 4903 3550 4959 orbem
3589 4916 3761 4958 evoco

2178 4999 2420 5056 beneﬁcii
2443 5007 2650 5053 testem.
2673 4998 3112 5067 Obtemperemus
3129 5008 3278 5064 ergo,
3302 5007 3475 5063 neque
3492 4990 3560 5046 ad
3583 5000 3764 5046 osten—

2179 5090 2433 5145 tationem
2464 5103 2763 5160 precemur,
2804 5102 2976 5157 neque
3014 5095 3198 5141 contra
3241 5085 3489 5140 inimicos
3520 5091 3759 5149 nostros,

2181 5197 2285 5236 neu
2312 5180 2526 5235 modum
2555 5179 2733 5234 auxilii
2755 5178 3040 5233 doceamus
3065 5192 3208 5233 eum.
3252 5175 3385 5230 Nam
3411 5175 3457 5230 si
3479 5173 3760 5229 causidicis

2182 5282 2236 5328 et
2261 5272 2560 5327 rhetoribus
2587 5270 2727 5341 apud
2758 5270 2997 5325 forenses
3022 5268 3228 5340 iudices
3255 5266 3524 5323 tractanda
3552 5266 3762 5336 negotia

2181 5373 2362 5419 nostra
2379 5362 2604 5418 dicimus
2624 5372 2849 5426 tantum,
2864 5359 3080 5415 modum
3102 5367 3275 5414 autem
3293 5356 3616 5414 defensionis
3633 5355 3761 5424 ipsis

2180 5457 2550 5529 relinquimus,
2583 5452 2641 5510 ut
2691 5469 2789 5526 pro
2840 5454 3007 5510 iubito
3052 5467 3143 5507 res
3184 5459 3394 5507 nostras
3430 5449 3756 5516 disponant:

2184 5550 2351 5606 multo
2380 5548 2546 5618 magis
2565 5548 2694 5616 erga
2726 5545 2890 5601 Deum
2933 5545 3003 5599 ita
3041 5541 3339 5598 faciendum
3365 5550 3466 5595 est.
3500 5535 3690 5592 Dixisti
3712 5534 3760 5589 ei

2185 5658 2399 5698 causam
2431 5652 2594 5706 tuam,
2627 5638 2805 5694 dixisti
2833 5653 2952 5709 qum
2993 5650 3179 5706 passus
3215 5633 3313 5691 es?
3343 5646 3473 5688 cave
3506 5628 3656 5685 dicas
3684 5627 3760 5684 illi

2188 5747 2294 5804 quo
2313 5742 2464 5805 pacto
2492 5732 2582 5787 tibi
2605 5729 2856 5786 auxilium
2886 5727 2954 5784 sit
2979 5725 3254 5783 ferendum
3280 5742 3293 5756 -
3325 5722 3414 5779 ille
3447 5719 3639 5795 quippe
3665 5733 3759 5773 no-
