  <div class='ocr_page' id='page_1' title='image "/cluster/home/n/w/nwhite01/storage/ocr_20150623/49/mdp.39015028539461/306.png"; bbox 0 0 3894 6226; ppageno 0'>
   <div class='ocr_carea' id='block_1_1' title="bbox 333 380 1913 462">
    <p class='ocr_par' dir='ltr' id='par_1_1' title="bbox 333 380 1913 462">
     <span class='ocr_line' id='line_1_1' title="bbox 333 380 1913 462; baseline 0 -18"><span class='ocrx_word' id='word_1_1' title='bbox 333 391 411 445; x_wconf 77' lang='lat' dir='ltr'><strong>vit</strong></span> <span class='ocrx_word' id='word_1_2' title='bbox 434 389 560 462; x_wconf 87' lang='lat' dir='ltr'><strong>quid</strong></span> <span class='ocrx_word' id='word_1_3' title='bbox 593 391 683 446; x_wconf 81' lang='lat' dir='ltr'><strong>tibi</strong></span> <span class='ocrx_word' id='word_1_4' title='bbox 709 380 994 462; x_wconf 72' lang='lat' dir='ltr'><strong>competat.</strong></span> <span class='ocrx_word' id='word_1_5' title='bbox 1027 389 1162 447; x_wconf 98' lang='lat' dir='ltr'><strong>Sunt</strong></span> <span class='ocrx_word' id='word_1_6' title='bbox 1183 397 1362 447; x_wconf 87' lang='lat' dir='ltr'><strong>autem</strong></span> <span class='ocrx_word' id='word_1_7' title='bbox 1389 388 1622 460; x_wconf 77' lang='lat' dir='ltr'><strong>plurimi,</strong></span> <span class='ocrx_word' id='word_1_8' title='bbox 1653 389 1742 460; x_wconf 88' lang='lat' dir='ltr'><strong>qui</strong></span> <span class='ocrx_word' id='word_1_9' title='bbox 1769 387 1913 444; x_wconf 83' lang='lat' dir='ltr'><strong>mille</strong></span> 
     </span>
    </p>
   </div>
   <div class='ocr_carea' id='block_1_2' title="bbox 333 479 1910 551">
    <p class='ocr_par' dir='ltr' id='par_1_2' title="bbox 333 479 1910 551">
     <span class='ocr_line' id='line_1_2' title="bbox 333 479 1910 551; baseline -0.002 -14"><span class='ocrx_word' id='word_1_10' title='bbox 333 495 521 537; x_wconf 85' lang='lat' dir='ltr'><strong>versus</strong></span> <span class='ocrx_word' id='word_1_11' title='bbox 547 481 683 536; x_wconf 89' lang='lat' dir='ltr'><strong>inter</strong></span> <span class='ocrx_word' id='word_1_12' title='bbox 701 481 961 547; x_wconf 84' lang='lat' dir='ltr'><strong>orandum</strong></span> <span class='ocrx_word' id='word_1_13' title='bbox 988 480 1283 551; x_wconf 88' lang='lat' dir='ltr'><strong>proferunt,</strong></span> <span class='ocrx_word' id='word_1_14' title='bbox 1310 480 1598 550; x_wconf 72' lang='lat' dir='ltr'><strong>dicuntque</strong></span> <span class='ocrx_word' id='word_1_15' title='bbox 1622 497 1637 534; x_wconf 90' lang='lat'><strong>:</strong></span> <span class='ocrx_word' id='word_1_16' title='bbox 1666 479 1910 545; x_wconf 84' lang='lat' dir='ltr'><strong>Domine,</strong></span> 
     </span>
    </p>
   </div>
   <div class='ocr_carea' id='block_1_3' title="bbox 336 567 1917 641">
    <p class='ocr_par' dir='ltr' id='par_1_3' title="bbox 336 567 1917 641">
     <span class='ocr_line' id='line_1_3' title="bbox 336 567 1917 641; baseline -0.003 -15"><span class='ocrx_word' id='word_1_17' title='bbox 336 571 405 626; x_wconf 88' lang='lat' dir='ltr'><strong>da</strong></span> <span class='ocrx_word' id='word_1_18' title='bbox 430 570 557 624; x_wconf 88' lang='lat' dir='ltr'><strong>mihi</strong></span> <span class='ocrx_word' id='word_1_19' title='bbox 599 571 836 641; x_wconf 86' lang='lat' dir='ltr'><strong>corporis</strong></span> <span class='ocrx_word' id='word_1_20' title='bbox 863 571 1164 636; x_wconf 76' lang='lat' dir='ltr'><strong>sanitatem,</strong></span> <span class='ocrx_word' id='word_1_21' title='bbox 1195 569 1358 641; x_wconf 90' lang='lat' dir='ltr'><strong>duplo</strong></span> <span class='ocrx_word' id='word_1_22' title='bbox 1400 569 1599 641; x_wconf 84' lang='lat' dir='ltr'><strong>plures,</strong></span> <span class='ocrx_word' id='word_1_23' title='bbox 1640 584 1794 638; x_wconf 92' lang='lat' dir='ltr'><strong>quam</strong></span> <span class='ocrx_word' id='word_1_24' title='bbox 1823 567 1917 623; x_wconf 86' lang='lat' dir='ltr'><strong>ha-</strong></span> 
     </span>
    </p>
   </div>
   <div class='ocr_carea' id='block_1_4' title="bbox 337 658 1917 730">
    <p class='ocr_par' dir='ltr' id='par_1_4' title="bbox 337 658 1917 730">
     <span class='ocr_line' id='line_1_4' title="bbox 337 658 1917 730; baseline -0.004 -12"><span class='ocrx_word' id='word_1_25' title='bbox 337 662 460 729; x_wconf 88' lang='lat' dir='ltr'><strong>beo,</strong></span> <span class='ocrx_word' id='word_1_26' title='bbox 484 661 782 728; x_wconf 80' lang='lat' dir='ltr'><strong>facultates,</strong></span> <span class='ocrx_word' id='word_1_27' title='bbox 805 661 1063 716; x_wconf 86' lang='lat' dir='ltr'><strong>ulciscere</strong></span> <span class='ocrx_word' id='word_1_28' title='bbox 1097 662 1368 716; x_wconf 90' lang='lat' dir='ltr'><strong>inimicum</strong></span> <span class='ocrx_word' id='word_1_29' title='bbox 1411 675 1588 716; x_wconf 91' lang='lat' dir='ltr'><strong>meum</strong></span> <span class='ocrx_word' id='word_1_30' title='bbox 1621 678 1634 713; x_wconf 89' lang='lat'><strong>:</strong></span> <span class='ocrx_word' id='word_1_31' title='bbox 1665 658 1806 730; x_wconf 88' lang='lat' dir='ltr'><strong>quod</strong></span> <span class='ocrx_word' id='word_1_32' title='bbox 1835 667 1917 714; x_wconf 89' lang='lat' dir='ltr'><strong>est</strong></span> 
     </span>
    </p>
   </div>
   <div class='ocr_carea' id='block_1_5' title="bbox 338 748 1916 825">
    <p class='ocr_par' dir='ltr' id='par_1_5' title="bbox 338 748 1916 825">
     <span class='ocr_line' id='line_1_5' title="bbox 338 748 1916 825; baseline -0.004 -16"><span class='ocrx_word' id='word_1_33' title='bbox 338 754 538 825; x_wconf 76' lang='lat' dir='ltr'><strong>ingenti</strong></span> <span class='ocrx_word' id='word_1_34' title='bbox 563 753 776 822; x_wconf 85' lang='lat' dir='ltr'><strong>plenum</strong></span> <span class='ocrx_word' id='word_1_35' title='bbox 803 751 1149 807; x_wconf 84' lang='lat' dir='ltr'><strong>absurditate.</strong></span> <span class='ocrx_word' id='word_1_36' title='bbox 1178 750 1534 818; x_wconf 81' lang='lat' dir='ltr'><strong>Quamobrem</strong></span> <span class='ocrx_word' id='word_1_37' title='bbox 1563 749 1644 803; x_wconf 87' lang='lat' dir='ltr'><strong>his</strong></span> <span class='ocrx_word' id='word_1_38' title='bbox 1669 748 1916 802; x_wconf 90' lang='lat' dir='ltr'><strong>omnibus</strong></span> 
     </span>
    </p>
   </div>
   <div class='ocr_carea' id='block_1_6' title="bbox 337 841 1919 914">
    <p class='ocr_par' dir='ltr' id='par_1_6' title="bbox 337 841 1919 914">
     <span class='ocr_line' id='line_1_6' title="bbox 337 841 1919 914; baseline -0.004 -13"><span class='ocrx_word' id='word_1_39' title='bbox 337 847 550 901; x_wconf 90' lang='lat' dir='ltr'><strong>omissis</strong></span> <span class='ocrx_word' id='word_1_40' title='bbox 575 846 645 900; x_wconf 89' lang='lat' dir='ltr'><strong>ita</strong></span> <span class='ocrx_word' id='word_1_41' title='bbox 675 845 932 900; x_wconf 90' lang='lat' dir='ltr'><strong>orandum</strong></span> <span class='ocrx_word' id='word_1_42' title='bbox 952 844 1383 914; x_wconf 88' lang='lat' dir='ltr'><strong>precandumque</strong></span> <span class='ocrx_word' id='word_1_43' title='bbox 1403 851 1504 908; x_wconf 92' lang='lat' dir='ltr'><strong>est,</strong></span> <span class='ocrx_word' id='word_1_44' title='bbox 1528 852 1585 896; x_wconf 92' lang='lat' dir='ltr'><strong>ut</strong></span> <span class='ocrx_word' id='word_1_45' title='bbox 1607 841 1919 912; x_wconf 76' lang='lat' dir='ltr'><strong>publicanus</strong></span> 
     </span>
    </p>
   </div>
   <div class='ocr_carea' id='block_1_7' title="bbox 337 934 1920 1010">
    <p class='ocr_par' dir='ltr' id='par_1_7' title="bbox 337 934 1920 1010">
     <span class='ocr_line' id='line_1_7' title="bbox 337 934 1920 1010; baseline -0.005 -16"><span class='ocrx_word' id='word_1_46' title='bbox 337 941 425 996; x_wconf 86' lang='lat' dir='ltr'><strong>ille</strong></span> <span class='ocrx_word' id='word_1_47' title='bbox 449 940 538 1010; x_wconf 90' lang='lat' dir='ltr'><strong>qui</strong></span> <span class='ocrx_word' id='word_1_48' title='bbox 578 937 834 994; x_wconf 91' lang='lat' dir='ltr'><strong>dicebat:</strong></span> <span class='ocrx_word' id='word_1_49' title='bbox 880 937 1018 992; x_wconf 84' lang='lat' dir='ltr'><strong>Deus</strong></span> <span class='ocrx_word' id='word_1_50' title='bbox 1055 937 1304 1008; x_wconf 87' lang='lat' dir='ltr'><strong>propitius</strong></span> <span class='ocrx_word' id='word_1_51' title='bbox 1345 944 1448 990; x_wconf 85' lang='lat' dir='ltr'><strong>esto</strong></span> <span class='ocrx_word' id='word_1_52' title='bbox 1493 935 1617 988; x_wconf 85' lang='lat' dir='ltr'><strong>mihi</strong></span> <span class='ocrx_word' id='word_1_53' title='bbox 1669 934 1920 1006; x_wconf 85' lang='lat' dir='ltr'><strong>peccatori</strong></span> 
     </span>
    </p>
   </div>
   <div class='ocr_carea' id='block_1_8' title="bbox 337 1023 1918 1100">
    <p class='ocr_par' dir='ltr' id='par_1_8' title="bbox 337 1023 1918 1100">
     <span class='ocr_line' id='line_1_8' title="bbox 337 1023 1918 1100; baseline -0.003 -18"><span class='ocrx_word' id='word_1_54' title='bbox 337 1028 486 1100; x_wconf 83' lang='lat' dir='ltr'><strong>(Luc.</strong></span> <span class='ocrx_word' id='word_1_55' title='bbox 523 1029 610 1084; x_wconf 78' lang='grc'><strong>18.</strong></span> <span class='ocrx_word' id='word_1_56' title='bbox 642 1029 746 1098; x_wconf 77' lang='lat' dir='ltr'><strong>l3);</strong></span> <span class='ocrx_word' id='word_1_57' title='bbox 777 1036 830 1082; x_wconf 89' lang='lat' dir='ltr'><strong>et</strong></span> <span class='ocrx_word' id='word_1_58' title='bbox 855 1028 968 1098; x_wconf 91' lang='lat' dir='ltr'><strong>ipse</strong></span> <span class='ocrx_word' id='word_1_59' title='bbox 992 1027 1138 1082; x_wconf 90' lang='lat' dir='ltr'><strong>novit</strong></span> <span class='ocrx_word' id='word_1_60' title='bbox 1170 1040 1276 1097; x_wconf 90' lang='lat' dir='ltr'><strong>quo</strong></span> <span class='ocrx_word' id='word_1_61' title='bbox 1301 1034 1456 1096; x_wconf 89' lang='lat' dir='ltr'><strong>pacto</strong></span> <span class='ocrx_word' id='word_1_62' title='bbox 1498 1023 1594 1079; x_wconf 91' lang='lat' dir='ltr'><strong>tibi</strong></span> <span class='ocrx_word' id='word_1_63' title='bbox 1641 1025 1710 1078; x_wconf 86' lang='lat' dir='ltr'><strong>sit</strong></span> <span class='ocrx_word' id='word_1_64' title='bbox 1749 1024 1918 1093; x_wconf 84' lang='lat' dir='ltr'><strong>Opitu-</strong></span> 
     </span>
    </p>
   </div>
   <div class='ocr_carea' id='block_1_9' title="bbox 336 1118 1918 1192">
    <p class='ocr_par' dir='ltr' id='par_1_9' title="bbox 336 1118 1918 1192">
     <span class='ocr_line' id='line_1_9' title="bbox 336 1118 1918 1192; baseline -0.006 -14"><span class='ocrx_word' id='word_1_65' title='bbox 336 1125 551 1180; x_wconf 88' lang='lat' dir='ltr'><strong>landum</strong></span> <span class='ocrx_word' id='word_1_66' title='bbox 582 1142 595 1179; x_wconf 92' lang='lat'><strong>:</strong></span> <span class='ocrx_word' id='word_1_67' title='bbox 624 1140 745 1178; x_wconf 90' lang='lat' dir='ltr'><strong>nam</strong></span> <span class='ocrx_word' id='word_1_68' title='bbox 777 1123 1015 1188; x_wconf 63' lang='lat' dir='ltr'><strong>Quaerite,</strong></span> <span class='ocrx_word' id='word_1_69' title='bbox 1043 1121 1238 1192; x_wconf 85' lang='lat' dir='ltr'><strong>inquit,</strong></span> <span class='ocrx_word' id='word_1_70' title='bbox 1265 1121 1484 1190; x_wconf 76' lang='lat' dir='ltr'><strong>primum</strong></span> <span class='ocrx_word' id='word_1_71' title='bbox 1503 1136 1710 1190; x_wconf 82' lang='lat' dir='ltr'><strong>regnum</strong></span> <span class='ocrx_word' id='word_1_72' title='bbox 1733 1118 1849 1181; x_wconf 81' lang='lat' dir='ltr'><strong>Dei,</strong></span> <span class='ocrx_word' id='word_1_73' title='bbox 1874 1129 1918 1170; x_wconf 76' lang='lat' dir='ltr'><strong>et</strong></span> 
     </span>
    </p>
   </div>
   <div class='ocr_carea' id='block_1_10' title="bbox 335 1209 1915 1284">
    <p class='ocr_par' dir='ltr' id='par_1_10' title="bbox 335 1209 1915 1284">
     <span class='ocr_line' id='line_1_10' title="bbox 335 1209 1915 1284; baseline -0.005 -14"><span class='ocrx_word' id='word_1_74' title='bbox 335 1216 445 1270; x_wconf 64' lang='lat' dir='ltr'><strong>Itan:</strong></span> <span class='ocrx_word' id='word_1_75' title='bbox 472 1216 642 1270; x_wconf 86' lang='lat' dir='ltr'><strong>omnia</strong></span> <span class='ocrx_word' id='word_1_76' title='bbox 660 1215 960 1284; x_wconf 71' lang='lat' dir='ltr'><strong>adﬁcientur</strong></span> <span class='ocrx_word' id='word_1_77' title='bbox 989 1213 1124 1267; x_wconf 82' lang='lat' dir='ltr'><strong>vobis</strong></span> <span class='ocrx_word' id='word_1_78' title='bbox 1152 1210 1363 1284; x_wconf 78' lang='lat' dir='ltr'><strong>(Matth.</strong></span> <span class='ocrx_word' id='word_1_79' title='bbox 1384 1210 1438 1266; x_wconf 87' lang='grc'><strong>6.</strong></span> <span class='ocrx_word' id='word_1_80' title='bbox 1464 1210 1578 1279; x_wconf 80' lang='grc'><strong>55).</strong></span> <span class='ocrx_word' id='word_1_81' title='bbox 1611 1210 1700 1266; x_wconf 89' lang='lat' dir='ltr'><strong>Sic</strong></span> <span class='ocrx_word' id='word_1_82' title='bbox 1720 1209 1915 1278; x_wconf 87' lang='lat' dir='ltr'><strong>itaque,</strong></span> 
     </span>
    </p>
   </div>
   <div class='ocr_carea' id='block_1_11' title="bbox 335 1301 1925 1374">
    <p class='ocr_par' dir='ltr' id='par_1_11' title="bbox 335 1301 1925 1374">
     <span class='ocr_line' id='line_1_11' title="bbox 335 1301 1925 1374; baseline -0.005 -12"><span class='ocrx_word' id='word_1_83' title='bbox 335 1307 538 1374; x_wconf 88' lang='lat' dir='ltr'><strong>dilecti,</strong></span> <span class='ocrx_word' id='word_1_84' title='bbox 561 1321 682 1362; x_wconf 92' lang='lat' dir='ltr'><strong>cum</strong></span> <span class='ocrx_word' id='word_1_85' title='bbox 709 1305 889 1361; x_wconf 89' lang='lat' dir='ltr'><strong>labore</strong></span> <span class='ocrx_word' id='word_1_86' title='bbox 912 1313 966 1361; x_wconf 92' lang='lat' dir='ltr'><strong>et</strong></span> <span class='ocrx_word' id='word_1_87' title='bbox 991 1304 1292 1358; x_wconf 88' lang='lat' dir='ltr'><strong>humilitate</strong></span> <span class='ocrx_word' id='word_1_88' title='bbox 1317 1301 1776 1372; x_wconf 89' lang='lat' dir='ltr'><strong>philosophemur,</strong></span> <span class='ocrx_word' id='word_1_89' title='bbox 1799 1315 1896 1370; x_wconf 89' lang='lat' dir='ltr'><strong>per</strong></span> <span class='ocrx_word' id='word_1_90' title='bbox 1911 1328 1925 1340; x_wconf 82' lang='lat'><strong><em>-</em></strong></span> 
     </span>
    </p>
   </div>
   <div class='ocr_carea' id='block_1_12' title="bbox 337 1394 1921 1468">
    <p class='ocr_par' dir='ltr' id='par_1_12' title="bbox 337 1394 1921 1468">
     <span class='ocr_line' id='line_1_12' title="bbox 337 1394 1921 1468; baseline -0.004 -15"><span class='ocrx_word' id='word_1_91' title='bbox 337 1399 610 1454; x_wconf 80' lang='lat' dir='ltr'><strong>cutientes.</strong></span> <span class='ocrx_word' id='word_1_92' title='bbox 633 1406 846 1468; x_wconf 85' lang='lat' dir='ltr'><strong>pectora</strong></span> <span class='ocrx_word' id='word_1_93' title='bbox 869 1407 1071 1464; x_wconf 88' lang='lat' dir='ltr'><strong>nostra,</strong></span> <span class='ocrx_word' id='word_1_94' title='bbox 1111 1395 1558 1466; x_wconf 88' lang='lat' dir='ltr'><strong>quemadmodum</strong></span> <span class='ocrx_word' id='word_1_95' title='bbox 1585 1394 1691 1459; x_wconf 90' lang='lat' dir='ltr'><strong>ille,</strong></span> <span class='ocrx_word' id='word_1_96' title='bbox 1725 1401 1778 1448; x_wconf 87' lang='lat' dir='ltr'><strong>et</strong></span> <span class='ocrx_word' id='word_1_97' title='bbox 1803 1408 1921 1462; x_wconf 73' lang='lat' dir='ltr'><strong>qua:</strong></span> 
     </span>
    </p>
   </div>
   <div class='ocr_carea' id='block_1_13' title="bbox 338 1485 1916 1565">
    <p class='ocr_par' dir='ltr' id='par_1_13' title="bbox 338 1485 1916 1565">
     <span class='ocr_line' id='line_1_13' title="bbox 338 1485 1916 1565; baseline -0.006 -17"><span class='ocrx_word' id='word_1_98' title='bbox 338 1494 567 1565; x_wconf 90' lang='lat' dir='ltr'><strong>petimus</strong></span> <span class='ocrx_word' id='word_1_99' title='bbox 606 1503 996 1561; x_wconf 84' lang='lat' dir='ltr'><strong>consequemur</strong></span> <span class='ocrx_word' id='word_1_100' title='bbox 1033 1508 1046 1544; x_wconf 93' lang='lat'>:</span> <span class='ocrx_word' id='word_1_101' title='bbox 1093 1489 1175 1544; x_wconf 89' lang='lat' dir='ltr'><strong>sin</strong></span> <span class='ocrx_word' id='word_1_102' title='bbox 1207 1489 1284 1542; x_wconf 91' lang='lat' dir='ltr'><strong>ira</strong></span> <span class='ocrx_word' id='word_1_103' title='bbox 1313 1488 1598 1556; x_wconf 83' lang='lat' dir='ltr'><strong>furoreque</strong></span> <span class='ocrx_word' id='word_1_104' title='bbox 1625 1485 1768 1556; x_wconf 89' lang='lat' dir='ltr'><strong>pleni</strong></span> <span class='ocrx_word' id='word_1_105' title='bbox 1795 1499 1916 1554; x_wconf 88' lang='lat' dir='ltr'><strong>pre-</strong></span> 
     </span>
    </p>
   </div>
   <div class='ocr_carea' id='block_1_14' title="bbox 339 1575 1920 1648">
    <p class='ocr_par' dir='ltr' id='par_1_14' title="bbox 339 1575 1920 1648">
     <span class='ocr_line' id='line_1_14' title="bbox 339 1575 1920 1648; baseline -0.006 -8"><span class='ocrx_word' id='word_1_106' title='bbox 339 1599 544 1648; x_wconf 87' lang='lat' dir='ltr'><strong>cemur,</strong></span> <span class='ocrx_word' id='word_1_107' title='bbox 575 1581 961 1638; x_wconf 83' lang='lat' dir='ltr'><strong>abominabiles</strong></span> <span class='ocrx_word' id='word_1_108' title='bbox 999 1589 1055 1636; x_wconf 91' lang='lat' dir='ltr'><strong>et</strong></span> <span class='ocrx_word' id='word_1_109' title='bbox 1092 1579 1262 1634; x_wconf 92' lang='lat' dir='ltr'><strong>odiosi</strong></span> <span class='ocrx_word' id='word_1_110' title='bbox 1299 1577 1438 1648; x_wconf 91' lang='lat' dir='ltr'><strong>apud</strong></span> <span class='ocrx_word' id='word_1_111' title='bbox 1481 1577 1648 1633; x_wconf 91' lang='lat' dir='ltr'><strong>Deum</strong></span> <span class='ocrx_word' id='word_1_112' title='bbox 1690 1575 1920 1645; x_wconf 86' lang='lat' dir='ltr'><strong>reperie-</strong></span> 
     </span>
    </p>
   </div>
   <div class='ocr_carea' id='block_1_15' title="bbox 341 1665 1920 1741">
    <p class='ocr_par' dir='ltr' id='par_1_15' title="bbox 341 1665 1920 1741">
     <span class='ocr_line' id='line_1_15' title="bbox 341 1665 1920 1741; baseline -0.006 -12"><span class='ocrx_word' id='word_1_113' title='bbox 341 1689 479 1729; x_wconf 87' lang='lat' dir='ltr'><strong>mur.</strong></span> <span class='ocrx_word' id='word_1_114' title='bbox 510 1673 861 1731; x_wconf 81' lang='lat' dir='ltr'><strong>Conteramus</strong></span> <span class='ocrx_word' id='word_1_115' title='bbox 890 1672 1048 1741; x_wconf 78' lang='lat' dir='ltr'><strong>igitur</strong></span> <span class='ocrx_word' id='word_1_116' title='bbox 1088 1679 1324 1725; x_wconf 90' lang='lat' dir='ltr'><strong>mentem</strong></span> <span class='ocrx_word' id='word_1_117' title='bbox 1361 1676 1621 1732; x_wconf 91' lang='lat' dir='ltr'><strong>nostram,</strong></span> <span class='ocrx_word' id='word_1_118' title='bbox 1674 1665 1920 1721; x_wconf 87' lang='lat' dir='ltr'><strong>humilie-</strong></span> 
     </span>
    </p>
   </div>
   <div class='ocr_carea' id='block_1_16' title="bbox 342 1759 1922 1831">
    <p class='ocr_par' dir='ltr' id='par_1_16' title="bbox 342 1759 1922 1831">
     <span class='ocr_line' id='line_1_16' title="bbox 342 1759 1922 1831; baseline -0.005 -12"><span class='ocrx_word' id='word_1_119' title='bbox 342 1781 459 1819; x_wconf 89' lang='lat' dir='ltr'><strong>mus</strong></span> <span class='ocrx_word' id='word_1_120' title='bbox 487 1765 693 1819; x_wconf 90' lang='lat' dir='ltr'><strong>animas</strong></span> <span class='ocrx_word' id='word_1_121' title='bbox 718 1773 950 1828; x_wconf 90' lang='lat' dir='ltr'><strong>nostras,</strong></span> <span class='ocrx_word' id='word_1_122' title='bbox 976 1775 1360 1831; x_wconf 88' lang='lat' dir='ltr'><strong>precemurque</strong></span> <span class='ocrx_word' id='word_1_123' title='bbox 1395 1774 1494 1831; x_wconf 91' lang='lat' dir='ltr'><strong>pro</strong></span> <span class='ocrx_word' id='word_1_124' title='bbox 1519 1759 1692 1823; x_wconf 91' lang='lat' dir='ltr'><strong>nobis,</strong></span> <span class='ocrx_word' id='word_1_125' title='bbox 1724 1773 1922 1827; x_wconf 89' lang='lat' dir='ltr'><strong>proque</strong></span> 
     </span>
    </p>
   </div>
   <div class='ocr_carea' id='block_1_17' title="bbox 343 1848 1926 1925">
    <p class='ocr_par' dir='ltr' id='par_1_17' title="bbox 343 1848 1926 1925">
     <span class='ocr_line' id='line_1_17' title="bbox 343 1848 1926 1925; baseline -0.003 -18"><span class='ocrx_word' id='word_1_126' title='bbox 343 1855 406 1909; x_wconf 85' lang='lat' dir='ltr'><strong>iis</strong></span> <span class='ocrx_word' id='word_1_127' title='bbox 433 1854 645 1925; x_wconf 82' lang='lat' dir='ltr'><strong>quinos</strong></span> <span class='ocrx_word' id='word_1_128' title='bbox 671 1853 909 1908; x_wconf 86' lang='lat' dir='ltr'><strong>molestia</strong></span> <span class='ocrx_word' id='word_1_129' title='bbox 938 1851 1272 1909; x_wconf 76' lang='lat' dir='ltr'><strong>aliecerunt._</strong></span> <span class='ocrx_word' id='word_1_130' title='bbox 1291 1849 1347 1906; x_wconf 93' lang='lat' dir='ltr'><strong>Si</strong></span> <span class='ocrx_word' id='word_1_131' title='bbox 1373 1864 1602 1920; x_wconf 82' lang='lat' dir='ltr'><strong>namque</strong></span> <span class='ocrx_word' id='word_1_132' title='bbox 1631 1848 1761 1904; x_wconf 86' lang='lat' dir='ltr'><strong>velis</strong></span> <span class='ocrx_word' id='word_1_133' title='bbox 1785 1848 1926 1917; x_wconf 86' lang='lat' dir='ltr'><strong>judi-</strong></span> 
     </span>
    </p>
   </div>
   <div class='ocr_carea' id='block_1_18' title="bbox 341 1941 1925 2007">
    <p class='ocr_par' dir='ltr' id='par_1_18' title="bbox 341 1941 1925 2007">
     <span class='ocr_line' id='line_1_18' title="bbox 341 1941 1925 2007; baseline -0.004 -7"><span class='ocrx_word' id='word_1_134' title='bbox 341 1963 462 2002; x_wconf 79' lang='lat' dir='ltr'><strong>rcm</strong></span> <span class='ocrx_word' id='word_1_135' title='bbox 492 1945 558 2001; x_wconf 93' lang='lat' dir='ltr'><strong>ad</strong></span> <span class='ocrx_word' id='word_1_136' title='bbox 603 1946 860 2000; x_wconf 77' lang='lat' dir='ltr'><strong>auxilium</strong></span> <span class='ocrx_word' id='word_1_137' title='bbox 889 1945 1082 1999; x_wconf 69' lang='lat' dir='ltr'><strong>animae</strong></span> <span class='ocrx_word' id='word_1_138' title='bbox 1128 1952 1232 1999; x_wconf 75' lang='lat' dir='ltr'><strong>tute</strong></span> <span class='ocrx_word' id='word_1_139' title='bbox 1260 1943 1581 2007; x_wconf 89' lang='lat' dir='ltr'><strong>demulcere,</strong></span> <span class='ocrx_word' id='word_1_140' title='bbox 1617 1950 1670 1996; x_wconf 91' lang='lat' dir='ltr'><strong>et</strong></span> <span class='ocrx_word' id='word_1_141' title='bbox 1708 1941 1774 1995; x_wconf 91' lang='lat' dir='ltr'><strong>ad</strong></span> <span class='ocrx_word' id='word_1_142' title='bbox 1809 1949 1925 1995; x_wconf 89' lang='lat' dir='ltr'><strong>tuas</strong></span> 
     </span>
    </p>
   </div>
   <div class='ocr_carea' id='block_1_19' title="bbox 342 2034 1924 2109">
    <p class='ocr_par' dir='ltr' id='par_1_19' title="bbox 342 2034 1924 2109">
     <span class='ocr_line' id='line_1_19' title="bbox 342 2034 1924 2109; baseline -0.001 -21"><span class='ocrx_word' id='word_1_143' title='bbox 342 2045 519 2109; x_wconf 75' lang='lat' dir='ltr'><strong>partes</strong></span> <span class='ocrx_word' id='word_1_144' title='bbox 548 2036 836 2103; x_wconf 84' lang='lat' dir='ltr'><strong>attrahere,</strong></span> <span class='ocrx_word' id='word_1_145' title='bbox 879 2050 1163 2106; x_wconf 90' lang='lat' dir='ltr'><strong>numquam</strong></span> <span class='ocrx_word' id='word_1_146' title='bbox 1193 2051 1315 2090; x_wconf 92' lang='lat' dir='ltr'><strong>eum</strong></span> <span class='ocrx_word' id='word_1_147' title='bbox 1354 2044 1538 2088; x_wconf 83' lang='lat' dir='ltr'><strong>contra</strong></span> <span class='ocrx_word' id='word_1_148' title='bbox 1563 2034 1924 2088; x_wconf 87' lang='lat' dir='ltr'><strong>adversarium</strong></span> 
     </span>
    </p>
   </div>
   <div class='ocr_carea' id='block_1_20' title="bbox 344 2125 1927 2199">
    <p class='ocr_par' dir='ltr' id='par_1_20' title="bbox 344 2125 1927 2199">
     <span class='ocr_line' id='line_1_20' title="bbox 344 2125 1927 2199; baseline -0.004 -15"><span class='ocrx_word' id='word_1_149' title='bbox 344 2141 490 2186; x_wconf 80' lang='lat' dir='ltr'><strong>tuum</strong></span> <span class='ocrx_word' id='word_1_150' title='bbox 535 2128 958 2199; x_wconf 75' lang='lat' dir='ltr'><strong>mmpellaveris.</strong></span> <span class='ocrx_word' id='word_1_151' title='bbox 1007 2127 1214 2181; x_wconf 87' lang='lat' dir='ltr'><strong>Etenim</strong></span> <span class='ocrx_word' id='word_1_152' title='bbox 1255 2126 1450 2196; x_wconf 92' lang='lat' dir='ltr'><strong>judicis</strong></span> <span class='ocrx_word' id='word_1_153' title='bbox 1493 2125 1631 2180; x_wconf 90' lang='lat' dir='ltr'><strong>illius</strong></span> <span class='ocrx_word' id='word_1_154' title='bbox 1680 2125 1800 2178; x_wconf 89' lang='lat' dir='ltr'><strong>talis</strong></span> <span class='ocrx_word' id='word_1_155' title='bbox 1845 2133 1927 2179; x_wconf 92' lang='lat' dir='ltr'><strong>est</strong></span> 
     </span>
    </p>
   </div>
   <div class='ocr_carea' id='block_1_21' title="bbox 347 2209 1925 2288">
    <p class='ocr_par' dir='ltr' id='par_1_21' title="bbox 347 2209 1925 2288">
     <span class='ocr_line' id='line_1_21' title="bbox 347 2209 1925 2288; baseline -0.005 -11"><span class='ocrx_word' id='word_1_156' title='bbox 347 2237 462 2278; x_wconf 87' lang='lat' dir='ltr'><strong>mos</strong></span> <span class='ocrx_word' id='word_1_157' title='bbox 487 2240 498 2275; x_wconf 94' lang='lat'>:</span> <span class='ocrx_word' id='word_1_158' title='bbox 528 2223 631 2276; x_wconf 76' lang='lat' dir='ltr'><strong>illis</strong></span> <span class='ocrx_word' id='word_1_159' title='bbox 661 2221 890 2275; x_wconf 82' lang='lat' dir='ltr'><strong>maxime</strong></span> <span class='ocrx_word' id='word_1_160' title='bbox 919 2220 1103 2274; x_wconf 86' lang='lat' dir='ltr'><strong>annuit</strong></span> <span class='ocrx_word' id='word_1_161' title='bbox 1139 2228 1193 2274; x_wconf 91' lang='lat' dir='ltr'><strong>et</strong></span> <span class='ocrx_word' id='word_1_162' title='bbox 1230 2209 1494 2288; x_wconf 86' lang='lat' dir='ltr'><strong>postulata</strong></span> <span class='ocrx_word' id='word_1_163' title='bbox 1533 2214 1797 2282; x_wconf 89' lang='lat' dir='ltr'><strong>concedit,</strong></span> <span class='ocrx_word' id='word_1_164' title='bbox 1837 2215 1925 2286; x_wconf 90' lang='lat' dir='ltr'><strong>qui</strong></span> 
     </span>
    </p>
   </div>
   <div class='ocr_carea' id='block_1_22' title="bbox 348 2306 1924 2383">
    <p class='ocr_par' dir='ltr' id='par_1_22' title="bbox 348 2306 1924 2383">
     <span class='ocr_line' id='line_1_22' title="bbox 348 2306 1924 2383; baseline -0.004 -16"><span class='ocrx_word' id='word_1_165' title='bbox 348 2329 444 2383; x_wconf 81' lang='lat' dir='ltr'><strong>pro</strong></span> <span class='ocrx_word' id='word_1_166' title='bbox 474 2312 704 2368; x_wconf 85' lang='lat' dir='ltr'><strong>inimicis</strong></span> <span class='ocrx_word' id='word_1_167' title='bbox 737 2319 908 2376; x_wconf 66' lang='lat' dir='ltr'><strong>arant,</strong></span> <span class='ocrx_word' id='word_1_168' title='bbox 941 2310 1026 2380; x_wconf 91' lang='lat' dir='ltr'><strong>qui</strong></span> <span class='ocrx_word' id='word_1_169' title='bbox 1067 2324 1174 2365; x_wconf 90' lang='lat' dir='ltr'><strong>non</strong></span> <span class='ocrx_word' id='word_1_170' title='bbox 1221 2317 1346 2364; x_wconf 92' lang='lat' dir='ltr'><strong>sunt</strong></span> <span class='ocrx_word' id='word_1_171' title='bbox 1389 2306 1596 2378; x_wconf 75' lang='lat' dir='ltr'><strong>injuria:</strong></span> <span class='ocrx_word' id='word_1_172' title='bbox 1639 2321 1924 2371; x_wconf 83' lang='lat' dir='ltr'><strong>memores,</strong></span> 
     </span>
    </p>
   </div>
   <div class='ocr_carea' id='block_1_23' title="bbox 345 2398 1931 2476">
    <p class='ocr_par' dir='ltr' id='par_1_23' title="bbox 345 2398 1931 2476">
     <span class='ocr_line' id='line_1_23' title="bbox 345 2398 1931 2476; baseline -0.004 -18"><span class='ocrx_word' id='word_1_173' title='bbox 345 2406 638 2476; x_wconf 73' lang='lat' dir='ltr'><strong>quieontra</strong></span> <span class='ocrx_word' id='word_1_174' title='bbox 671 2404 915 2458; x_wconf 89' lang='lat' dir='ltr'><strong>inimicos</strong></span> <span class='ocrx_word' id='word_1_175' title='bbox 960 2417 1086 2458; x_wconf 90' lang='lat' dir='ltr'><strong>suos</strong></span> <span class='ocrx_word' id='word_1_176' title='bbox 1123 2416 1229 2456; x_wconf 93' lang='lat' dir='ltr'><strong>non</strong></span> <span class='ocrx_word' id='word_1_177' title='bbox 1274 2399 1590 2457; x_wconf 79' lang='lat' dir='ltr'><strong>ell&#39;eruntur.</strong></span> <span class='ocrx_word' id='word_1_178' title='bbox 1622 2398 1690 2453; x_wconf 86' lang='lat' dir='ltr'><strong>Et</strong></span> <span class='ocrx_word' id='word_1_179' title='bbox 1731 2407 1931 2469; x_wconf 91' lang='lat' dir='ltr'><strong>quanto</strong></span> 
     </span>
    </p>
   </div>
   <div class='ocr_carea' id='block_1_24' title="bbox 346 2490 1930 2566">
    <p class='ocr_par' dir='ltr' id='par_1_24' title="bbox 346 2490 1930 2566">
     <span class='ocr_line' id='line_1_24' title="bbox 346 2490 1930 2566; baseline -0.004 -17"><span class='ocrx_word' id='word_1_180' title='bbox 346 2496 514 2566; x_wconf 86' lang='lat' dir='ltr'><strong>magis</strong></span> <span class='ocrx_word' id='word_1_181' title='bbox 543 2495 595 2550; x_wconf 88' lang='lat' dir='ltr'><strong>bi</strong></span> <span class='ocrx_word' id='word_1_182' title='bbox 650 2509 707 2550; x_wconf 89' lang='lat' dir='ltr'><strong>se</strong></span> <span class='ocrx_word' id='word_1_183' title='bbox 753 2495 827 2548; x_wconf 89' lang='lat' dir='ltr'><strong>ita</strong></span> <span class='ocrx_word' id='word_1_184' title='bbox 874 2505 1084 2564; x_wconf 88' lang='lat' dir='ltr'><strong>gerunt,</strong></span> <span class='ocrx_word' id='word_1_185' title='bbox 1139 2500 1286 2547; x_wconf 90' lang='lat' dir='ltr'><strong>tanto</strong></span> <span class='ocrx_word' id='word_1_186' title='bbox 1337 2491 1502 2561; x_wconf 85' lang='lat' dir='ltr'><strong>magis</strong></span> <span class='ocrx_word' id='word_1_187' title='bbox 1553 2490 1691 2544; x_wconf 92' lang='lat' dir='ltr'><strong>Deus</strong></span> <span class='ocrx_word' id='word_1_188' title='bbox 1744 2503 1930 2544; x_wconf 90' lang='lat' dir='ltr'><strong>eorum</strong></span> 
     </span>
    </p>
   </div>
   <div class='ocr_carea' id='block_1_25' title="bbox 347 2584 1927 2654">
    <p class='ocr_par' dir='ltr' id='par_1_25' title="bbox 347 2584 1927 2654">
     <span class='ocr_line' id='line_1_25' title="bbox 347 2584 1927 2654; baseline -0.003 -14"><span class='ocrx_word' id='word_1_189' title='bbox 347 2587 591 2642; x_wconf 89' lang='lat' dir='ltr'><strong>inimicos</strong></span> <span class='ocrx_word' id='word_1_190' title='bbox 615 2586 884 2641; x_wconf 89' lang='lat' dir='ltr'><strong>ulciscitur</strong></span> <span class='ocrx_word' id='word_1_191' title='bbox 907 2627 920 2651; x_wconf 93' lang='lat'><strong>,</strong></span> <span class='ocrx_word' id='word_1_192' title='bbox 949 2585 1048 2640; x_wconf 89' lang='lat' dir='ltr'><strong>nisi</strong></span> <span class='ocrx_word' id='word_1_193' title='bbox 1064 2587 1130 2639; x_wconf 90' lang='lat' dir='ltr'><strong>ad</strong></span> <span class='ocrx_word' id='word_1_194' title='bbox 1159 2584 1520 2654; x_wconf 72' lang='lat' dir='ltr'><strong>paenitentiam</strong></span> <span class='ocrx_word' id='word_1_195' title='bbox 1533 2589 1927 2638; x_wconf 87' lang='lat' dir='ltr'><strong>convertantur.</strong></span> 
     </span>
    </p>
   </div>
   <div class='ocr_carea' id='block_1_26' title="bbox 420 2672 1933 2744">
    <p class='ocr_par' dir='ltr' id='par_1_26' title="bbox 420 2672 1933 2744">
     <span class='ocr_line' id='line_1_26' title="bbox 420 2672 1933 2744; baseline -0.002 -14"><span class='ocrx_word' id='word_1_196' title='bbox 420 2677 472 2731; x_wconf 87' lang='lat'><strong>5.</strong></span> <span class='ocrx_word' id='word_1_197' title='bbox 503 2675 605 2730; x_wconf 86' lang='lat' dir='ltr'><strong>Cur</strong></span> <span class='ocrx_word' id='word_1_198' title='bbox 628 2675 766 2730; x_wconf 90' lang='lat' dir='ltr'><strong>Deus</strong></span> <span class='ocrx_word' id='word_1_199' title='bbox 802 2693 894 2730; x_wconf 82' lang='lat' dir='ltr'><strong>nos</strong></span> <span class='ocrx_word' id='word_1_200' title='bbox 917 2675 1120 2730; x_wconf 76' lang='lat' dir='ltr'><strong>assidue</strong></span> <span class='ocrx_word' id='word_1_201' title='bbox 1145 2676 1317 2730; x_wconf 71' lang='lat' dir='ltr'><strong>vexari</strong></span> <span class='ocrx_word' id='word_1_202' title='bbox 1341 2675 1616 2744; x_wconf 80' lang='lat' dir='ltr'><strong>permittat.</strong></span> <span class='ocrx_word' id='word_1_203' title='bbox 1644 2703 1716 2714; x_wconf 92' lang='lat'><strong><em>—</em></strong></span> <span class='ocrx_word' id='word_1_204' title='bbox 1746 2672 1933 2728; x_wconf 76' lang='lat' dir='ltr'><strong>Videte</strong></span> 
     </span>
    </p>
   </div>
   <div class='ocr_carea' id='block_1_27' title="bbox 349 2763 1931 2837">
    <p class='ocr_par' dir='ltr' id='par_1_27' title="bbox 349 2763 1931 2837">
     <span class='ocr_line' id='line_1_27' title="bbox 349 2763 1931 2837; baseline -0.001 -17"><span class='ocrx_word' id='word_1_205' title='bbox 349 2782 478 2837; x_wconf 80' lang='lat' dir='ltr'><strong>ergo</strong></span> <span class='ocrx_word' id='word_1_206' title='bbox 504 2809 520 2833; x_wconf 90' lang='lat'><strong>,</strong></span> <span class='ocrx_word' id='word_1_207' title='bbox 550 2767 772 2832; x_wconf 80' lang='lat' dir='ltr'><strong>fratres,</strong></span> <span class='ocrx_word' id='word_1_208' title='bbox 808 2782 877 2821; x_wconf 88' lang='lat' dir='ltr'><strong>ne</strong></span> <span class='ocrx_word' id='word_1_209' title='bbox 915 2766 1106 2836; x_wconf 85' lang='lat' dir='ltr'><strong>injuria</strong></span> <span class='ocrx_word' id='word_1_210' title='bbox 1135 2782 1166 2820; x_wconf 87' lang='lat' dir='ltr'><strong>a</strong></span> <span class='ocrx_word' id='word_1_211' title='bbox 1193 2764 1442 2836; x_wconf 90' lang='lat' dir='ltr'><strong>quopiam</strong></span> <span class='ocrx_word' id='word_1_212' title='bbox 1479 2763 1711 2820; x_wconf 89' lang='lat' dir='ltr'><strong>lacessiti</strong></span> <span class='ocrx_word' id='word_1_213' title='bbox 1754 2764 1931 2819; x_wconf 89' lang='lat' dir='ltr'><strong>statim</strong></span> 
     </span>
    </p>
   </div>
   <div class='ocr_carea' id='block_1_28' title="bbox 350 2855 1933 2928">
    <p class='ocr_par' dir='ltr' id='par_1_28' title="bbox 350 2855 1933 2928">
     <span class='ocr_line' id='line_1_28' title="bbox 350 2855 1933 2928; baseline -0.002 -17"><span class='ocrx_word' id='word_1_214' title='bbox 350 2859 688 2928; x_wconf 86' lang='lat' dir='ltr'><strong>indignemur</strong></span> <span class='ocrx_word' id='word_1_215' title='bbox 703 2868 756 2913; x_wconf 91' lang='lat' dir='ltr'><strong>et</strong></span> <span class='ocrx_word' id='word_1_216' title='bbox 775 2859 825 2912; x_wconf 90' lang='lat' dir='ltr'><strong>in</strong></span> <span class='ocrx_word' id='word_1_217' title='bbox 855 2858 1120 2914; x_wconf 89' lang='lat' dir='ltr'><strong>tristitiam</strong></span> <span class='ocrx_word' id='word_1_218' title='bbox 1147 2857 1408 2923; x_wconf 89' lang='lat' dir='ltr'><strong>labamur,</strong></span> <span class='ocrx_word' id='word_1_219' title='bbox 1439 2857 1533 2912; x_wconf 87' lang='lat' dir='ltr'><strong>sed</strong></span> <span class='ocrx_word' id='word_1_220' title='bbox 1555 2855 1933 2927; x_wconf 80' lang='lat' dir='ltr'><strong>phil050phan-</strong></span> 
     </span>
    </p>
   </div>
   <div class='ocr_carea' id='block_1_29' title="bbox 351 2947 1913 3020">
    <p class='ocr_par' dir='ltr' id='par_1_29' title="bbox 351 2947 1913 3020">
     <span class='ocr_line' id='line_1_29' title="bbox 351 2947 1913 3020; baseline -0.002 -17"><span class='ocrx_word' id='word_1_221' title='bbox 351 2961 432 3004; x_wconf 90' lang='lat' dir='ltr'><strong>tes</strong></span> <span class='ocrx_word' id='word_1_222' title='bbox 475 2950 673 3019; x_wconf 81' lang='lat' dir='ltr'><strong>gratias</strong></span> <span class='ocrx_word' id='word_1_223' title='bbox 716 2962 952 3020; x_wconf 82' lang='lat' dir='ltr'><strong>agamus,</strong></span> <span class='ocrx_word' id='word_1_224' title='bbox 995 2957 1365 3018; x_wconf 79' lang='lat' dir='ltr'><strong>exspectantes</strong></span> <span class='ocrx_word' id='word_1_225' title='bbox 1395 2947 1648 3002; x_wconf 82' lang='lat' dir='ltr'><strong>auxilium</strong></span> <span class='ocrx_word' id='word_1_226' title='bbox 1683 2947 1913 3002; x_wconf 89' lang='lat' dir='ltr'><strong>Domini.</strong></span> 
     </span>
    </p>
   </div>
   <div class='ocr_carea' id='block_1_30' title="bbox 353 3038 1932 3110">
    <p class='ocr_par' dir='ltr' id='par_1_30' title="bbox 353 3038 1932 3110">
     <span class='ocr_line' id='line_1_30' title="bbox 353 3038 1932 3110; baseline 0 -18"><span class='ocrx_word' id='word_1_227' title='bbox 353 3041 544 3093; x_wconf 80' lang='lat' dir='ltr'><strong>Annon</strong></span> <span class='ocrx_word' id='word_1_228' title='bbox 589 3047 799 3110; x_wconf 92' lang='lat' dir='ltr'><strong>poterat</strong></span> <span class='ocrx_word' id='word_1_229' title='bbox 839 3039 980 3094; x_wconf 92' lang='lat' dir='ltr'><strong>Deus</strong></span> <span class='ocrx_word' id='word_1_230' title='bbox 1026 3048 1151 3095; x_wconf 91' lang='lat' dir='ltr'><strong>ante</strong></span> <span class='ocrx_word' id='word_1_231' title='bbox 1197 3040 1557 3109; x_wconf 87' lang='lat' dir='ltr'><strong>precationem</strong></span> <span class='ocrx_word' id='word_1_232' title='bbox 1601 3039 1736 3095; x_wconf 89' lang='lat' dir='ltr'><strong>bona</strong></span> <span class='ocrx_word' id='word_1_233' title='bbox 1777 3038 1932 3094; x_wconf 90' lang='lat' dir='ltr'><strong>nobis</strong></span> 
     </span>
    </p>
   </div>
   <div class='ocr_carea' id='block_1_31' title="bbox 350 3129 1936 3195">
    <p class='ocr_par' dir='ltr' id='par_1_31' title="bbox 350 3129 1936 3195">
     <span class='ocr_line' id='line_1_31' title="bbox 350 3129 1936 3195; baseline -0.001 -11"><span class='ocrx_word' id='word_1_234' title='bbox 350 3130 634 3185; x_wconf 74' lang='lat' dir='ltr'><strong>conferret</strong></span> <span class='ocrx_word' id='word_1_235' title='bbox 661 3145 837 3184; x_wconf 91' lang='lat' dir='ltr'><strong>annon</strong></span> <span class='ocrx_word' id='word_1_236' title='bbox 864 3131 1022 3184; x_wconf 91' lang='lat' dir='ltr'><strong>vitam</strong></span> <span class='ocrx_word' id='word_1_237' title='bbox 1053 3130 1238 3187; x_wconf 89' lang='lat' dir='ltr'><strong>dolore</strong></span> <span class='ocrx_word' id='word_1_238' title='bbox 1265 3144 1486 3185; x_wconf 84' lang='lat' dir='ltr'><strong>vacuam</strong></span> <span class='ocrx_word' id='word_1_239' title='bbox 1512 3129 1826 3195; x_wconf 85' lang='lat' dir='ltr'><strong>concedere,</strong></span> <span class='ocrx_word' id='word_1_240' title='bbox 1859 3139 1936 3184; x_wconf 88' lang='lat' dir='ltr'><strong>at-</strong></span> 
     </span>
    </p>
   </div>
   <div class='ocr_carea' id='block_1_32' title="bbox 348 3223 1936 3294">
    <p class='ocr_par' dir='ltr' id='par_1_32' title="bbox 348 3223 1936 3294">
     <span class='ocr_line' id='line_1_32' title="bbox 348 3223 1936 3294; baseline 0.003 -18"><span class='ocrx_word' id='word_1_241' title='bbox 348 3237 456 3292; x_wconf 89' lang='lat' dir='ltr'><strong>que</strong></span> <span class='ocrx_word' id='word_1_242' title='bbox 505 3237 537 3277; x_wconf 89' lang='lat' dir='ltr'><strong>a</strong></span> <span class='ocrx_word' id='word_1_243' title='bbox 585 3223 769 3294; x_wconf 83' lang='lat' dir='ltr'><strong>quavis</strong></span> <span class='ocrx_word' id='word_1_244' title='bbox 806 3238 1042 3278; x_wconf 67' lang='lat' dir='ltr'><strong>aerumna</strong></span> <span class='ocrx_word' id='word_1_245' title='bbox 1093 3224 1398 3278; x_wconf 82' lang='lat' dir='ltr'><strong>remotam?</strong></span> <span class='ocrx_word' id='word_1_246' title='bbox 1436 3223 1542 3279; x_wconf 89' lang='lat' dir='ltr'><strong>Sed</strong></span> <span class='ocrx_word' id='word_1_247' title='bbox 1580 3234 1800 3294; x_wconf 89' lang='lat' dir='ltr'><strong>utraque</strong></span> <span class='ocrx_word' id='word_1_248' title='bbox 1848 3223 1936 3281; x_wconf 89' lang='lat' dir='ltr'><strong>ille</strong></span> 
     </span>
    </p>
   </div>
   <div class='ocr_carea' id='block_1_33' title="bbox 352 3315 1931 3385">
    <p class='ocr_par' dir='ltr' id='par_1_33' title="bbox 352 3315 1931 3385">
     <span class='ocr_line' id='line_1_33' title="bbox 352 3315 1931 3385; baseline -0.001 -16"><span class='ocrx_word' id='word_1_249' title='bbox 352 3330 564 3369; x_wconf 87' lang='lat' dir='ltr'><strong>summo</strong></span> <span class='ocrx_word' id='word_1_250' title='bbox 592 3330 774 3370; x_wconf 92' lang='lat' dir='ltr'><strong>amore</strong></span> <span class='ocrx_word' id='word_1_251' title='bbox 803 3315 946 3370; x_wconf 89' lang='lat' dir='ltr'><strong>facit.</strong></span> <span class='ocrx_word' id='word_1_252' title='bbox 979 3316 1088 3370; x_wconf 88' lang='lat' dir='ltr'><strong>Cur</strong></span> <span class='ocrx_word' id='word_1_253' title='bbox 1117 3315 1260 3370; x_wconf 91' lang='lat' dir='ltr'><strong>enim</strong></span> <span class='ocrx_word' id='word_1_254' title='bbox 1291 3329 1389 3370; x_wconf 88' lang='lat' dir='ltr'><strong>nos</strong></span> <span class='ocrx_word' id='word_1_255' title='bbox 1431 3316 1612 3370; x_wconf 82' lang='lat' dir='ltr'><strong>vexari</strong></span> <span class='ocrx_word' id='word_1_256' title='bbox 1652 3315 1931 3385; x_wconf 88' lang='lat' dir='ltr'><strong>permittit,</strong></span> 
     </span>
    </p>
   </div>
   <div class='ocr_carea' id='block_1_34' title="bbox 354 3407 1933 3478">
    <p class='ocr_par' dir='ltr' id='par_1_34' title="bbox 354 3407 1933 3478">
     <span class='ocr_line' id='line_1_34' title="bbox 354 3407 1933 3478; baseline 0.001 -17"><span class='ocrx_word' id='word_1_257' title='bbox 354 3423 454 3463; x_wconf 88' lang='lat' dir='ltr'><strong>nec</strong></span> <span class='ocrx_word' id='word_1_258' title='bbox 483 3409 624 3464; x_wconf 89' lang='lat' dir='ltr'><strong>illico</strong></span> <span class='ocrx_word' id='word_1_259' title='bbox 644 3408 894 3463; x_wconf 85' lang='lat' dir='ltr'><strong>auxilium</strong></span> <span class='ocrx_word' id='word_1_260' title='bbox 917 3408 1206 3463; x_wconf 87' lang='lat' dir='ltr'><strong>admovet?</strong></span> <span class='ocrx_word' id='word_1_261' title='bbox 1232 3407 1348 3475; x_wconf 90' lang='lat' dir='ltr'><strong>Qua</strong></span> <span class='ocrx_word' id='word_1_262' title='bbox 1360 3407 1425 3463; x_wconf 90' lang='lat' dir='ltr'><strong>de</strong></span> <span class='ocrx_word' id='word_1_263' title='bbox 1451 3409 1647 3463; x_wconf 81' lang='lat' dir='ltr'><strong>causa?</strong></span> <span class='ocrx_word' id='word_1_264' title='bbox 1677 3407 1744 3464; x_wconf 88' lang='lat' dir='ltr'><strong>Ut</strong></span> <span class='ocrx_word' id='word_1_265' title='bbox 1761 3409 1933 3478; x_wconf 92' lang='lat' dir='ltr'><strong>ipsum</strong></span> 
     </span>
    </p>
   </div>
   <div class='ocr_carea' id='block_1_35' title="bbox 353 3499 1928 3571">
    <p class='ocr_par' dir='ltr' id='par_1_35' title="bbox 353 3499 1928 3571">
     <span class='ocr_line' id='line_1_35' title="bbox 353 3499 1928 3571; baseline 0.002 -20"><span class='ocrx_word' id='word_1_266' title='bbox 353 3499 564 3554; x_wconf 86' lang='lat' dir='ltr'><strong>assidue</strong></span> <span class='ocrx_word' id='word_1_267' title='bbox 584 3499 868 3564; x_wconf 89' lang='lat' dir='ltr'><strong>adeamus,</strong></span> <span class='ocrx_word' id='word_1_268' title='bbox 894 3499 1008 3570; x_wconf 87' lang='lat' dir='ltr'><strong>ejus</strong></span> <span class='ocrx_word' id='word_1_269' title='bbox 1037 3500 1364 3569; x_wconf 89' lang='lat' dir='ltr'><strong>postulantes</strong></span> <span class='ocrx_word' id='word_1_270' title='bbox 1393 3515 1548 3571; x_wconf 89' lang='lat' dir='ltr'><strong>opem</strong></span> <span class='ocrx_word' id='word_1_271' title='bbox 1579 3541 1593 3566; x_wconf 92' lang='lat'><strong>,</strong></span> <span class='ocrx_word' id='word_1_272' title='bbox 1623 3499 1690 3554; x_wconf 93' lang='lat' dir='ltr'><strong>ad</strong></span> <span class='ocrx_word' id='word_1_273' title='bbox 1731 3499 1928 3569; x_wconf 66' lang='lat' dir='ltr'><strong>ipsumo</strong></span> 
     </span>
    </p>
   </div>
   <div class='ocr_carea' id='block_1_36' title="bbox 353 3589 1933 3662">
    <p class='ocr_par' dir='ltr' id='par_1_36' title="bbox 353 3589 1933 3662">
     <span class='ocr_line' id='line_1_36' title="bbox 353 3589 1933 3662; baseline 0.004 -22"><span class='ocrx_word' id='word_1_274' title='bbox 353 3605 456 3658; x_wconf 88' lang='lat' dir='ltr'><strong>que</strong></span> <span class='ocrx_word' id='word_1_275' title='bbox 483 3590 864 3662; x_wconf 78' lang='lat' dir='ltr'><strong>confugiamus,</strong></span> <span class='ocrx_word' id='word_1_276' title='bbox 890 3599 944 3645; x_wconf 93' lang='lat' dir='ltr'><strong>et</strong></span> <span class='ocrx_word' id='word_1_277' title='bbox 967 3589 1272 3660; x_wconf 88' lang='lat' dir='ltr'><strong>frequenter</strong></span> <span class='ocrx_word' id='word_1_278' title='bbox 1292 3591 1465 3660; x_wconf 89' lang='lat' dir='ltr'><strong>ipsum</strong></span> <span class='ocrx_word' id='word_1_279' title='bbox 1479 3590 1548 3646; x_wconf 92' lang='lat' dir='ltr'><strong>ad</strong></span> <span class='ocrx_word' id='word_1_280' title='bbox 1567 3590 1819 3646; x_wconf 88' lang='lat' dir='ltr'><strong>auxilium</strong></span> <span class='ocrx_word' id='word_1_281' title='bbox 1836 3606 1933 3646; x_wconf 49' lang='lat' dir='ltr'><strong>vo.</strong></span> 
     </span>
    </p>
   </div>
   <div class='ocr_carea' id='block_1_37' title="bbox 353 3680 1930 3752">
    <p class='ocr_par' dir='ltr' id='par_1_37' title="bbox 353 3680 1930 3752">
     <span class='ocr_line' id='line_1_37' title="bbox 353 3680 1930 3752; baseline 0.001 -18"><span class='ocrx_word' id='word_1_282' title='bbox 353 3695 556 3735; x_wconf 81' lang='lat' dir='ltr'><strong>cemus.</strong></span> <span class='ocrx_word' id='word_1_283' title='bbox 583 3680 706 3736; x_wconf 86' lang='lat' dir='ltr'><strong>ideo</strong></span> <span class='ocrx_word' id='word_1_284' title='bbox 721 3682 960 3752; x_wconf 88' lang='lat' dir='ltr'><strong>corporis</strong></span> <span class='ocrx_word' id='word_1_285' title='bbox 981 3681 1212 3748; x_wconf 83' lang='lat' dir='ltr'><strong>dolores,</strong></span> <span class='ocrx_word' id='word_1_286' title='bbox 1233 3682 1353 3737; x_wconf 84' lang='lat' dir='ltr'><strong>ideo</strong></span> <span class='ocrx_word' id='word_1_287' title='bbox 1369 3683 1604 3752; x_wconf 73' lang='lat' dir='ltr'><strong>penuria:</strong></span> <span class='ocrx_word' id='word_1_288' title='bbox 1635 3682 1894 3738; x_wconf 84' lang='lat' dir='ltr'><strong>fructuum</strong></span> <span class='ocrx_word' id='word_1_289' title='bbox 1915 3724 1930 3750; x_wconf 93' lang='lat'><strong>,</strong></span> 
     </span>
    </p>
   </div>
   <div class='ocr_carea' id='block_1_38' title="bbox 357 3773 1933 3845">
    <p class='ocr_par' dir='ltr' id='par_1_38' title="bbox 357 3773 1933 3845">
     <span class='ocr_line' id='line_1_38' title="bbox 357 3773 1933 3845; baseline 0.002 -19"><span class='ocrx_word' id='word_1_290' title='bbox 357 3773 478 3829; x_wconf 86' lang='lat' dir='ltr'><strong>ideo</strong></span> <span class='ocrx_word' id='word_1_291' title='bbox 498 3773 698 3828; x_wconf 88' lang='lat' dir='ltr'><strong>fames:</strong></span> <span class='ocrx_word' id='word_1_292' title='bbox 729 3783 783 3828; x_wconf 91' lang='lat' dir='ltr'><strong>ut</strong></span> <span class='ocrx_word' id='word_1_293' title='bbox 809 3790 876 3829; x_wconf 86' lang='lat' dir='ltr'><strong>cx</strong></span> <span class='ocrx_word' id='word_1_294' title='bbox 899 3774 981 3830; x_wconf 89' lang='lat' dir='ltr'><strong>his</strong></span> <span class='ocrx_word' id='word_1_295' title='bbox 992 3775 1242 3830; x_wconf 77' lang='lat' dir='ltr'><strong>aerumnis</strong></span> <span class='ocrx_word' id='word_1_296' title='bbox 1268 3778 1334 3830; x_wconf 88' lang='lat' dir='ltr'><strong>ab</strong></span> <span class='ocrx_word' id='word_1_297' title='bbox 1357 3775 1446 3829; x_wconf 90' lang='lat' dir='ltr'><strong>illo</strong></span> <span class='ocrx_word' id='word_1_298' title='bbox 1467 3789 1678 3844; x_wconf 88' lang='lat' dir='ltr'><strong>semper</strong></span> <span class='ocrx_word' id='word_1_299' title='bbox 1699 3773 1933 3845; x_wconf 91' lang='lat' dir='ltr'><strong>pendea-</strong></span> 
     </span>
    </p>
   </div>
   <div class='ocr_carea' id='block_1_39' title="bbox 356 3865 1937 3936">
    <p class='ocr_par' dir='ltr' id='par_1_39' title="bbox 356 3865 1937 3936">
     <span class='ocr_line' id='line_1_39' title="bbox 356 3865 1937 3936; baseline 0.001 -19"><span class='ocrx_word' id='word_1_300' title='bbox 356 3879 474 3919; x_wconf 91' lang='lat' dir='ltr'><strong>mus</strong></span> <span class='ocrx_word' id='word_1_301' title='bbox 498 3905 513 3928; x_wconf 94' lang='lat'><strong>,</strong></span> <span class='ocrx_word' id='word_1_302' title='bbox 545 3873 702 3935; x_wconf 86' lang='lat' dir='ltr'><strong>atque</strong></span> <span class='ocrx_word' id='word_1_303' title='bbox 731 3865 809 3918; x_wconf 90' lang='lat' dir='ltr'><strong>sic</strong></span> <span class='ocrx_word' id='word_1_304' title='bbox 836 3881 930 3935; x_wconf 91' lang='lat' dir='ltr'><strong>per</strong></span> <span class='ocrx_word' id='word_1_305' title='bbox 960 3865 1281 3936; x_wconf 87' lang='lat' dir='ltr'><strong>temporales</strong></span> <span class='ocrx_word' id='word_1_306' title='bbox 1305 3880 1569 3920; x_wconf 86' lang='lat' dir='ltr'><strong>aerumnas</strong></span> <span class='ocrx_word' id='word_1_307' title='bbox 1592 3865 1753 3920; x_wconf 91' lang='lat' dir='ltr'><strong>vitam</strong></span> <span class='ocrx_word' id='word_1_308' title='bbox 1780 3874 1937 3920; x_wconf 77' lang='lat' dir='ltr'><strong>aeter-</strong></span> 
     </span>
    </p>
   </div>
   <div class='ocr_carea' id='block_1_40' title="bbox 355 3957 1935 4029">
    <p class='ocr_par' dir='ltr' id='par_1_40' title="bbox 355 3957 1935 4029">
     <span class='ocr_line' id='line_1_40' title="bbox 355 3957 1935 4029; baseline 0.001 -18"><span class='ocrx_word' id='word_1_309' title='bbox 355 3973 476 4011; x_wconf 89' lang='lat' dir='ltr'><strong>nam</strong></span> <span class='ocrx_word' id='word_1_310' title='bbox 527 3958 577 4011; x_wconf 95' lang='lat' dir='ltr'><strong>in</strong></span> <span class='ocrx_word' id='word_1_311' title='bbox 624 3957 988 4014; x_wconf 74' lang='lat' dir='ltr'><strong>hzereditatem</strong></span> <span class='ocrx_word' id='word_1_312' title='bbox 1043 3973 1450 4029; x_wconf 88' lang='lat' dir='ltr'><strong>consequamur.</strong></span> <span class='ocrx_word' id='word_1_313' title='bbox 1499 3957 1680 4028; x_wconf 83' lang='lat' dir='ltr'><strong>Itaque</strong></span> <span class='ocrx_word' id='word_1_314' title='bbox 1717 3972 1814 4027; x_wconf 87' lang='lat' dir='ltr'><strong>pro</strong></span> <span class='ocrx_word' id='word_1_315' title='bbox 1851 3958 1935 4014; x_wconf 89' lang='lat' dir='ltr'><strong>his</strong></span> 
     </span>
    </p>
   </div>
   <div class='ocr_carea' id='block_1_41' title="bbox 360 4051 1935 4123">
    <p class='ocr_par' dir='ltr' id='par_1_41' title="bbox 360 4051 1935 4123">
     <span class='ocr_line' id='line_1_41' title="bbox 360 4051 1935 4123; baseline 0.003 -21"><span class='ocrx_word' id='word_1_316' title='bbox 360 4051 516 4104; x_wconf 84' lang='lat' dir='ltr'><strong>etiam</strong></span> <span class='ocrx_word' id='word_1_317' title='bbox 548 4051 658 4106; x_wconf 92' lang='lat' dir='ltr'><strong>Deo</strong></span> <span class='ocrx_word' id='word_1_318' title='bbox 685 4053 883 4121; x_wconf 76' lang='lat' dir='ltr'><strong>gratias</strong></span> <span class='ocrx_word' id='word_1_319' title='bbox 911 4067 1069 4123; x_wconf 90' lang='lat' dir='ltr'><strong>agere</strong></span> <span class='ocrx_word' id='word_1_320' title='bbox 1109 4052 1364 4108; x_wconf 88' lang='lat' dir='ltr'><strong>debemus</strong></span> <span class='ocrx_word' id='word_1_321' title='bbox 1387 4094 1403 4118; x_wconf 94' lang='lat'><strong>,</strong></span> <span class='ocrx_word' id='word_1_322' title='bbox 1431 4053 1522 4122; x_wconf 91' lang='lat' dir='ltr'><strong>qui</strong></span> <span class='ocrx_word' id='word_1_323' title='bbox 1557 4051 1738 4107; x_wconf 89' lang='lat' dir='ltr'><strong>multis</strong></span> <span class='ocrx_word' id='word_1_324' title='bbox 1761 4052 1935 4107; x_wconf 90' lang='lat' dir='ltr'><strong>modis</strong></span> 
     </span>
    </p>
   </div>
   <div class='ocr_carea' id='block_1_42' title="bbox 361 4135 1936 4200">
    <p class='ocr_par' dir='ltr' id='par_1_42' title="bbox 361 4135 1936 4200">
     <span class='ocr_line' id='line_1_42' title="bbox 361 4135 1936 4200; baseline 0.001 -5"><span class='ocrx_word' id='word_1_325' title='bbox 361 4143 642 4198; x_wconf 81' lang='lat' dir='ltr'><strong>sanitatem</strong></span> <span class='ocrx_word' id='word_1_326' title='bbox 670 4153 721 4198; x_wconf 91' lang='lat' dir='ltr'><strong>et</strong></span> <span class='ocrx_word' id='word_1_327' title='bbox 744 4143 968 4198; x_wconf 84' lang='lat' dir='ltr'><strong>salutem</strong></span> <span class='ocrx_word' id='word_1_328' title='bbox 993 4135 1198 4200; x_wconf 59' lang='lat' dir='ltr'><strong>cohfert</strong></span> <span class='ocrx_word' id='word_1_329' title='bbox 1225 4144 1499 4199; x_wconf 88' lang='lat' dir='ltr'><strong>animabus</strong></span> <span class='ocrx_word' id='word_1_330' title='bbox 1516 4145 1731 4199; x_wconf 87' lang='lat' dir='ltr'><strong>nostris.</strong></span> <span class='ocrx_word' id='word_1_331' title='bbox 1760 4143 1936 4198; x_wconf 85' lang='lat' dir='ltr'><strong>Homi-</strong></span> 
     </span>
    </p>
   </div>
   <div class='ocr_carea' id='block_1_43' title="bbox 357 4235 1928 4306">
    <p class='ocr_par' dir='ltr' id='par_1_43' title="bbox 357 4235 1928 4306">
     <span class='ocr_line' id='line_1_43' title="bbox 357 4235 1928 4306; baseline 0.001 -16"><span class='ocrx_word' id='word_1_332' title='bbox 357 4251 450 4290; x_wconf 88' lang='lat' dir='ltr'><strong>nes</strong></span> <span class='ocrx_word' id='word_1_333' title='bbox 477 4235 617 4289; x_wconf 91' lang='lat' dir='ltr'><strong>cnim</strong></span> <span class='ocrx_word' id='word_1_334' title='bbox 659 4235 704 4289; x_wconf 90' lang='lat' dir='ltr'><strong>si</strong></span> <span class='ocrx_word' id='word_1_335' title='bbox 746 4236 1023 4290; x_wconf 86' lang='lat' dir='ltr'><strong>minimum</strong></span> <span class='ocrx_word' id='word_1_336' title='bbox 1054 4237 1322 4306; x_wconf 87' lang='lat' dir='ltr'><strong>quidpiam</strong></span> <span class='ocrx_word' id='word_1_337' title='bbox 1352 4237 1504 4292; x_wconf 91' lang='lat' dir='ltr'><strong>nobis</strong></span> <span class='ocrx_word' id='word_1_338' title='bbox 1528 4236 1770 4292; x_wconf 84' lang='lat' dir='ltr'><strong>beneficii</strong></span> <span class='ocrx_word' id='word_1_339' title='bbox 1799 4252 1928 4292; x_wconf 89' lang='lat' dir='ltr'><strong>con-</strong></span> 
     </span>
    </p>
   </div>
   <div class='ocr_carea' id='block_1_44' title="bbox 358 4325 1934 4398">
    <p class='ocr_par' dir='ltr' id='par_1_44' title="bbox 358 4325 1934 4398">
     <span class='ocr_line' id='line_1_44' title="bbox 358 4325 1934 4398; baseline 0.005 -21"><span class='ocrx_word' id='word_1_340' title='bbox 358 4325 609 4391; x_wconf 88' lang='lat' dir='ltr'><strong>tulerint,</strong></span> <span class='ocrx_word' id='word_1_341' title='bbox 639 4327 807 4396; x_wconf 86' lang='lat' dir='ltr'><strong>iisque</strong></span> <span class='ocrx_word' id='word_1_342' title='bbox 834 4339 1016 4397; x_wconf 88' lang='lat' dir='ltr'><strong>postea</strong></span> <span class='ocrx_word' id='word_1_343' title='bbox 1036 4327 1119 4382; x_wconf 89' lang='lat' dir='ltr'><strong>vel</strong></span> <span class='ocrx_word' id='word_1_344' title='bbox 1145 4327 1294 4382; x_wconf 89' lang='lat' dir='ltr'><strong>inviti</strong></span> <span class='ocrx_word' id='word_1_345' title='bbox 1323 4329 1709 4398; x_wconf 87' lang='lat' dir='ltr'><strong>aliquantulum</strong></span> <span class='ocrx_word' id='word_1_346' title='bbox 1767 4330 1934 4386; x_wconf 88' lang='lat' dir='ltr'><strong>mole-</strong></span> 
     </span>
    </p>
   </div>
   <div class='ocr_carea' id='block_1_45' title="bbox 355 4417 1936 4490">
    <p class='ocr_par' dir='ltr' id='par_1_45' title="bbox 355 4417 1936 4490">
     <span class='ocr_line' id='line_1_45' title="bbox 355 4417 1936 4490; baseline 0.004 -18"><span class='ocrx_word' id='word_1_347' title='bbox 355 4417 470 4472; x_wconf 74' lang='lat' dir='ltr'><strong>stia:</strong></span> <span class='ocrx_word' id='word_1_348' title='bbox 499 4417 779 4472; x_wconf 82' lang='lat' dir='ltr'><strong>aﬂ‘eramus</strong></span> <span class='ocrx_word' id='word_1_349' title='bbox 800 4460 814 4483; x_wconf 93' lang='lat'><strong>,</strong></span> <span class='ocrx_word' id='word_1_350' title='bbox 843 4419 1021 4474; x_wconf 85' lang='lat' dir='ltr'><strong>statim</strong></span> <span class='ocrx_word' id='word_1_351' title='bbox 1058 4421 1384 4488; x_wconf 87' lang='lat' dir='ltr'><strong>exprobrant</strong></span> <span class='ocrx_word' id='word_1_352' title='bbox 1410 4420 1750 4490; x_wconf 82' lang='lat' dir='ltr'><strong>beneficium,</strong></span> <span class='ocrx_word' id='word_1_353' title='bbox 1780 4424 1850 4477; x_wconf 91' lang='lat' dir='ltr'><strong>ita</strong></span> <span class='ocrx_word' id='word_1_354' title='bbox 1876 4430 1936 4478; x_wconf 88' lang='lat' dir='ltr'><strong>ut</strong></span> 
     </span>
    </p>
   </div>
   <div class='ocr_carea' id='block_1_46' title="bbox 356 4510 1929 4584">
    <p class='ocr_par' dir='ltr' id='par_1_46' title="bbox 356 4510 1929 4584">
     <span class='ocr_line' id='line_1_46' title="bbox 356 4510 1929 4584; baseline 0.005 -22"><span class='ocrx_word' id='word_1_355' title='bbox 356 4510 504 4563; x_wconf 91' lang='lat' dir='ltr'><strong>multi</strong></span> <span class='ocrx_word' id='word_1_356' title='bbox 533 4510 636 4565; x_wconf 89' lang='lat' dir='ltr'><strong>sibi</strong></span> <span class='ocrx_word' id='word_1_357' title='bbox 664 4511 793 4580; x_wconf 88' lang='lat' dir='ltr'><strong>ipsis</strong></span> <span class='ocrx_word' id='word_1_358' title='bbox 829 4511 1146 4567; x_wconf 88' lang='lat' dir='ltr'><strong>maledicant</strong></span> <span class='ocrx_word' id='word_1_359' title='bbox 1179 4554 1194 4579; x_wconf 92' lang='lat'><strong>,</strong></span> <span class='ocrx_word' id='word_1_360' title='bbox 1222 4512 1364 4584; x_wconf 85' lang='lat' dir='ltr'><strong>quod</strong></span> <span class='ocrx_word' id='word_1_361' title='bbox 1398 4515 1465 4569; x_wconf 92' lang='lat' dir='ltr'><strong>ab</strong></span> <span class='ocrx_word' id='word_1_362' title='bbox 1505 4514 1572 4569; x_wconf 90' lang='lat' dir='ltr'><strong>iis</strong></span> <span class='ocrx_word' id='word_1_363' title='bbox 1613 4516 1929 4570; x_wconf 83' lang='lat' dir='ltr'><strong>beneficium</strong></span> 
     </span>
    </p>
   </div>
   <div class='ocr_carea' id='block_1_47' title="bbox 355 4601 1930 4671">
    <p class='ocr_par' dir='ltr' id='par_1_47' title="bbox 355 4601 1930 4671">
     <span class='ocr_line' id='line_1_47' title="bbox 355 4601 1930 4671; baseline 0.006 -18"><span class='ocrx_word' id='word_1_364' title='bbox 355 4601 578 4669; x_wconf 68' lang='lat' dir='ltr'><strong>quodvis</strong></span> <span class='ocrx_word' id='word_1_365' title='bbox 603 4604 936 4671; x_wconf 89' lang='lat' dir='ltr'><strong>acceperint:</strong></span> <span class='ocrx_word' id='word_1_366' title='bbox 973 4605 1107 4659; x_wconf 91' lang='lat' dir='ltr'><strong>Deus</strong></span> <span class='ocrx_word' id='word_1_367' title='bbox 1147 4620 1276 4660; x_wconf 87' lang='lat' dir='ltr'><strong>vero</strong></span> <span class='ocrx_word' id='word_1_368' title='bbox 1305 4621 1420 4660; x_wconf 87' lang='lat' dir='ltr'><strong>non.</strong></span> <span class='ocrx_word' id='word_1_369' title='bbox 1456 4607 1566 4671; x_wconf 91' lang='lat' dir='ltr'><strong>sic;</strong></span> <span class='ocrx_word' id='word_1_370' title='bbox 1595 4608 1690 4663; x_wconf 82' lang='lat' dir='ltr'><strong>sed</strong></span> <span class='ocrx_word' id='word_1_371' title='bbox 1739 4609 1930 4664; x_wconf 89' lang='lat' dir='ltr'><strong>etiam-</strong></span> 
     </span>
    </p>
   </div>
   <div class='ocr_carea' id='block_1_48' title="bbox 403 4737 602 4744">
    <p class='ocr_par' dir='ltr' id='par_1_48' title="bbox 403 4737 602 4744">
     <span class='ocr_line' id='line_1_48' title="bbox 403 4737 602 4744; baseline 0.01 -2"><span class='ocrx_word' id='word_1_372' title='bbox 403 4737 602 4744; x_wconf 55' lang='lat'><strong>~—</strong></span> 
     </span>
    </p>
   </div>
   <div class='ocr_carea' id='block_1_49' title="bbox 1219 4740 1470 4748">
    <p class='ocr_par' dir='ltr' id='par_1_49' title="bbox 1219 4740 1470 4748">
     <span class='ocr_line' id='line_1_49' title="bbox 1219 4740 1470 4748; baseline 0.004 -1"><span class='ocrx_word' id='word_1_373' title='bbox 1219 4740 1470 4748; x_wconf 39' lang='grc' dir='ltr'><strong>..τυ-...ῃ</strong></span> 
     </span>
    </p>
   </div>
   <div class='ocr_carea' id='block_1_50' title="bbox 1577 4743 1844 4750">
    <p class='ocr_par' dir='ltr' id='par_1_50' title="bbox 1577 4743 1844 4750">
     <span class='ocr_line' id='line_1_50' title="bbox 1577 4743 1844 4750; baseline 0.007 -2"><span class='ocrx_word' id='word_1_374' title='bbox 1577 4743 1844 4750; x_wconf 49' lang='grc' dir='ltr'><strong>-φο--ς</strong></span> 
     </span>
    </p>
   </div>
   <div class='ocr_carea' id='block_1_51' title="bbox 1534 262 2502 335">
    <p class='ocr_par' dir='ltr' id='par_1_51' title="bbox 1534 262 2502 335">
     <span class='ocr_line' id='line_1_51' title="bbox 1534 262 2502 335; baseline -0.003 -3"><span class='ocrx_word' id='word_1_375' title='bbox 1534 275 1620 332; x_wconf 74' lang='lat' dir='ltr'><strong>DE</strong></span> <span class='ocrx_word' id='word_1_376' title='bbox 1659 262 2123 332; x_wconf 68' lang='grc' dir='ltr'><strong>ΝΕΝιτΕΝτιΑ.</strong></span> <span class='ocrx_word' id='word_1_377' title='bbox 2166 275 2392 334; x_wconf 83' lang='lat' dir='ltr'><strong>ttontL.</strong></span> <span class='ocrx_word' id='word_1_378' title='bbox 2435 278 2502 335; x_wconf 72' lang='grc' dir='ltr'><strong>η.</strong></span> 
     </span>
    </p>
   </div>
   <div class='ocr_carea' id='block_1_52' title="bbox 1845 4743 2062 4750">
    <p class='ocr_par' dir='ltr' id='par_1_52' title="bbox 1845 4743 2062 4750">
     <span class='ocr_line' id='line_1_52' title="bbox 1845 4743 2062 4750; baseline -0.009 0"><span class='ocrx_word' id='word_1_379' title='bbox 1845 4743 2062 4750; x_wconf 57' lang='lat' dir='ltr'><strong>m</strong></span> 
     </span>
    </p>
   </div>
   <div class='ocr_carea' id='block_1_53' title="bbox 3490 282 3592 338">
    <p class='ocr_par' dir='ltr' id='par_1_53' title="bbox 3490 282 3592 338">
     <span class='ocr_line' id='line_1_53' title="bbox 3490 282 3592 338; baseline 0 0"><span class='ocrx_word' id='word_1_380' title='bbox 3490 282 3592 338; x_wconf 73' lang='lat'><strong>806</strong></span> 
     </span>
    </p>
   </div>
   <div class='ocr_carea' id='block_1_54' title="bbox 2021 388 3595 461">
    <p class='ocr_par' dir='ltr' id='par_1_54' title="bbox 2021 388 3595 461">
     <span class='ocr_line' id='line_1_54' title="bbox 2021 388 3595 461; baseline 0.004 -18"><span class='ocrx_word' id='word_1_381' title='bbox 2021 389 2066 444; x_wconf 83' lang='lat' dir='ltr'><strong>si</strong></span> <span class='ocrx_word' id='word_1_382' title='bbox 2096 389 2270 444; x_wconf 85' lang='lat' dir='ltr'><strong>statim</strong></span> <span class='ocrx_word' id='word_1_383' title='bbox 2317 397 2438 461; x_wconf 88' lang='lat' dir='ltr'><strong>post</strong></span> <span class='ocrx_word' id='word_1_384' title='bbox 2475 390 2666 447; x_wconf 80' lang='lat' dir='ltr'><strong>collata</strong></span> <span class='ocrx_word' id='word_1_385' title='bbox 2702 388 2958 448; x_wconf 80' lang='lat' dir='ltr'><strong>beneficia</strong></span> <span class='ocrx_word' id='word_1_386' title='bbox 2999 401 3366 450; x_wconf 87' lang='lat' dir='ltr'><strong>contemnatur</strong></span> <span class='ocrx_word' id='word_1_387' title='bbox 3394 393 3595 450; x_wconf 78' lang='lat' dir='ltr'><strong>afﬁcia-</strong></span> 
     </span>
    </p>
   </div>
   <div class='ocr_carea' id='block_1_55' title="bbox 2022 481 3596 556">
    <p class='ocr_par' dir='ltr' id='par_1_55' title="bbox 2022 481 3596 556">
     <span class='ocr_line' id='line_1_55' title="bbox 2022 481 3596 556; baseline 0.004 -22"><span class='ocrx_word' id='word_1_388' title='bbox 2022 490 2213 550; x_wconf 72' lang='lat' dir='ltr'><strong>tnrque</strong></span> <span class='ocrx_word' id='word_1_389' title='bbox 2259 483 2578 538; x_wconf 88' lang='lat' dir='ltr'><strong>contumelia</strong></span> <span class='ocrx_word' id='word_1_390' title='bbox 2598 523 2614 550; x_wconf 95' lang='lat'><strong>,</strong></span> <span class='ocrx_word' id='word_1_391' title='bbox 2645 481 2818 539; x_wconf 89' lang='lat' dir='ltr'><strong>adhuc</strong></span> <span class='ocrx_word' id='word_1_392' title='bbox 2845 497 2966 540; x_wconf 77' lang='lat' dir='ltr'><strong>sese</strong></span> <span class='ocrx_word' id='word_1_393' title='bbox 2990 493 3178 554; x_wconf 88' lang='lat' dir='ltr'><strong>purgat</strong></span> <span class='ocrx_word' id='word_1_394' title='bbox 3206 526 3221 550; x_wconf 90' lang='lat'><strong>,</strong></span> <span class='ocrx_word' id='word_1_395' title='bbox 3258 485 3596 556; x_wconf 82' lang='lat' dir='ltr'><strong>rationesque</strong></span> 
     </span>
    </p>
   </div>
   <div class='ocr_carea' id='block_1_56' title="bbox 2022 572 3593 645">
    <p class='ocr_par' dir='ltr' id='par_1_56' title="bbox 2022 572 3593 645">
     <span class='ocr_line' id='line_1_56' title="bbox 2022 572 3593 645; baseline 0.002 -18"><span class='ocrx_word' id='word_1_396' title='bbox 2022 572 2118 628; x_wconf 91' lang='lat' dir='ltr'><strong>init</strong></span> <span class='ocrx_word' id='word_1_397' title='bbox 2147 590 2266 629; x_wconf 91' lang='lat' dir='ltr'><strong>cum</strong></span> <span class='ocrx_word' id='word_1_398' title='bbox 2296 575 2359 629; x_wconf 91' lang='lat' dir='ltr'><strong>iis</strong></span> <span class='ocrx_word' id='word_1_399' title='bbox 2381 617 2397 640; x_wconf 92' lang='lat'><strong>,</strong></span> <span class='ocrx_word' id='word_1_400' title='bbox 2426 575 2514 645; x_wconf 87' lang='lat' dir='ltr'><strong>qui</strong></span> <span class='ocrx_word' id='word_1_401' title='bbox 2561 590 2620 630; x_wconf 91' lang='lat' dir='ltr'><strong>se</strong></span> <span class='ocrx_word' id='word_1_402' title='bbox 2666 576 2855 645; x_wconf 90' lang='lat' dir='ltr'><strong>injuria</strong></span> <span class='ocrx_word' id='word_1_403' title='bbox 2901 575 3191 632; x_wconf 69' lang='lat' dir='ltr'><strong>affecerunt</strong></span> <span class='ocrx_word' id='word_1_404' title='bbox 3214 617 3230 642; x_wconf 92' lang='lat'><strong>,</strong></span> <span class='ocrx_word' id='word_1_405' title='bbox 3261 577 3340 631; x_wconf 88' lang='lat' dir='ltr'><strong>his</strong></span> <span class='ocrx_word' id='word_1_406' title='bbox 3380 578 3593 632; x_wconf 82' lang='lat' dir='ltr'><strong>verbis:</strong></span> 
     </span>
    </p>
   </div>
   <div class='ocr_carea' id='block_1_57' title="bbox 2026 663 3592 738">
    <p class='ocr_par' dir='ltr' id='par_1_57' title="bbox 2026 663 3592 738">
     <span class='ocr_line' id='line_1_57' title="bbox 2026 663 3592 738; baseline 0.004 -22"><span class='ocrx_word' id='word_1_407' title='bbox 2026 663 2223 736; x_wconf 84' lang='lat' dir='ltr'><strong>Popttle</strong></span> <span class='ocrx_word' id='word_1_408' title='bbox 2243 683 2401 732; x_wconf 85' lang='lat' dir='ltr'><strong>meus,</strong></span> <span class='ocrx_word' id='word_1_409' title='bbox 2423 665 2544 737; x_wconf 88' lang='lat' dir='ltr'><strong>quid</strong></span> <span class='ocrx_word' id='word_1_410' title='bbox 2564 667 2660 736; x_wconf 76' lang='lat' dir='ltr'><strong>feci</strong></span> <span class='ocrx_word' id='word_1_411' title='bbox 2685 666 2773 719; x_wconf 83' lang='lat' dir='ltr'><strong>tibi</strong></span> <span class='ocrx_word' id='word_1_412' title='bbox 2799 665 2983 737; x_wconf 71' lang='lat' dir='ltr'><strong>(mea.</strong></span> <span class='ocrx_word' id='word_1_413' title='bbox 3015 667 3068 722; x_wconf 88' lang='lat'><strong>6.</strong></span> <span class='ocrx_word' id='word_1_414' title='bbox 3093 667 3186 738; x_wconf 74' lang='lat'><strong>3)?</strong></span> <span class='ocrx_word' id='word_1_415' title='bbox 3215 668 3314 738; x_wconf 86' lang='lat' dir='ltr'><strong>Ipsi</strong></span> <span class='ocrx_word' id='word_1_416' title='bbox 3345 668 3592 723; x_wconf 83' lang='lat' dir='ltr'><strong>nolebant</strong></span> 
     </span>
    </p>
   </div>
   <div class='ocr_carea' id='block_1_58' title="bbox 2024 758 3591 829">
    <p class='ocr_par' dir='ltr' id='par_1_58' title="bbox 2024 758 3591 829">
     <span class='ocr_line' id='line_1_58' title="bbox 2024 758 3591 829; baseline 0.002 -18"><span class='ocrx_word' id='word_1_417' title='bbox 2024 774 2144 812; x_wconf 89' lang='lat' dir='ltr'><strong>cum</strong></span> <span class='ocrx_word' id='word_1_418' title='bbox 2177 774 2370 813; x_wconf 73' lang='lat' dir='ltr'><strong>vocare</strong></span> <span class='ocrx_word' id='word_1_419' title='bbox 2401 759 2566 812; x_wconf 90' lang='lat' dir='ltr'><strong>Deum</strong></span> <span class='ocrx_word' id='word_1_420' title='bbox 2597 798 2612 825; x_wconf 91' lang='lat'><strong>,</strong></span> <span class='ocrx_word' id='word_1_421' title='bbox 2643 758 2732 814; x_wconf 89' lang='lat' dir='ltr'><strong>ille</strong></span> <span class='ocrx_word' id='word_1_422' title='bbox 2765 774 2894 814; x_wconf 90' lang='lat' dir='ltr'><strong>vero</strong></span> <span class='ocrx_word' id='word_1_423' title='bbox 2921 774 3024 814; x_wconf 92' lang='lat' dir='ltr'><strong>non</strong></span> <span class='ocrx_word' id='word_1_424' title='bbox 3055 760 3296 814; x_wconf 86' lang='lat' dir='ltr'><strong>cessabat</strong></span> <span class='ocrx_word' id='word_1_425' title='bbox 3325 760 3466 828; x_wconf 89' lang='lat' dir='ltr'><strong>ipsos</strong></span> <span class='ocrx_word' id='word_1_426' title='bbox 3497 775 3591 829; x_wconf 52' lang='lat' dir='ltr'><strong>po.</strong></span> 
     </span>
    </p>
   </div>
   <div class='ocr_carea' id='block_1_59' title="bbox 2023 848 3595 919">
    <p class='ocr_par' dir='ltr' id='par_1_59' title="bbox 2023 848 3595 919">
     <span class='ocr_line' id='line_1_59' title="bbox 2023 848 3595 919; baseline 0.003 -20"><span class='ocrx_word' id='word_1_427' title='bbox 2023 849 2204 916; x_wconf 87' lang='lat' dir='ltr'><strong>pttlutn</strong></span> <span class='ocrx_word' id='word_1_428' title='bbox 2233 863 2385 902; x_wconf 87' lang='lat' dir='ltr'><strong>suum</strong></span> <span class='ocrx_word' id='word_1_429' title='bbox 2410 848 2718 904; x_wconf 88' lang='lat' dir='ltr'><strong>nominare:</strong></span> <span class='ocrx_word' id='word_1_430' title='bbox 2749 849 2848 919; x_wconf 90' lang='lat' dir='ltr'><strong>ipsi</strong></span> <span class='ocrx_word' id='word_1_431' title='bbox 2874 849 3163 904; x_wconf 87' lang='lat' dir='ltr'><strong>dominium</strong></span> <span class='ocrx_word' id='word_1_432' title='bbox 3194 851 3595 914; x_wconf 76' lang='lat' dir='ltr'><strong>detrectabant,</strong></span> 
     </span>
    </p>
   </div>
   <div class='ocr_carea' id='block_1_60' title="bbox 2023 941 3599 1006">
    <p class='ocr_par' dir='ltr' id='par_1_60' title="bbox 2023 941 3599 1006">
     <span class='ocr_line' id='line_1_60' title="bbox 2023 941 3599 1006; baseline 0.002 -12"><span class='ocrx_word' id='word_1_433' title='bbox 2023 941 2112 995; x_wconf 92' lang='lat' dir='ltr'><strong>ille</strong></span> <span class='ocrx_word' id='word_1_434' title='bbox 2141 955 2269 995; x_wconf 74' lang='lat' dir='ltr'><strong>vero</strong></span> <span class='ocrx_word' id='word_1_435' title='bbox 2295 957 2398 994; x_wconf 92' lang='lat' dir='ltr'><strong>non</strong></span> <span class='ocrx_word' id='word_1_436' title='bbox 2428 941 2654 1004; x_wconf 78' lang='lat' dir='ltr'><strong>negabat</strong></span> <span class='ocrx_word' id='word_1_437' title='bbox 2687 956 2781 996; x_wconf 93' lang='lat' dir='ltr'><strong>eos</strong></span> <span class='ocrx_word' id='word_1_438' title='bbox 2810 983 2825 1006; x_wconf 91' lang='lat'><strong>,</strong></span> <span class='ocrx_word' id='word_1_439' title='bbox 2855 941 2949 996; x_wconf 89' lang='lat' dir='ltr'><strong>sed</strong></span> <span class='ocrx_word' id='word_1_440' title='bbox 2981 951 3036 996; x_wconf 90' lang='lat' dir='ltr'><strong>ut</strong></span> <span class='ocrx_word' id='word_1_441' title='bbox 3061 957 3186 998; x_wconf 89' lang='lat' dir='ltr'><strong>suos</strong></span> <span class='ocrx_word' id='word_1_442' title='bbox 3214 943 3471 998; x_wconf 88' lang='lat' dir='ltr'><strong>tractabat</strong></span> <span class='ocrx_word' id='word_1_443' title='bbox 3499 984 3512 1006; x_wconf 88' lang='lat'><strong>.</strong></span> <span class='ocrx_word' id='word_1_444' title='bbox 3541 953 3599 1000; x_wconf 84' lang='lat' dir='ltr'><strong>et</strong></span> 
     </span>
    </p>
   </div>
   <div class='ocr_carea' id='block_1_61' title="bbox 2022 1031 3594 1106">
    <p class='ocr_par' dir='ltr' id='par_1_61' title="bbox 2022 1031 3594 1106">
     <span class='ocr_line' id='line_1_61' title="bbox 2022 1031 3594 1106; baseline 0.003 -22"><span class='ocrx_word' id='word_1_445' title='bbox 2022 1031 2086 1085; x_wconf 89' lang='lat' dir='ltr'><strong>ad</strong></span> <span class='ocrx_word' id='word_1_446' title='bbox 2113 1048 2171 1086; x_wconf 80' lang='lat' dir='ltr'><strong>se</strong></span> <span class='ocrx_word' id='word_1_447' title='bbox 2199 1031 2441 1087; x_wconf 87' lang='lat' dir='ltr'><strong>trahebat</strong></span> <span class='ocrx_word' id='word_1_448' title='bbox 2460 1032 2661 1096; x_wconf 88' lang='lat' dir='ltr'><strong>dicens,</strong></span> <span class='ocrx_word' id='word_1_449' title='bbox 2684 1031 2882 1104; x_wconf 81' lang='lat' dir='ltr'><strong>Papule</strong></span> <span class='ocrx_word' id='word_1_450' title='bbox 2905 1049 3064 1100; x_wconf 86' lang='lat' dir='ltr'><strong>meus,</strong></span> <span class='ocrx_word' id='word_1_451' title='bbox 3094 1033 3215 1104; x_wconf 84' lang='lat' dir='ltr'><strong>quid</strong></span> <span class='ocrx_word' id='word_1_452' title='bbox 3243 1035 3340 1106; x_wconf 76' lang='lat' dir='ltr'><strong>feci</strong></span> <span class='ocrx_word' id='word_1_453' title='bbox 3366 1033 3455 1088; x_wconf 85' lang='lat' dir='ltr'><strong>tibi</strong></span> <span class='ocrx_word' id='word_1_454' title='bbox 3465 1035 3491 1089; x_wconf 81' lang='lat'><strong>.’</strong></span> <span class='ocrx_word' id='word_1_455' title='bbox 3513 1037 3594 1088; x_wconf 84' lang='lat' dir='ltr'><strong>An</strong></span> 
     </span>
    </p>
   </div>
   <div class='ocr_carea' id='block_1_62' title="bbox 2025 1123 3600 1195">
    <p class='ocr_par' dir='ltr' id='par_1_62' title="bbox 2025 1123 3600 1195">
     <span class='ocr_line' id='line_1_62' title="bbox 2025 1123 3600 1195; baseline 0.004 -18"><span class='ocrx_word' id='word_1_456' title='bbox 2025 1123 2116 1178; x_wconf 92' lang='lat' dir='ltr'><strong>tibi</strong></span> <span class='ocrx_word' id='word_1_457' title='bbox 2147 1138 2406 1178; x_wconf 90' lang='lat' dir='ltr'><strong>onerosus</strong></span> <span class='ocrx_word' id='word_1_458' title='bbox 2431 1123 2537 1192; x_wconf 93' lang='lat' dir='ltr'><strong>fui,</strong></span> <span class='ocrx_word' id='word_1_459' title='bbox 2573 1125 2743 1195; x_wconf 89' lang='lat' dir='ltr'><strong>inquit</strong></span> <span class='ocrx_word' id='word_1_460' title='bbox 2771 1166 2786 1192; x_wconf 98' lang='lat'><strong>,</strong></span> <span class='ocrx_word' id='word_1_461' title='bbox 2815 1141 2883 1180; x_wconf 91' lang='lat' dir='ltr'><strong>an</strong></span> <span class='ocrx_word' id='word_1_462' title='bbox 2908 1127 3084 1195; x_wconf 84' lang='lat' dir='ltr'><strong>gravis</strong></span> <span class='ocrx_word' id='word_1_463' title='bbox 3125 1135 3179 1180; x_wconf 85' lang='lat' dir='ltr'><strong>et</strong></span> <span class='ocrx_word' id='word_1_464' title='bbox 3209 1127 3501 1183; x_wconf 88' lang='lat' dir='ltr'><strong>molestus?</strong></span> <span class='ocrx_word' id='word_1_465' title='bbox 3531 1129 3600 1184; x_wconf 82' lang='lat' dir='ltr'><strong>At</strong></span> 
     </span>
    </p>
   </div>
   <div class='ocr_carea' id='block_1_63' title="bbox 2025 1213 3600 1288">
    <p class='ocr_par' dir='ltr' id='par_1_63' title="bbox 2025 1213 3600 1288">
     <span class='ocr_line' id='line_1_63' title="bbox 2025 1213 3600 1288; baseline 0.005 -22"><span class='ocrx_word' id='word_1_466' title='bbox 2025 1213 2126 1268; x_wconf 91' lang='lat' dir='ltr'><strong>hoc</strong></span> <span class='ocrx_word' id='word_1_467' title='bbox 2154 1230 2256 1268; x_wconf 91' lang='lat' dir='ltr'><strong>non</strong></span> <span class='ocrx_word' id='word_1_468' title='bbox 2281 1225 2430 1282; x_wconf 86' lang='lat' dir='ltr'><strong>potes</strong></span> <span class='ocrx_word' id='word_1_469' title='bbox 2461 1215 2639 1270; x_wconf 88' lang='lat' dir='ltr'><strong>dicere</strong></span> <span class='ocrx_word' id='word_1_470' title='bbox 2665 1233 2677 1269; x_wconf 91' lang='lat'><strong>:</strong></span> <span class='ocrx_word' id='word_1_471' title='bbox 2711 1215 2835 1284; x_wconf 91' lang='lat' dir='ltr'><strong>quin</strong></span> <span class='ocrx_word' id='word_1_472' title='bbox 2866 1216 3072 1270; x_wconf 83' lang='lat' dir='ltr'><strong>etiamsi</strong></span> <span class='ocrx_word' id='word_1_473' title='bbox 3104 1215 3203 1271; x_wconf 85' lang='lat' dir='ltr'><strong>hoc</strong></span> <span class='ocrx_word' id='word_1_474' title='bbox 3233 1227 3394 1284; x_wconf 90' lang='lat' dir='ltr'><strong>esset,</strong></span> <span class='ocrx_word' id='word_1_475' title='bbox 3428 1234 3600 1288; x_wconf 84' lang='lat' dir='ltr'><strong>nequo</strong></span> 
     </span>
    </p>
   </div>
   <div class='ocr_carea' id='block_1_64' title="bbox 2023 1305 3603 1380">
    <p class='ocr_par' dir='ltr' id='par_1_64' title="bbox 2023 1305 3603 1380">
     <span class='ocr_line' id='line_1_64' title="bbox 2023 1305 3603 1380; baseline 0.003 -20"><span class='ocrx_word' id='word_1_476' title='bbox 2023 1305 2101 1360; x_wconf 88' lang='lat' dir='ltr'><strong>sic</strong></span> <span class='ocrx_word' id='word_1_477' title='bbox 2121 1305 2354 1375; x_wconf 90' lang='lat' dir='ltr'><strong>oportuit</strong></span> <span class='ocrx_word' id='word_1_478' title='bbox 2378 1306 2584 1361; x_wconf 87' lang='lat' dir='ltr'><strong>resilire</strong></span> <span class='ocrx_word' id='word_1_479' title='bbox 2613 1324 2625 1360; x_wconf 89' lang='lat'><strong>:</strong></span> <span class='ocrx_word' id='word_1_480' title='bbox 2661 1305 2787 1373; x_wconf 83' lang='lat' dir='ltr'><strong>Quis</strong></span> <span class='ocrx_word' id='word_1_481' title='bbox 2810 1308 2943 1361; x_wconf 84' lang='lat' dir='ltr'><strong>enim</strong></span> <span class='ocrx_word' id='word_1_482' title='bbox 2975 1317 3048 1362; x_wconf 86' lang='lat' dir='ltr'><strong>est</strong></span> <span class='ocrx_word' id='word_1_483' title='bbox 3076 1309 3213 1376; x_wconf 84' lang='lat' dir='ltr'><strong>[ilius</strong></span> <span class='ocrx_word' id='word_1_484' title='bbox 3236 1349 3250 1373; x_wconf 92' lang='lat'><strong>,</strong></span> <span class='ocrx_word' id='word_1_485' title='bbox 3279 1325 3432 1380; x_wconf 78' lang='lat' dir='ltr'><strong>quem</strong></span> <span class='ocrx_word' id='word_1_486' title='bbox 3460 1319 3603 1380; x_wconf 79' lang='lat' dir='ltr'><strong>pater</strong></span> 
     </span>
    </p>
   </div>
   <div class='ocr_carea' id='block_1_65' title="bbox 2024 1395 3601 1471">
    <p class='ocr_par' dir='ltr' id='par_1_65' title="bbox 2024 1395 3601 1471">
     <span class='ocr_line' id='line_1_65' title="bbox 2024 1395 3601 1471; baseline 0.003 -21"><span class='ocrx_word' id='word_1_487' title='bbox 2024 1413 2125 1450; x_wconf 72' lang='lat' dir='ltr'><strong>non</strong></span> <span class='ocrx_word' id='word_1_488' title='bbox 2153 1397 2373 1466; x_wconf 86' lang='lat' dir='ltr'><strong>corrigat</strong></span> <span class='ocrx_word' id='word_1_489' title='bbox 2403 1395 2589 1467; x_wconf 80' lang='lat' dir='ltr'><strong>(Hebr.</strong></span> <span class='ocrx_word' id='word_1_490' title='bbox 2620 1396 2708 1452; x_wconf 71' lang='grc'><strong>12.</strong></span> <span class='ocrx_word' id='word_1_491' title='bbox 2738 1397 2791 1471; x_wconf 89' lang='grc'>7)</span> <span class='ocrx_word' id='word_1_492' title='bbox 2809 1395 3092 1454; x_wconf 75' lang='lat' dir='ltr'><strong>?Attamen</strong></span> <span class='ocrx_word' id='word_1_493' title='bbox 3117 1398 3223 1453; x_wconf 88' lang='lat' dir='ltr'><strong>hoc</strong></span> <span class='ocrx_word' id='word_1_494' title='bbox 3248 1414 3352 1453; x_wconf 92' lang='lat' dir='ltr'><strong>non</strong></span> <span class='ocrx_word' id='word_1_495' title='bbox 3382 1403 3601 1469; x_wconf 79' lang='lat' dir='ltr'><strong>potestis</strong></span> 
     </span>
    </p>
   </div>
   <div class='ocr_carea' id='block_1_66' title="bbox 2024 1487 3604 1560">
    <p class='ocr_par' dir='ltr' id='par_1_66' title="bbox 2024 1487 3604 1560">
     <span class='ocr_line' id='line_1_66' title="bbox 2024 1487 3604 1560; baseline 0.001 -18"><span class='ocrx_word' id='word_1_496' title='bbox 2024 1487 2222 1543; x_wconf 89' lang='lat' dir='ltr'><strong>dicere.</strong></span> <span class='ocrx_word' id='word_1_497' title='bbox 2252 1489 2318 1542; x_wconf 86' lang='lat' dir='ltr'><strong>Et</strong></span> <span class='ocrx_word' id='word_1_498' title='bbox 2358 1488 2548 1542; x_wconf 90' lang='lat' dir='ltr'><strong>iterum</strong></span> <span class='ocrx_word' id='word_1_499' title='bbox 2579 1489 2738 1544; x_wconf 87' lang='lat' dir='ltr'><strong>alibi:</strong></span> <span class='ocrx_word' id='word_1_500' title='bbox 2773 1487 2919 1554; x_wconf 76' lang='lat' dir='ltr'><strong>Quod</strong></span> <span class='ocrx_word' id='word_1_501' title='bbox 2943 1490 3235 1544; x_wconf 81' lang='lat' dir='ltr'><strong>invenerunt</strong></span> <span class='ocrx_word' id='word_1_502' title='bbox 3263 1501 3429 1560; x_wconf 82' lang='lat' dir='ltr'><strong>patres</strong></span> <span class='ocrx_word' id='word_1_503' title='bbox 3455 1491 3604 1545; x_wconf 80' lang='lat' dir='ltr'><strong>uestri</strong></span> 
     </span>
    </p>
   </div>
   <div class='ocr_carea' id='block_1_67' title="bbox 2025 1575 3596 1650">
    <p class='ocr_par' dir='ltr' id='par_1_67' title="bbox 2025 1575 3596 1650">
     <span class='ocr_line' id='line_1_67' title="bbox 2025 1575 3596 1650; baseline 0.003 -20"><span class='ocrx_word' id='word_1_504' title='bbox 2025 1577 2077 1630; x_wconf 84' lang='lat' dir='ltr'><strong>in</strong></span> <span class='ocrx_word' id='word_1_505' title='bbox 2106 1594 2183 1631; x_wconf 86' lang='lat' dir='ltr'><strong>me</strong></span> <span class='ocrx_word' id='word_1_506' title='bbox 2210 1578 2445 1631; x_wconf 83' lang='lat' dir='ltr'><strong>delictum</strong></span> <span class='ocrx_word' id='word_1_507' title='bbox 2471 1575 2601 1646; x_wconf 82' lang='lat' dir='ltr'><strong>(Jer.</strong></span> <span class='ocrx_word' id='word_1_508' title='bbox 2632 1577 2685 1630; x_wconf 73' lang='lat'><strong>2.</strong></span> <span class='ocrx_word' id='word_1_509' title='bbox 2714 1578 2813 1648; x_wconf 79' lang='lat'><strong>5)?</strong></span> <span class='ocrx_word' id='word_1_510' title='bbox 2842 1578 3083 1650; x_wconf 83' lang='lat' dir='ltr'><strong>Magnum</strong></span> <span class='ocrx_word' id='word_1_511' title='bbox 3125 1580 3461 1635; x_wconf 82' lang='lat' dir='ltr'><strong>etmirabile</strong></span> <span class='ocrx_word' id='word_1_512' title='bbox 3512 1581 3596 1635; x_wconf 89' lang='lat' dir='ltr'><strong>di-</strong></span> 
     </span>
    </p>
   </div>
   <div class='ocr_carea' id='block_1_68' title="bbox 2023 1670 3607 1743">
    <p class='ocr_par' dir='ltr' id='par_1_68' title="bbox 2023 1670 3607 1743">
     <span class='ocr_line' id='line_1_68' title="bbox 2023 1670 3607 1743; baseline 0.004 -19"><span class='ocrx_word' id='word_1_513' title='bbox 2023 1670 2368 1740; x_wconf 73' lang='lat' dir='ltr'><strong>ctumzquod</strong></span> <span class='ocrx_word' id='word_1_514' title='bbox 2420 1672 2560 1726; x_wconf 83' lang='lat' dir='ltr'><strong>enim</strong></span> <span class='ocrx_word' id='word_1_515' title='bbox 2619 1673 2756 1728; x_wconf 46' lang='lat' dir='ltr'><strong>(licita</strong></span> <span class='ocrx_word' id='word_1_516' title='bbox 2790 1671 3090 1741; x_wconf 90' lang='lat' dir='ltr'><strong>hujusmodi</strong></span> <span class='ocrx_word' id='word_1_517' title='bbox 3146 1684 3258 1727; x_wconf 89' lang='lat' dir='ltr'><strong>est:</strong></span> <span class='ocrx_word' id='word_1_518' title='bbox 3291 1672 3429 1740; x_wconf 86' lang='lat' dir='ltr'><strong>Quid</strong></span> <span class='ocrx_word' id='word_1_519' title='bbox 3477 1687 3607 1743; x_wconf 80' lang='lat' dir='ltr'><strong>pec-</strong></span> 
     </span>
    </p>
   </div>
   <div class='ocr_carea' id='block_1_69' title="bbox 2026 1764 3610 1836">
    <p class='ocr_par' dir='ltr' id='par_1_69' title="bbox 2026 1764 3610 1836">
     <span class='ocr_line' id='line_1_69' title="bbox 2026 1764 3610 1836; baseline 0.002 -18"><span class='ocrx_word' id='word_1_520' title='bbox 2026 1766 2192 1819; x_wconf 76' lang='lat' dir='ltr'><strong>cavi?</strong></span> <span class='ocrx_word' id='word_1_521' title='bbox 2243 1766 2414 1834; x_wconf 87' lang='lat' dir='ltr'><strong>inquit</strong></span> <span class='ocrx_word' id='word_1_522' title='bbox 2451 1765 2592 1821; x_wconf 84' lang='lat' dir='ltr'><strong>Deus</strong></span> <span class='ocrx_word' id='word_1_523' title='bbox 2631 1765 2968 1820; x_wconf 86' lang='lat' dir='ltr'><strong>hominibus:</strong></span> <span class='ocrx_word' id='word_1_524' title='bbox 2994 1764 3130 1832; x_wconf 85' lang='lat' dir='ltr'><strong>Quid</strong></span> <span class='ocrx_word' id='word_1_525' title='bbox 3176 1765 3426 1835; x_wconf 71' lang='lat' dir='ltr'><strong>peccavi?</strong></span> <span class='ocrx_word' id='word_1_526' title='bbox 3469 1767 3610 1836; x_wconf 85' lang='lat' dir='ltr'><strong>quod</strong></span> 
     </span>
    </p>
   </div>
   <div class='ocr_carea' id='block_1_70' title="bbox 2028 1856 3606 1928">
    <p class='ocr_par' dir='ltr' id='par_1_70' title="bbox 2028 1856 3606 1928">
     <span class='ocr_line' id='line_1_70' title="bbox 2028 1856 3606 1928; baseline 0.001 -18"><span class='ocrx_word' id='word_1_527' title='bbox 2028 1871 2199 1926; x_wconf 90' lang='lat' dir='ltr'><strong>neque</strong></span> <span class='ocrx_word' id='word_1_528' title='bbox 2236 1857 2377 1912; x_wconf 87' lang='lat' dir='ltr'><strong>servi</strong></span> <span class='ocrx_word' id='word_1_529' title='bbox 2419 1872 2449 1911; x_wconf 92' lang='lat' dir='ltr'><strong>a</strong></span> <span class='ocrx_word' id='word_1_530' title='bbox 2496 1856 2726 1912; x_wconf 89' lang='lat' dir='ltr'><strong>dominis</strong></span> <span class='ocrx_word' id='word_1_531' title='bbox 2755 1857 2859 1912; x_wconf 89' lang='lat' dir='ltr'><strong>dici</strong></span> <span class='ocrx_word' id='word_1_532' title='bbox 2882 1857 3200 1912; x_wconf 87' lang='lat' dir='ltr'><strong>concedunt.</strong></span> <span class='ocrx_word' id='word_1_533' title='bbox 3235 1858 3414 1928; x_wconf 82' lang='lat' dir='ltr'><strong>Neque</strong></span> <span class='ocrx_word' id='word_1_534' title='bbox 3457 1857 3606 1922; x_wconf 87' lang='lat' dir='ltr'><strong>dicit,</strong></span> 
     </span>
    </p>
   </div>
   <div class='ocr_carea' id='block_1_71' title="bbox 2028 1946 3600 2017">
    <p class='ocr_par' dir='ltr' id='par_1_71' title="bbox 2028 1946 3600 2017">
     <span class='ocr_line' id='line_1_71' title="bbox 2028 1946 3600 2017; baseline 0.002 -17"><span class='ocrx_word' id='word_1_535' title='bbox 2028 1946 2162 2014; x_wconf 92' lang='lat' dir='ltr'><strong>Quid</strong></span> <span class='ocrx_word' id='word_1_536' title='bbox 2205 1948 2414 2016; x_wconf 81' lang='lat' dir='ltr'><strong>peccavi</strong></span> <span class='ocrx_word' id='word_1_537' title='bbox 2460 1948 2510 2000; x_wconf 92' lang='lat' dir='ltr'><strong>in</strong></span> <span class='ocrx_word' id='word_1_538' title='bbox 2538 1963 2672 2009; x_wconf 86' lang='lat' dir='ltr'><strong>vos;</strong></span> <span class='ocrx_word' id='word_1_539' title='bbox 2715 1947 2848 2013; x_wconf 86' lang='lat' dir='ltr'><strong>sed,</strong></span> <span class='ocrx_word' id='word_1_540' title='bbox 2887 1947 2942 2000; x_wconf 94' lang='lat' dir='ltr'><strong>ln</strong></span> <span class='ocrx_word' id='word_1_541' title='bbox 2991 1955 3166 2017; x_wconf 89' lang='lat' dir='ltr'><strong>patres</strong></span> <span class='ocrx_word' id='word_1_542' title='bbox 3221 1958 3445 2002; x_wconf 86' lang='lat' dir='ltr'><strong>vestros.</strong></span> <span class='ocrx_word' id='word_1_543' title='bbox 3491 1946 3600 2003; x_wconf 75' lang='lat' dir='ltr'><strong>Ve-</strong></span> 
     </span>
    </p>
   </div>
   <div class='ocr_carea' id='block_1_72' title="bbox 2032 2040 3608 2112">
    <p class='ocr_par' dir='ltr' id='par_1_72' title="bbox 2032 2040 3608 2112">
     <span class='ocr_line' id='line_1_72' title="bbox 2032 2040 3608 2112; baseline 0 -18"><span class='ocrx_word' id='word_1_544' title='bbox 2032 2055 2147 2094; x_wconf 89' lang='lat' dir='ltr'><strong>rum</strong></span> <span class='ocrx_word' id='word_1_545' title='bbox 2179 2056 2351 2110; x_wconf 86' lang='lat' dir='ltr'><strong>neque</strong></span> <span class='ocrx_word' id='word_1_546' title='bbox 2381 2041 2516 2104; x_wconf 88' lang='lat' dir='ltr'><strong>hoc,</strong></span> <span class='ocrx_word' id='word_1_547' title='bbox 2547 2041 2654 2106; x_wconf 87' lang='lat' dir='ltr'><strong>ait,</strong></span> <span class='ocrx_word' id='word_1_548' title='bbox 2687 2041 2908 2110; x_wconf 87' lang='lat' dir='ltr'><strong>potestis</strong></span> <span class='ocrx_word' id='word_1_549' title='bbox 2937 2040 3136 2106; x_wconf 89' lang='lat' dir='ltr'><strong>dicere,</strong></span> <span class='ocrx_word' id='word_1_550' title='bbox 3165 2041 3303 2112; x_wconf 91' lang='lat' dir='ltr'><strong>quod</strong></span> <span class='ocrx_word' id='word_1_551' title='bbox 3336 2051 3608 2112; x_wconf 86' lang='lat' dir='ltr'><strong>paternam</strong></span> 
     </span>
    </p>
   </div>
   <div class='ocr_carea' id='block_1_73' title="bbox 2030 2130 3614 2202">
    <p class='ocr_par' dir='ltr' id='par_1_73' title="bbox 2030 2130 3614 2202">
     <span class='ocr_line' id='line_1_73' title="bbox 2030 2130 3614 2202; baseline 0.002 -17"><span class='ocrx_word' id='word_1_552' title='bbox 2030 2145 2156 2201; x_wconf 89' lang='lat' dir='ltr'><strong>erga</strong></span> <span class='ocrx_word' id='word_1_553' title='bbox 2183 2146 2268 2185; x_wconf 87' lang='lat' dir='ltr'><strong>me</strong></span> <span class='ocrx_word' id='word_1_554' title='bbox 2297 2130 2624 2184; x_wconf 86' lang='lat' dir='ltr'><strong>inimicitiam</strong></span> <span class='ocrx_word' id='word_1_555' title='bbox 2649 2131 2890 2186; x_wconf 89' lang='lat' dir='ltr'><strong>servetis.</strong></span> <span class='ocrx_word' id='word_1_556' title='bbox 2930 2130 3113 2202; x_wconf 85' lang='lat' dir='ltr'><strong>Neque</strong></span> <span class='ocrx_word' id='word_1_557' title='bbox 3147 2132 3290 2186; x_wconf 91' lang='lat' dir='ltr'><strong>enim</strong></span> <span class='ocrx_word' id='word_1_558' title='bbox 3311 2131 3614 2202; x_wconf 85' lang='lat' dir='ltr'><strong>progenito-</strong></span> 
     </span>
    </p>
   </div>
   <div class='ocr_carea' id='block_1_74' title="bbox 2033 2220 3614 2292">
    <p class='ocr_par' dir='ltr' id='par_1_74' title="bbox 2033 2220 3614 2292">
     <span class='ocr_line' id='line_1_74' title="bbox 2033 2220 3614 2292; baseline 0 -16"><span class='ocrx_word' id='word_1_559' title='bbox 2033 2236 2121 2276; x_wconf 92' lang='lat' dir='ltr'><strong>res</strong></span> <span class='ocrx_word' id='word_1_560' title='bbox 2142 2229 2351 2276; x_wconf 89' lang='lat' dir='ltr'><strong>vestros</strong></span> <span class='ocrx_word' id='word_1_561' title='bbox 2371 2220 2587 2290; x_wconf 88' lang='lat' dir='ltr'><strong>permisi</strong></span> <span class='ocrx_word' id='word_1_562' title='bbox 2608 2236 2860 2290; x_wconf 86' lang='lat' dir='ltr'><strong>umquam</strong></span> <span class='ocrx_word' id='word_1_563' title='bbox 2889 2222 3276 2292; x_wconf 87' lang='lat' dir='ltr'><strong>providentiam</strong></span> <span class='ocrx_word' id='word_1_564' title='bbox 3308 2238 3480 2278; x_wconf 90' lang='lat' dir='ltr'><strong>meam</strong></span> <span class='ocrx_word' id='word_1_565' title='bbox 3529 2223 3614 2277; x_wconf 75' lang='lat' dir='ltr'><strong>in~</strong></span> 
     </span>
    </p>
   </div>
   <div class='ocr_carea' id='block_1_75' title="bbox 2033 2313 3616 2386">
    <p class='ocr_par' dir='ltr' id='par_1_75' title="bbox 2033 2313 3616 2386">
     <span class='ocr_line' id='line_1_75' title="bbox 2033 2313 3616 2386; baseline 0.001 -17"><span class='ocrx_word' id='word_1_566' title='bbox 2033 2329 2240 2379; x_wconf 87' lang='lat' dir='ltr'><strong>cusarc,</strong></span> <span class='ocrx_word' id='word_1_567' title='bbox 2268 2315 2320 2368; x_wconf 91' lang='lat' dir='ltr'><strong>in</strong></span> <span class='ocrx_word' id='word_1_568' title='bbox 2367 2328 2530 2384; x_wconf 89' lang='lat' dir='ltr'><strong>parvo</strong></span> <span class='ocrx_word' id='word_1_569' title='bbox 2566 2324 2660 2370; x_wconf 89' lang='lat' dir='ltr'><strong>aut</strong></span> <span class='ocrx_word' id='word_1_570' title='bbox 2708 2330 2900 2385; x_wconf 89' lang='lat' dir='ltr'><strong>magno</strong></span> <span class='ocrx_word' id='word_1_571' title='bbox 2944 2315 3240 2386; x_wconf 62' lang='lat' dir='ltr'><strong>despiciens</strong></span> <span class='ocrx_word' id='word_1_572' title='bbox 3279 2330 3390 2370; x_wconf 91' lang='lat' dir='ltr'><strong>eos.</strong></span> <span class='ocrx_word' id='word_1_573' title='bbox 3435 2313 3616 2384; x_wconf 80' lang='lat' dir='ltr'><strong>Nequa</strong></span> 
     </span>
    </p>
   </div>
   <div class='ocr_carea' id='block_1_76' title="bbox 2033 2407 3612 2480">
    <p class='ocr_par' dir='ltr' id='par_1_76' title="bbox 2033 2407 3612 2480">
     <span class='ocr_line' id='line_1_76' title="bbox 2033 2407 3612 2480; baseline -0.001 -15"><span class='ocrx_word' id='word_1_574' title='bbox 2033 2411 2342 2480; x_wconf 88' lang='lat' dir='ltr'><strong>simpliciter</strong></span> <span class='ocrx_word' id='word_1_575' title='bbox 2368 2411 2502 2466; x_wconf 82' lang='lat' dir='ltr'><strong>dixit</strong></span> <span class='ocrx_word' id='word_1_576' title='bbox 2541 2427 2554 2463; x_wconf 90' lang='lat'><strong>:</strong></span> <span class='ocrx_word' id='word_1_577' title='bbox 2593 2410 2729 2478; x_wconf 92' lang='lat' dir='ltr'><strong>Quid</strong></span> <span class='ocrx_word' id='word_1_578' title='bbox 2757 2411 3058 2466; x_wconf 88' lang='lat' dir='ltr'><strong>habuerunt</strong></span> <span class='ocrx_word' id='word_1_579' title='bbox 3087 2420 3265 2480; x_wconf 88' lang='lat' dir='ltr'><strong>patres</strong></span> <span class='ocrx_word' id='word_1_580' title='bbox 3293 2409 3470 2474; x_wconf 80' lang='lat' dir='ltr'><strong>vestri,</strong></span> <span class='ocrx_word' id='word_1_581' title='bbox 3495 2407 3612 2472; x_wconf 82' lang='lat' dir='ltr'><strong>sed,</strong></span> 
     </span>
    </p>
   </div>
   <div class='ocr_carea' id='block_1_77' title="bbox 2037 2498 3612 2572">
    <p class='ocr_par' dir='ltr' id='par_1_77' title="bbox 2037 2498 3612 2572">
     <span class='ocr_line' id='line_1_77' title="bbox 2037 2498 3612 2572; baseline -0.003 -16"><span class='ocrx_word' id='word_1_582' title='bbox 2037 2500 2174 2569; x_wconf 83' lang='lat' dir='ltr'><strong>Quid</strong></span> <span class='ocrx_word' id='word_1_583' title='bbox 2209 2501 2544 2556; x_wconf 79' lang='lat' dir='ltr'><strong>invenerunt?</strong></span> <span class='ocrx_word' id='word_1_584' title='bbox 2596 2502 2860 2572; x_wconf 72' lang='lat' dir='ltr'><strong>Quamvis.</strong></span> <span class='ocrx_word' id='word_1_585' title='bbox 2886 2502 3050 2556; x_wconf 88' lang='lat' dir='ltr'><strong>multa</strong></span> <span class='ocrx_word' id='word_1_586' title='bbox 3091 2500 3418 2570; x_wconf 77' lang='lat' dir='ltr'><strong>quaesierint,</strong></span> <span class='ocrx_word' id='word_1_587' title='bbox 3447 2498 3612 2553; x_wconf 79' lang='lat' dir='ltr'><strong>multa</strong></span> 
     </span>
    </p>
   </div>
   <div class='ocr_carea' id='block_1_78' title="bbox 2034 2588 3618 2664">
    <p class='ocr_par' dir='ltr' id='par_1_78' title="bbox 2034 2588 3618 2664">
     <span class='ocr_line' id='line_1_78' title="bbox 2034 2588 3618 2664; baseline -0.004 -16"><span class='ocrx_word' id='word_1_588' title='bbox 2034 2593 2448 2664; x_wconf 86' lang='lat' dir='ltr'><strong>circumquaque</strong></span> <span class='ocrx_word' id='word_1_589' title='bbox 2497 2595 2762 2649; x_wconf 85' lang='lat' dir='ltr'><strong>moverint</strong></span> <span class='ocrx_word' id='word_1_590' title='bbox 2805 2602 2882 2648; x_wconf 90' lang='lat' dir='ltr'><strong>tot</strong></span> <span class='ocrx_word' id='word_1_591' title='bbox 2923 2592 3075 2646; x_wconf 88' lang='lat' dir='ltr'><strong>annis</strong></span> <span class='ocrx_word' id='word_1_592' title='bbox 3106 2605 3225 2644; x_wconf 91' lang='lat' dir='ltr'><strong>meo</strong></span> <span class='ocrx_word' id='word_1_593' title='bbox 3263 2589 3364 2643; x_wconf 89' lang='lat' dir='ltr'><strong>sub</strong></span> <span class='ocrx_word' id='word_1_594' title='bbox 3392 2588 3618 2658; x_wconf 88' lang='lat' dir='ltr'><strong>imperio</strong></span> 
     </span>
    </p>
   </div>
   <div class='ocr_carea' id='block_1_79' title="bbox 2035 2678 3618 2755">
    <p class='ocr_par' dir='ltr' id='par_1_79' title="bbox 2035 2678 3618 2755">
     <span class='ocr_line' id='line_1_79' title="bbox 2035 2678 3618 2755; baseline -0.006 -15"><span class='ocrx_word' id='word_1_595' title='bbox 2035 2685 2308 2755; x_wconf 86' lang='lat' dir='ltr'><strong>degentes,</strong></span> <span class='ocrx_word' id='word_1_596' title='bbox 2338 2685 2541 2740; x_wconf 90' lang='lat' dir='ltr'><strong>nullum</strong></span> <span class='ocrx_word' id='word_1_597' title='bbox 2571 2685 2890 2741; x_wconf 86' lang='lat' dir='ltr'><strong>invenerunt</strong></span> <span class='ocrx_word' id='word_1_598' title='bbox 2927 2683 2979 2737; x_wconf 94' lang='lat' dir='ltr'><strong>in</strong></span> <span class='ocrx_word' id='word_1_599' title='bbox 3019 2697 3106 2736; x_wconf 90' lang='lat' dir='ltr'><strong>me</strong></span> <span class='ocrx_word' id='word_1_600' title='bbox 3143 2681 3417 2735; x_wconf 85' lang='lat' dir='ltr'><strong>delictum.</strong></span> <span class='ocrx_word' id='word_1_601' title='bbox 3458 2678 3618 2749; x_wconf 77' lang='lat' dir='ltr'><strong>Igitur</strong></span> 
     </span>
    </p>
   </div>
   <div class='ocr_carea' id='block_1_80' title="bbox 2036 2770 3616 2844">
    <p class='ocr_par' dir='ltr' id='par_1_80' title="bbox 2036 2770 3616 2844">
     <span class='ocr_line' id='line_1_80' title="bbox 2036 2770 3616 2844; baseline -0.005 -13"><span class='ocrx_word' id='word_1_602' title='bbox 2036 2774 2225 2832; x_wconf 89' lang='lat' dir='ltr'><strong>horum</strong></span> <span class='ocrx_word' id='word_1_603' title='bbox 2243 2777 2480 2830; x_wconf 88' lang='lat' dir='ltr'><strong>omnium</strong></span> <span class='ocrx_word' id='word_1_604' title='bbox 2495 2789 2653 2830; x_wconf 89' lang='lat' dir='ltr'><strong>causa</strong></span> <span class='ocrx_word' id='word_1_605' title='bbox 2681 2773 2987 2844; x_wconf 89' lang='lat' dir='ltr'><strong>frequenter</strong></span> <span class='ocrx_word' id='word_1_606' title='bbox 3009 2771 3074 2826; x_wconf 91' lang='lat' dir='ltr'><strong>ad</strong></span> <span class='ocrx_word' id='word_1_607' title='bbox 3091 2787 3213 2826; x_wconf 91' lang='lat' dir='ltr'><strong>eum</strong></span> <span class='ocrx_word' id='word_1_608' title='bbox 3229 2770 3616 2840; x_wconf 77' lang='lat' dir='ltr'><strong>confugiamus,</strong></span> 
     </span>
    </p>
   </div>
   <div class='ocr_carea' id='block_1_81' title="bbox 2036 2861 3616 2934">
    <p class='ocr_par' dir='ltr' id='par_1_81' title="bbox 2036 2861 3616 2934">
     <span class='ocr_line' id='line_1_81' title="bbox 2036 2861 3616 2934; baseline -0.007 -8"><span class='ocrx_word' id='word_1_609' title='bbox 2036 2879 2090 2926; x_wconf 87' lang='lat' dir='ltr'><strong>et</strong></span> <span class='ocrx_word' id='word_1_610' title='bbox 2116 2871 2168 2925; x_wconf 93' lang='lat' dir='ltr'><strong>in</strong></span> <span class='ocrx_word' id='word_1_611' title='bbox 2195 2870 2342 2926; x_wconf 91' lang='lat' dir='ltr'><strong>omni</strong></span> <span class='ocrx_word' id='word_1_612' title='bbox 2367 2884 2597 2926; x_wconf 78' lang='lat' dir='ltr'><strong>moerere</strong></span> <span class='ocrx_word' id='word_1_613' title='bbox 2618 2867 3032 2924; x_wconf 90' lang='lat' dir='ltr'><strong>consolationem</strong></span> <span class='ocrx_word' id='word_1_614' title='bbox 3061 2864 3178 2934; x_wconf 91' lang='lat' dir='ltr'><strong>ejus</strong></span> <span class='ocrx_word' id='word_1_615' title='bbox 3203 2876 3503 2934; x_wconf 83' lang='lat' dir='ltr'><strong>quaeramus</strong></span> <span class='ocrx_word' id='word_1_616' title='bbox 3520 2901 3535 2924; x_wconf 90' lang='lat'><strong>,</strong></span> <span class='ocrx_word' id='word_1_617' title='bbox 3564 2861 3616 2915; x_wconf 84' lang='lat' dir='ltr'><strong>in</strong></span> 
     </span>
    </p>
   </div>
   <div class='ocr_carea' id='block_1_82' title="bbox 2036 2953 3616 3033">
    <p class='ocr_par' dir='ltr' id='par_1_82' title="bbox 2036 2953 3616 3033">
     <span class='ocr_line' id='line_1_82' title="bbox 2036 2953 3616 3033; baseline -0.006 -16"><span class='ocrx_word' id='word_1_618' title='bbox 2036 2961 2181 3017; x_wconf 92' lang='lat' dir='ltr'><strong>omni</strong></span> <span class='ocrx_word' id='word_1_619' title='bbox 2209 2963 2512 3018; x_wconf 87' lang='lat' dir='ltr'><strong>calamitate</strong></span> <span class='ocrx_word' id='word_1_620' title='bbox 2539 2961 2656 3033; x_wconf 90' lang='lat' dir='ltr'><strong>ejus</strong></span> <span class='ocrx_word' id='word_1_621' title='bbox 2679 2957 3016 3024; x_wconf 84' lang='lat' dir='ltr'><strong>solutionem,</strong></span> <span class='ocrx_word' id='word_1_622' title='bbox 3040 2955 3156 3027; x_wconf 88' lang='lat' dir='ltr'><strong>ejus</strong></span> <span class='ocrx_word' id='word_1_623' title='bbox 3176 2953 3616 3016; x_wconf 88' lang='lat' dir='ltr'><strong>misericordiam.</strong></span> 
     </span>
    </p>
   </div>
   <div class='ocr_carea' id='block_1_83' title="bbox 2039 3049 3620 3121">
    <p class='ocr_par' dir='ltr' id='par_1_83' title="bbox 2039 3049 3620 3121">
     <span class='ocr_line' id='line_1_83' title="bbox 2039 3049 3620 3121; baseline -0.007 -14"><span class='ocrx_word' id='word_1_624' title='bbox 2039 3053 2092 3108; x_wconf 90' lang='lat' dir='ltr'><strong>in</strong></span> <span class='ocrx_word' id='word_1_625' title='bbox 2117 3053 2260 3108; x_wconf 89' lang='lat' dir='ltr'><strong>omni</strong></span> <span class='ocrx_word' id='word_1_626' title='bbox 2303 3051 2595 3108; x_wconf 87' lang='lat' dir='ltr'><strong>tentatione</strong></span> <span class='ocrx_word' id='word_1_627' title='bbox 2638 3052 2755 3121; x_wconf 89' lang='lat' dir='ltr'><strong>ejus</strong></span> <span class='ocrx_word' id='word_1_628' title='bbox 2801 3049 3054 3104; x_wconf 84' lang='lat' dir='ltr'><strong>auxilium</strong></span> <span class='ocrx_word' id='word_1_629' title='bbox 3094 3053 3620 3116; x_wconf 81' lang='lat' dir='ltr'><strong>:quantumcumquo</strong></span> 
     </span>
    </p>
   </div>
   <div class='ocr_carea' id='block_1_84' title="bbox 2037 3133 3618 3211">
    <p class='ocr_par' dir='ltr' id='par_1_84' title="bbox 2037 3133 3618 3211">
     <span class='ocr_line' id='line_1_84' title="bbox 2037 3133 3618 3211; baseline -0.009 -12"><span class='ocrx_word' id='word_1_630' title='bbox 2037 3144 2178 3200; x_wconf 91' lang='lat' dir='ltr'><strong>enim</strong></span> <span class='ocrx_word' id='word_1_631' title='bbox 2205 3145 2406 3198; x_wconf 89' lang='lat' dir='ltr'><strong>malum</strong></span> <span class='ocrx_word' id='word_1_632' title='bbox 2433 3143 2610 3208; x_wconf 83' lang='lat' dir='ltr'><strong>fuerit,</strong></span> <span class='ocrx_word' id='word_1_633' title='bbox 2659 3148 3085 3211; x_wconf 88' lang='lat' dir='ltr'><strong>quantacumque</strong></span> <span class='ocrx_word' id='word_1_634' title='bbox 3134 3133 3450 3193; x_wconf 88' lang='lat' dir='ltr'><strong>calamitatis</strong></span> <span class='ocrx_word' id='word_1_635' title='bbox 3503 3148 3618 3187; x_wconf 87' lang='lat' dir='ltr'><strong>ma-</strong></span> 
     </span>
    </p>
   </div>
   <div class='ocr_carea' id='block_1_85' title="bbox 2037 3232 3621 3307">
    <p class='ocr_par' dir='ltr' id='par_1_85' title="bbox 2037 3232 3621 3307">
     <span class='ocr_line' id='line_1_85' title="bbox 2037 3232 3621 3307; baseline -0.009 -15"><span class='ocrx_word' id='word_1_636' title='bbox 2037 3235 2277 3307; x_wconf 90' lang='lat' dir='ltr'><strong>gnitudo,</strong></span> <span class='ocrx_word' id='word_1_637' title='bbox 2304 3237 2482 3290; x_wconf 90' lang='lat' dir='ltr'><strong>omnia</strong></span> <span class='ocrx_word' id='word_1_638' title='bbox 2511 3233 2601 3287; x_wconf 90' lang='lat' dir='ltr'><strong>ille</strong></span> <span class='ocrx_word' id='word_1_639' title='bbox 2628 3232 2836 3287; x_wconf 88' lang='lat' dir='ltr'><strong>solvere</strong></span> <span class='ocrx_word' id='word_1_640' title='bbox 2860 3238 2914 3284; x_wconf 93' lang='lat' dir='ltr'><strong>et</strong></span> <span class='ocrx_word' id='word_1_641' title='bbox 2931 3243 3180 3284; x_wconf 88' lang='lat' dir='ltr'><strong>amovere</strong></span> <span class='ocrx_word' id='word_1_642' title='bbox 3208 3234 3413 3296; x_wconf 88' lang='lat' dir='ltr'><strong>potest:</strong></span> <span class='ocrx_word' id='word_1_643' title='bbox 3449 3238 3621 3293; x_wconf 90' lang='lat' dir='ltr'><strong>neque</strong></span> 
     </span>
    </p>
   </div>
   <div class='ocr_carea' id='block_1_86' title="bbox 2039 3319 3618 3391">
    <p class='ocr_par' dir='ltr' id='par_1_86' title="bbox 2039 3319 3618 3391">
     <span class='ocr_line' id='line_1_86' title="bbox 2039 3319 3618 3391; baseline -0.01 -9"><span class='ocrx_word' id='word_1_644' title='bbox 2039 3328 2142 3384; x_wconf 88' lang='lat' dir='ltr'><strong>hoc</strong></span> <span class='ocrx_word' id='word_1_645' title='bbox 2167 3335 2388 3391; x_wconf 90' lang='lat' dir='ltr'><strong>tantum,</strong></span> <span class='ocrx_word' id='word_1_646' title='bbox 2418 3325 2509 3380; x_wconf 85' lang='lat' dir='ltr'><strong>sed</strong></span> <span class='ocrx_word' id='word_1_647' title='bbox 2536 3338 2748 3378; x_wconf 90' lang='lat' dir='ltr'><strong>omnem</strong></span> <span class='ocrx_word' id='word_1_648' title='bbox 2768 3321 3124 3381; x_wconf 87' lang='lat' dir='ltr'><strong>securitatem,</strong></span> <span class='ocrx_word' id='word_1_649' title='bbox 3145 3319 3415 3381; x_wconf 84' lang='lat' dir='ltr'><strong>virtutem,</strong></span> <span class='ocrx_word' id='word_1_650' title='bbox 3439 3329 3618 3370; x_wconf 83' lang='lat' dir='ltr'><strong>veram</strong></span> 
     </span>
    </p>
   </div>
   <div class='ocr_carea' id='block_1_87' title="bbox 2038 3404 3624 3488">
    <p class='ocr_par' dir='ltr' id='par_1_87' title="bbox 2038 3404 3624 3488">
     <span class='ocr_line' id='line_1_87' title="bbox 2038 3404 3624 3488; baseline -0.009 -17"><span class='ocrx_word' id='word_1_651' title='bbox 2038 3417 2283 3488; x_wconf 88' lang='lat' dir='ltr'><strong>gloriam,</strong></span> <span class='ocrx_word' id='word_1_652' title='bbox 2317 3413 2731 3470; x_wconf 87' lang='lat' dir='ltr'><strong>incolumitatem</strong></span> <span class='ocrx_word' id='word_1_653' title='bbox 2761 3410 3001 3480; x_wconf 89' lang='lat' dir='ltr'><strong>corporis</strong></span> <span class='ocrx_word' id='word_1_654' title='bbox 3022 3451 3036 3475; x_wconf 82' lang='lat'><strong>,</strong></span> <span class='ocrx_word' id='word_1_655' title='bbox 3067 3405 3456 3479; x_wconf 87' lang='lat' dir='ltr'><strong>philosophiam</strong></span> <span class='ocrx_word' id='word_1_656' title='bbox 3507 3404 3624 3458; x_wconf 89' lang='lat' dir='ltr'><strong>ani-</strong></span> 
     </span>
    </p>
   </div>
   <div class='ocr_carea' id='block_1_88' title="bbox 2040 3494 3622 3578">
    <p class='ocr_par' dir='ltr' id='par_1_88' title="bbox 2040 3494 3622 3578">
     <span class='ocr_line' id='line_1_88' title="bbox 2040 3494 3622 3578; baseline -0.008 -15"><span class='ocrx_word' id='word_1_657' title='bbox 2040 3525 2161 3575; x_wconf 85' lang='lat' dir='ltr'><strong>mae,</strong></span> <span class='ocrx_word' id='word_1_658' title='bbox 2188 3522 2337 3578; x_wconf 90' lang='lat' dir='ltr'><strong>spem</strong></span> <span class='ocrx_word' id='word_1_659' title='bbox 2363 3507 2577 3572; x_wconf 90' lang='lat' dir='ltr'><strong>bonam,</strong></span> <span class='ocrx_word' id='word_1_660' title='bbox 2609 3513 2663 3560; x_wconf 93' lang='lat' dir='ltr'><strong>et</strong></span> <span class='ocrx_word' id='word_1_661' title='bbox 2679 3515 2736 3558; x_wconf 90' lang='lat' dir='ltr'><strong>ut</strong></span> <span class='ocrx_word' id='word_1_662' title='bbox 2760 3518 2864 3559; x_wconf 91' lang='lat' dir='ltr'><strong>non</strong></span> <span class='ocrx_word' id='word_1_663' title='bbox 2891 3500 3046 3556; x_wconf 89' lang='lat' dir='ltr'><strong>facile</strong></span> <span class='ocrx_word' id='word_1_664' title='bbox 3073 3511 3369 3568; x_wconf 87' lang='lat' dir='ltr'><strong>peccemus,</strong></span> <span class='ocrx_word' id='word_1_665' title='bbox 3390 3495 3442 3551; x_wconf 92' lang='lat' dir='ltr'><strong>id</strong></span> <span class='ocrx_word' id='word_1_666' title='bbox 3467 3494 3622 3551; x_wconf 83' lang='lat' dir='ltr'><strong>nobis</strong></span> 
     </span>
    </p>
   </div>
   <div class='ocr_carea' id='block_1_89' title="bbox 2040 3590 3619 3667">
    <p class='ocr_par' dir='ltr' id='par_1_89' title="bbox 2040 3590 3619 3667">
     <span class='ocr_line' id='line_1_89' title="bbox 2040 3590 3619 3667; baseline -0.008 -14"><span class='ocrx_word' id='word_1_667' title='bbox 2040 3598 2155 3667; x_wconf 89' lang='lat' dir='ltr'><strong>ejus</strong></span> <span class='ocrx_word' id='word_1_668' title='bbox 2180 3597 2388 3651; x_wconf 84' lang='lat' dir='ltr'><strong>bonitas</strong></span> <span class='ocrx_word' id='word_1_669' title='bbox 2415 3593 2674 3650; x_wconf 82' lang='lat' dir='ltr'><strong>conferet.</strong></span> <span class='ocrx_word' id='word_1_670' title='bbox 2713 3592 2792 3648; x_wconf 89' lang='lat' dir='ltr'><strong>Ne</strong></span> <span class='ocrx_word' id='word_1_671' title='bbox 2841 3592 3020 3657; x_wconf 84' lang='lat' dir='ltr'><strong>itaque</strong></span> <span class='ocrx_word' id='word_1_672' title='bbox 3072 3590 3397 3659; x_wconf 91' lang='lat' dir='ltr'><strong>ingratorum</strong></span> <span class='ocrx_word' id='word_1_673' title='bbox 3437 3601 3619 3640; x_wconf 80' lang='lat' dir='ltr'><strong>servo-</strong></span> 
     </span>
    </p>
   </div>
   <div class='ocr_carea' id='block_1_90' title="bbox 2040 3679 3618 3754">
    <p class='ocr_par' dir='ltr' id='par_1_90' title="bbox 2040 3679 3618 3754">
     <span class='ocr_line' id='line_1_90' title="bbox 2040 3679 3618 3754; baseline -0.008 -10"><span class='ocrx_word' id='word_1_674' title='bbox 2040 3705 2156 3744; x_wconf 89' lang='lat' dir='ltr'><strong>rum</strong></span> <span class='ocrx_word' id='word_1_675' title='bbox 2183 3703 2332 3743; x_wconf 90' lang='lat' dir='ltr'><strong>more</strong></span> <span class='ocrx_word' id='word_1_676' title='bbox 2348 3699 2762 3751; x_wconf 89' lang='lat' dir='ltr'><strong>murmuremus,</strong></span> <span class='ocrx_word' id='word_1_677' title='bbox 2782 3697 2955 3754; x_wconf 90' lang='lat' dir='ltr'><strong>neque</strong></span> <span class='ocrx_word' id='word_1_678' title='bbox 2973 3679 3252 3736; x_wconf 90' lang='lat' dir='ltr'><strong>Dominum</strong></span> <span class='ocrx_word' id='word_1_679' title='bbox 3279 3679 3579 3733; x_wconf 88' lang='lat' dir='ltr'><strong>incusemus</strong></span> <span class='ocrx_word' id='word_1_680' title='bbox 3602 3693 3618 3742; x_wconf 88' lang='lat'><strong>;</strong></span> 
     </span>
    </p>
   </div>
   <div class='ocr_carea' id='block_1_91' title="bbox 2038 3769 3620 3848">
    <p class='ocr_par' dir='ltr' id='par_1_91' title="bbox 2038 3769 3620 3848">
     <span class='ocr_line' id='line_1_91' title="bbox 2038 3769 3620 3848; baseline -0.009 -12"><span class='ocrx_word' id='word_1_681' title='bbox 2038 3781 2132 3836; x_wconf 85' lang='lat' dir='ltr'><strong>sed</strong></span> <span class='ocrx_word' id='word_1_682' title='bbox 2157 3782 2208 3835; x_wconf 90' lang='lat' dir='ltr'><strong>in</strong></span> <span class='ocrx_word' id='word_1_683' title='bbox 2238 3778 2485 3835; x_wconf 91' lang='lat' dir='ltr'><strong>omnibus</strong></span> <span class='ocrx_word' id='word_1_684' title='bbox 2507 3777 2704 3848; x_wconf 86' lang='lat' dir='ltr'><strong>gratias</strong></span> <span class='ocrx_word' id='word_1_685' title='bbox 2732 3787 2951 3845; x_wconf 88' lang='lat' dir='ltr'><strong>agamus</strong></span> <span class='ocrx_word' id='word_1_686' title='bbox 2970 3815 2985 3841; x_wconf 91' lang='lat'><strong>,</strong></span> <span class='ocrx_word' id='word_1_687' title='bbox 3017 3780 3072 3828; x_wconf 92' lang='lat' dir='ltr'><strong>et</strong></span> <span class='ocrx_word' id='word_1_688' title='bbox 3104 3786 3265 3826; x_wconf 90' lang='lat' dir='ltr'><strong>unum</strong></span> <span class='ocrx_word' id='word_1_689' title='bbox 3293 3769 3464 3825; x_wconf 88' lang='lat' dir='ltr'><strong>solum</strong></span> <span class='ocrx_word' id='word_1_690' title='bbox 3503 3783 3620 3822; x_wconf 88' lang='lat' dir='ltr'><strong>ma-</strong></span> 
     </span>
    </p>
   </div>
   <div class='ocr_carea' id='block_1_92' title="bbox 2040 3859 3621 3939">
    <p class='ocr_par' dir='ltr' id='par_1_92' title="bbox 2040 3859 3621 3939">
     <span class='ocr_line' id='line_1_92' title="bbox 2040 3859 3621 3939; baseline -0.009 -11"><span class='ocrx_word' id='word_1_691' title='bbox 2040 3873 2148 3928; x_wconf 91' lang='lat' dir='ltr'><strong>lum</strong></span> <span class='ocrx_word' id='word_1_692' title='bbox 2178 3885 2298 3927; x_wconf 90' lang='lat' dir='ltr'><strong>esse</strong></span> <span class='ocrx_word' id='word_1_693' title='bbox 2331 3878 2597 3939; x_wconf 91' lang='lat' dir='ltr'><strong>putemus,</strong></span> <span class='ocrx_word' id='word_1_694' title='bbox 2638 3881 2829 3936; x_wconf 88' lang='lat' dir='ltr'><strong>nempe</strong></span> <span class='ocrx_word' id='word_1_695' title='bbox 2860 3866 2913 3918; x_wconf 92' lang='lat' dir='ltr'><strong>in</strong></span> <span class='ocrx_word' id='word_1_696' title='bbox 2943 3879 3062 3919; x_wconf 92' lang='lat' dir='ltr'><strong>eum</strong></span> <span class='ocrx_word' id='word_1_697' title='bbox 3095 3877 3338 3933; x_wconf 88' lang='lat' dir='ltr'><strong>peccare.</strong></span> <span class='ocrx_word' id='word_1_698' title='bbox 3380 3862 3553 3929; x_wconf 79' lang='lat' dir='ltr'><strong>Atque</strong></span> <span class='ocrx_word' id='word_1_699' title='bbox 3575 3859 3621 3913; x_wconf 86' lang='lat' dir='ltr'><strong>si</strong></span> 
     </span>
    </p>
   </div>
   <div class='ocr_carea' id='block_1_93' title="bbox 2039 3955 3622 4033">
    <p class='ocr_par' dir='ltr' id='par_1_93' title="bbox 2039 3955 3622 4033">
     <span class='ocr_line' id='line_1_93' title="bbox 2039 3955 3622 4033; baseline -0.011 -13"><span class='ocrx_word' id='word_1_700' title='bbox 2039 3967 2109 4020; x_wconf 91' lang='lat' dir='ltr'><strong>ita</strong></span> <span class='ocrx_word' id='word_1_701' title='bbox 2135 3979 2257 4033; x_wconf 88' lang='lat' dir='ltr'><strong>erga</strong></span> <span class='ocrx_word' id='word_1_702' title='bbox 2300 3963 2465 4016; x_wconf 90' lang='lat' dir='ltr'><strong>Deum</strong></span> <span class='ocrx_word' id='word_1_703' title='bbox 2514 3959 2690 4014; x_wconf 81' lang='lat' dir='ltr'><strong>aﬂ&#39;ecti</strong></span> <span class='ocrx_word' id='word_1_704' title='bbox 2745 3959 2933 4022; x_wconf 88' lang='lat' dir='ltr'><strong>simus,</strong></span> <span class='ocrx_word' id='word_1_705' title='bbox 2961 3971 3064 4009; x_wconf 90' lang='lat' dir='ltr'><strong>non</strong></span> <span class='ocrx_word' id='word_1_706' title='bbox 3090 3955 3325 4018; x_wconf 87' lang='lat' dir='ltr'><strong>morbus,</strong></span> <span class='ocrx_word' id='word_1_707' title='bbox 3359 3967 3462 4005; x_wconf 92' lang='lat' dir='ltr'><strong>non</strong></span> <span class='ocrx_word' id='word_1_708' title='bbox 3488 3965 3622 4020; x_wconf 82' lang='lat' dir='ltr'><strong>pau-</strong></span> 
     </span>
    </p>
   </div>
   <div class='ocr_carea' id='block_1_94' title="bbox 2038 4043 3620 4125">
    <p class='ocr_par' dir='ltr' id='par_1_94' title="bbox 2038 4043 3620 4125">
     <span class='ocr_line' id='line_1_94' title="bbox 2038 4043 3620 4125; baseline -0.012 -12"><span class='ocrx_word' id='word_1_709' title='bbox 2038 4064 2219 4125; x_wconf 87' lang='lat' dir='ltr'><strong>pertas</strong></span> <span class='ocrx_word' id='word_1_710' title='bbox 2241 4094 2254 4117; x_wconf 87' lang='lat'><strong>,</strong></span> <span class='ocrx_word' id='word_1_711' title='bbox 2289 4068 2393 4107; x_wconf 90' lang='lat' dir='ltr'><strong>non</strong></span> <span class='ocrx_word' id='word_1_712' title='bbox 2423 4049 2706 4123; x_wconf 88' lang='lat' dir='ltr'><strong>ignominia</strong></span> <span class='ocrx_word' id='word_1_713' title='bbox 2729 4091 2744 4116; x_wconf 94' lang='lat'><strong>,</strong></span> <span class='ocrx_word' id='word_1_714' title='bbox 2777 4063 2880 4103; x_wconf 91' lang='lat' dir='ltr'><strong>non</strong></span> <span class='ocrx_word' id='word_1_715' title='bbox 2909 4047 3157 4100; x_wconf 88' lang='lat' dir='ltr'><strong>sterilitas</strong></span> <span class='ocrx_word' id='word_1_716' title='bbox 3198 4043 3483 4107; x_wconf 88' lang='lat' dir='ltr'><strong>fructuum,</strong></span> <span class='ocrx_word' id='word_1_717' title='bbox 3516 4058 3620 4096; x_wconf 91' lang='lat' dir='ltr'><strong>non</strong></span> 
     </span>
    </p>
   </div>
   <div class='ocr_carea' id='block_1_95' title="bbox 2041 4137 3619 4216">
    <p class='ocr_par' dir='ltr' id='par_1_95' title="bbox 2041 4137 3619 4216">
     <span class='ocr_line' id='line_1_95' title="bbox 2041 4137 3619 4216; baseline -0.01 -15"><span class='ocrx_word' id='word_1_718' title='bbox 2041 4145 2182 4201; x_wconf 85' lang='lat' dir='ltr'><strong>aliud</strong></span> <span class='ocrx_word' id='word_1_719' title='bbox 2204 4144 2476 4216; x_wconf 89' lang='lat' dir='ltr'><strong>quidpiam</strong></span> <span class='ocrx_word' id='word_1_720' title='bbox 2498 4157 2706 4208; x_wconf 90' lang='lat' dir='ltr'><strong>eorum,</strong></span> <span class='ocrx_word' id='word_1_721' title='bbox 2728 4155 2847 4210; x_wconf 76' lang='lat' dir='ltr'><strong>qua:</strong></span> <span class='ocrx_word' id='word_1_722' title='bbox 2875 4140 3014 4193; x_wconf 89' lang='lat' dir='ltr'><strong>inter</strong></span> <span class='ocrx_word' id='word_1_723' title='bbox 3042 4137 3180 4192; x_wconf 89' lang='lat' dir='ltr'><strong>mala</strong></span> <span class='ocrx_word' id='word_1_724' title='bbox 3209 4142 3585 4204; x_wconf 88' lang='lat' dir='ltr'><strong>computantur</strong></span> <span class='ocrx_word' id='word_1_725' title='bbox 3605 4174 3619 4199; x_wconf 92' lang='lat'><strong>,</strong></span> 
     </span>
    </p>
   </div>
   <div class='ocr_carea' id='block_1_96' title="bbox 2040 4229 3621 4307">
    <p class='ocr_par' dir='ltr' id='par_1_96' title="bbox 2040 4229 3621 4307">
     <span class='ocr_line' id='line_1_96' title="bbox 2040 4229 3621 4307; baseline -0.01 -12"><span class='ocrx_word' id='word_1_726' title='bbox 2040 4255 2140 4295; x_wconf 85' lang='lat' dir='ltr'><strong>nos</strong></span> <span class='ocrx_word' id='word_1_727' title='bbox 2167 4239 2427 4307; x_wconf 80' lang='lat' dir='ltr'><strong>excipiet;</strong></span> <span class='ocrx_word' id='word_1_728' title='bbox 2458 4234 2550 4292; x_wconf 90' lang='lat' dir='ltr'><strong>sed</strong></span> <span class='ocrx_word' id='word_1_729' title='bbox 2581 4249 2766 4306; x_wconf 88' lang='lat' dir='ltr'><strong>puram</strong></span> <span class='ocrx_word' id='word_1_730' title='bbox 2794 4240 3102 4302; x_wconf 86' lang='lat' dir='ltr'><strong>castamque</strong></span> <span class='ocrx_word' id='word_1_731' title='bbox 3122 4229 3446 4298; x_wconf 89' lang='lat' dir='ltr'><strong>voluptatem</strong></span> <span class='ocrx_word' id='word_1_732' title='bbox 3477 4241 3621 4282; x_wconf 88' lang='lat' dir='ltr'><strong>sem-</strong></span> 
     </span>
    </p>
   </div>
   <div class='ocr_carea' id='block_1_97' title="bbox 2039 4318 3627 4400">
    <p class='ocr_par' dir='ltr' id='par_1_97' title="bbox 2039 4318 3627 4400">
     <span class='ocr_line' id='line_1_97' title="bbox 2039 4318 3627 4400; baseline -0.009 -15"><span class='ocrx_word' id='word_1_733' title='bbox 2039 4346 2135 4400; x_wconf 91' lang='lat' dir='ltr'><strong>per</strong></span> <span class='ocrx_word' id='word_1_734' title='bbox 2165 4329 2326 4396; x_wconf 89' lang='lat' dir='ltr'><strong>nacti,</strong></span> <span class='ocrx_word' id='word_1_735' title='bbox 2360 4329 2519 4383; x_wconf 89' lang='lat' dir='ltr'><strong>etiam</strong></span> <span class='ocrx_word' id='word_1_736' title='bbox 2549 4327 2722 4381; x_wconf 88' lang='lat' dir='ltr'><strong>futura</strong></span> <span class='ocrx_word' id='word_1_737' title='bbox 2747 4324 2885 4380; x_wconf 89' lang='lat' dir='ltr'><strong>bona</strong></span> <span class='ocrx_word' id='word_1_738' title='bbox 2913 4335 3303 4390; x_wconf 86' lang='lat' dir='ltr'><strong>consequemur</strong></span> <span class='ocrx_word' id='word_1_739' title='bbox 3340 4336 3352 4371; x_wconf 91' lang='lat'>:</span> <span class='ocrx_word' id='word_1_740' title='bbox 3378 4318 3544 4388; x_wconf 86' lang='lat' dir='ltr'><strong>gratia</strong></span> <span class='ocrx_word' id='word_1_741' title='bbox 3573 4324 3627 4370; x_wconf 87' lang='lat' dir='ltr'><strong>et</strong></span> 
     </span>
    </p>
   </div>
   <div class='ocr_carea' id='block_1_98' title="bbox 2040 4409 3626 4493">
    <p class='ocr_par' dir='ltr' id='par_1_98' title="bbox 2040 4409 3626 4493">
     <span class='ocr_line' id='line_1_98' title="bbox 2040 4409 3626 4493; baseline -0.011 -15"><span class='ocrx_word' id='word_1_742' title='bbox 2040 4423 2364 4493; x_wconf 88' lang='lat' dir='ltr'><strong>benignitate</strong></span> <span class='ocrx_word' id='word_1_743' title='bbox 2405 4419 2611 4474; x_wconf 90' lang='lat' dir='ltr'><strong>Domini</strong></span> <span class='ocrx_word' id='word_1_744' title='bbox 2641 4417 2805 4472; x_wconf 89' lang='lat' dir='ltr'><strong>nostri</strong></span> <span class='ocrx_word' id='word_1_745' title='bbox 2831 4416 2956 4471; x_wconf 84' lang='lat' dir='ltr'><strong>Jesu</strong></span> <span class='ocrx_word' id='word_1_746' title='bbox 2989 4411 3186 4469; x_wconf 83' lang='lat' dir='ltr'><strong>Christi</strong></span> <span class='ocrx_word' id='word_1_747' title='bbox 3207 4451 3222 4478; x_wconf 94' lang='lat'><strong>,</strong></span> <span class='ocrx_word' id='word_1_748' title='bbox 3245 4411 3454 4480; x_wconf 90' lang='lat' dir='ltr'><strong>quicum</strong></span> <span class='ocrx_word' id='word_1_749' title='bbox 3482 4409 3626 4463; x_wconf 82' lang='lat' dir='ltr'><strong>Patri</strong></span> 
     </span>
    </p>
   </div>
   <div class='ocr_carea' id='block_1_99' title="bbox 2039 4499 3625 4585">
    <p class='ocr_par' dir='ltr' id='par_1_99' title="bbox 2039 4499 3625 4585">
     <span class='ocr_line' id='line_1_99' title="bbox 2039 4499 3625 4585; baseline -0.009 -16"><span class='ocrx_word' id='word_1_750' title='bbox 2039 4516 2225 4585; x_wconf 87' lang='lat' dir='ltr'><strong>gloria,</strong></span> <span class='ocrx_word' id='word_1_751' title='bbox 2255 4530 2358 4568; x_wconf 88' lang='lat' dir='ltr'><strong>una</strong></span> <span class='ocrx_word' id='word_1_752' title='bbox 2386 4529 2506 4568; x_wconf 89' lang='lat' dir='ltr'><strong>cum</strong></span> <span class='ocrx_word' id='word_1_753' title='bbox 2527 4519 2710 4566; x_wconf 87' lang='lat' dir='ltr'><strong>sancto</strong></span> <span class='ocrx_word' id='word_1_754' title='bbox 2733 4509 2950 4578; x_wconf 87' lang='lat' dir='ltr'><strong>Spiritu,</strong></span> <span class='ocrx_word' id='word_1_755' title='bbox 2978 4521 3117 4561; x_wconf 91' lang='lat' dir='ltr'><strong>nunc</strong></span> <span class='ocrx_word' id='word_1_756' title='bbox 3145 4513 3200 4560; x_wconf 86' lang='lat' dir='ltr'><strong>et</strong></span> <span class='ocrx_word' id='word_1_757' title='bbox 3233 4517 3463 4571; x_wconf 83' lang='lat' dir='ltr'><strong>semper,</strong></span> <span class='ocrx_word' id='word_1_758' title='bbox 3495 4510 3550 4556; x_wconf 90' lang='lat' dir='ltr'><strong>et</strong></span> <span class='ocrx_word' id='word_1_759' title='bbox 3573 4499 3625 4555; x_wconf 87' lang='lat' dir='ltr'><strong>iu</strong></span> 
     </span>
    </p>
   </div>
   <div class='ocr_carea' id='block_1_100' title="bbox 2041 4603 2816 4662">
    <p class='ocr_par' dir='ltr' id='par_1_100' title="bbox 2041 4603 2816 4662">
     <span class='ocr_line' id='line_1_100' title="bbox 2041 4603 2816 4662; baseline -0.009 0"><span class='ocrx_word' id='word_1_760' title='bbox 2041 4608 2242 4662; x_wconf 78' lang='lat' dir='ltr'><strong>stecula</strong></span> <span class='ocrx_word' id='word_1_761' title='bbox 2263 4605 2596 4661; x_wconf 79' lang='lat' dir='ltr'><strong>saeculorum.</strong></span> <span class='ocrx_word' id='word_1_762' title='bbox 2628 4603 2816 4657; x_wconf 76' lang='lat' dir='ltr'><strong>Anien.</strong></span> 
     </span>
    </p>
   </div>
   <div class='ocr_carea' id='block_1_101' title="bbox 2065 4732 3152 4748">
    <p class='ocr_par' dir='ltr' id='par_1_101' title="bbox 2065 4732 3152 4748">
     <span class='ocr_line' id='line_1_101' title="bbox 2065 4732 3152 4748; baseline -0.008 0"><span class='ocrx_word' id='word_1_763' title='bbox 2065 4741 2206 4748; x_wconf 70' lang='lat'><strong>___...</strong></span> <span class='ocrx_word' id='word_1_764' title='bbox 2213 4732 3152 4748; x_wconf 53' lang='lat' dir='ltr'><strong>m__m</strong></span> 
     </span>
    </p>
   </div>
   <div class='ocr_carea' id='block_1_102' title="bbox 357 4821 3628 4883">
    <p class='ocr_par' dir='ltr' id='par_1_102' title="bbox 357 4821 3628 4883">
     <span class='ocr_line' id='line_1_102' title="bbox 357 4821 3628 4883; baseline -0.002 -11"><span class='ocrx_word' id='word_1_765' title='bbox 357 4829 637 4873; x_wconf 63' lang='lat' dir='ltr'><strong>EIUSDEM</strong></span> <span class='ocrx_word' id='word_1_766' title='bbox 693 4831 961 4874; x_wconf 76' lang='grc' dir='ltr'><strong>ῐιοΜιιιΑ</strong></span> <span class='ocrx_word' id='word_1_767' title='bbox 1010 4833 1091 4874; x_wconf 77' lang='grc' dir='ltr'><strong>ΒΕ</strong></span> <span class='ocrx_word' id='word_1_768' title='bbox 1120 4833 1380 4874; x_wconf 69' lang='lat' dir='ltr'><strong>JEJ‘UNIO</strong></span> <span class='ocrx_word' id='word_1_769' title='bbox 1425 4834 1505 4876; x_wconf 87' lang='lat' dir='ltr'><strong>ET</strong></span> <span class='ocrx_word' id='word_1_770' title='bbox 1549 4834 1611 4876; x_wconf 69' lang='lat' dir='ltr'><strong>IN</strong></span> <span class='ocrx_word' id='word_1_771' title='bbox 1655 4834 1862 4878; x_wconf 73' lang='lat' dir='ltr'><strong>JONAM</strong></span> <span class='ocrx_word' id='word_1_772' title='bbox 1908 4833 2312 4881; x_wconf 71' lang='lat' dir='ltr'><strong>PROPHETA&#39;M,</strong></span> <span class='ocrx_word' id='word_1_773' title='bbox 2359 4832 2440 4874; x_wconf 83' lang='lat' dir='ltr'><strong>ET</strong></span> <span class='ocrx_word' id='word_1_774' title='bbox 2483 4829 2832 4883; x_wconf 76' lang='lat' dir='ltr'><strong>DANIELEM,</strong></span> <span class='ocrx_word' id='word_1_775' title='bbox 2880 4828 2960 4869; x_wconf 83' lang='lat' dir='ltr'><strong>ET</strong></span> <span class='ocrx_word' id='word_1_776' title='bbox 3001 4825 3157 4868; x_wconf 77' lang='lat' dir='ltr'><strong>TRES</strong></span> <span class='ocrx_word' id='word_1_777' title='bbox 3213 4823 3488 4879; x_wconf 75' lang='lat' dir='ltr'><strong>PUEROS,</strong></span> <span class='ocrx_word' id='word_1_778' title='bbox 3549 4821 3628 4864; x_wconf 66' lang='grc' dir='ltr'><strong>ΕΤ</strong></span> 
     </span>
    </p>
   </div>
   <div class='ocr_carea' id='block_1_103' title="bbox 709 4925 3244 4977">
    <p class='ocr_par' dir='ltr' id='par_1_103' title="bbox 709 4925 3244 4977">
     <span class='ocr_line' id='line_1_103' title="bbox 709 4925 3244 4977; baseline -0.002 -5"><span class='ocrx_word' id='word_1_779' title='bbox 709 4932 790 4972; x_wconf 81' lang='lat' dir='ltr'><strong>DE</strong></span> <span class='ocrx_word' id='word_1_780' title='bbox 835 4932 1267 4975; x_wconf 66' lang='lat' dir='ltr'><strong>POENITENTIA.</strong></span> <span class='ocrx_word' id='word_1_781' title='bbox 1316 4933 1502 4975; x_wconf 76' lang='lat' dir='ltr'><strong>DICTA</strong></span> <span class='ocrx_word' id='word_1_782' title='bbox 1549 4934 1658 4976; x_wconf 82' lang='lat' dir='ltr'><strong>EST</strong></span> <span class='ocrx_word' id='word_1_783' title='bbox 1704 4935 1916 4977; x_wconf 81' lang='lat' dir='ltr'><strong>AUTEM</strong></span> <span class='ocrx_word' id='word_1_784' title='bbox 1961 4934 2025 4976; x_wconf 78' lang='lat' dir='ltr'><strong>IN</strong></span> <span class='ocrx_word' id='word_1_785' title='bbox 2052 4928 2384 4976; x_wconf 76' lang='lat' dir='ltr'><strong>SACRORUM</strong></span> <span class='ocrx_word' id='word_1_786' title='bbox 2427 4928 2824 4972; x_wconf 76' lang='lat' dir='ltr'><strong>JEJUNIOBUM</strong></span> <span class='ocrx_word' id='word_1_787' title='bbox 2869 4925 3244 4970; x_wconf 72' lang='lat' dir='ltr'><strong>INGBESSUM.</strong></span> 
     </span>
    </p>
   </div>
   <div class='ocr_carea' id='block_1_104' title="bbox 936 5205 1368 5274">
    <p class='ocr_par' dir='ltr' id='par_1_104' title="bbox 936 5205 1368 5274">
     <span class='ocr_line' id='line_1_104' title="bbox 936 5205 1368 5274; baseline -0.002 -15"><span class='ocrx_word' id='word_1_788' title='bbox 936 5221 1149 5260; x_wconf 72' lang='lat' dir='ltr'><strong>llUMlLlA</strong></span> <span class='ocrx_word' id='word_1_789' title='bbox 1190 5222 1219 5258; x_wconf 91' lang='lat' dir='ltr'><strong>v</strong></span> <span class='ocrx_word' id='word_1_790' title='bbox 1267 5205 1368 5274; x_wconf 81' lang='lat' dir='ltr'><strong>(tt).</strong></span> 
     </span>
    </p>
   </div>
   <div class='ocr_carea' id='block_1_105' title="bbox 430 5295 1936 5364">
    <p class='ocr_par' dir='ltr' id='par_1_105' title="bbox 430 5295 1936 5364">
     <span class='ocr_line' id='line_1_105' title="bbox 430 5295 1936 5364; baseline -0.001 -14"><span class='ocrx_word' id='word_1_791' title='bbox 430 5298 482 5352; x_wconf 86' lang='lat' dir='ltr'><strong>l.</strong></span> <span class='ocrx_word' id='word_1_792' title='bbox 515 5296 658 5351; x_wconf 53' lang='lat' dir='ltr'><strong>Lavta</strong></span> <span class='ocrx_word' id='word_1_793' title='bbox 685 5297 838 5350; x_wconf 86' lang='lat' dir='ltr'><strong>nobis</strong></span> <span class='ocrx_word' id='word_1_794' title='bbox 865 5296 1020 5351; x_wconf 89' lang='lat' dir='ltr'><strong>hodie</strong></span> <span class='ocrx_word' id='word_1_795' title='bbox 1047 5311 1108 5350; x_wconf 90' lang='lat' dir='ltr'><strong>ac</strong></span> <span class='ocrx_word' id='word_1_796' title='bbox 1134 5297 1318 5350; x_wconf 79' lang='lat' dir='ltr'><strong>festiva</strong></span> <span class='ocrx_word' id='word_1_797' title='bbox 1346 5296 1644 5356; x_wconf 89' lang='lat' dir='ltr'><strong>celebritas,</strong></span> <span class='ocrx_word' id='word_1_798' title='bbox 1674 5295 1936 5364; x_wconf 85' lang='lat' dir='ltr'><strong>solitoque</strong></span> 
     </span>
    </p>
   </div>
   <div class='ocr_carea' id='block_1_106' title="bbox 357 5385 1937 5455">
    <p class='ocr_par' dir='ltr' id='par_1_106' title="bbox 357 5385 1937 5455">
     <span class='ocr_line' id='line_1_106' title="bbox 357 5385 1937 5455; baseline -0.004 -11"><span class='ocrx_word' id='word_1_799' title='bbox 357 5389 613 5444; x_wconf 78' lang='lat' dir='ltr'><strong>llittslt‘int‘</strong></span> <span class='ocrx_word' id='word_1_800' title='bbox 638 5399 828 5442; x_wconf 74' lang='lat' dir='ltr'><strong>cmtus.</strong></span> <span class='ocrx_word' id='word_1_801' title='bbox 858 5387 1110 5454; x_wconf 62' lang='lat' dir='ltr'><strong>Quasnam</strong></span> <span class='ocrx_word' id='word_1_802' title='bbox 1133 5402 1262 5455; x_wconf 86' lang='lat' dir='ltr'><strong>ergo</strong></span> <span class='ocrx_word' id='word_1_803' title='bbox 1281 5386 1476 5442; x_wconf 82' lang='lat' dir='ltr'><strong>causa?</strong></span> <span class='ocrx_word' id='word_1_804' title='bbox 1501 5385 1692 5454; x_wconf 77' lang='lat' dir='ltr'><strong>Jejunii</strong></span> <span class='ocrx_word' id='word_1_805' title='bbox 1719 5387 1937 5454; x_wconf 74' lang='lat' dir='ltr'><strong>prmcla-</strong></span> 
     </span>
    </p>
   </div>
   <div class='ocr_carea' id='block_1_107' title="bbox 359 5476 1938 5548">
    <p class='ocr_par' dir='ltr' id='par_1_107' title="bbox 359 5476 1938 5548">
     <span class='ocr_line' id='line_1_107' title="bbox 359 5476 1938 5548; baseline -0.002 -16"><span class='ocrx_word' id='word_1_806' title='bbox 359 5495 474 5533; x_wconf 85' lang='lat' dir='ltr'><strong>rum</strong></span> <span class='ocrx_word' id='word_1_807' title='bbox 502 5495 635 5548; x_wconf 83' lang='lat' dir='ltr'><strong>Opus</strong></span> <span class='ocrx_word' id='word_1_808' title='bbox 665 5481 764 5532; x_wconf 82' lang='lat' dir='ltr'><strong>hoc</strong></span> <span class='ocrx_word' id='word_1_809' title='bbox 792 5494 908 5532; x_wconf 58' lang='grc' dir='ltr'><strong>οδες</strong></span> <span class='ocrx_word' id='word_1_810' title='bbox 938 5479 1094 5542; x_wconf 90' lang='lat' dir='ltr'><strong>novi,</strong></span> <span class='ocrx_word' id='word_1_811' title='bbox 1126 5476 1314 5547; x_wconf 88' lang='lat' dir='ltr'><strong>jejunii</strong></span> <span class='ocrx_word' id='word_1_812' title='bbox 1355 5491 1457 5530; x_wconf 89' lang='lat' dir='ltr'><strong>non</strong></span> <span class='ocrx_word' id='word_1_813' title='bbox 1507 5477 1810 5546; x_wconf 86' lang='lat' dir='ltr'><strong>praesentis,</strong></span> <span class='ocrx_word' id='word_1_814' title='bbox 1847 5476 1938 5530; x_wconf 83' lang='lat' dir='ltr'><strong>sed</strong></span> 
     </span>
    </p>
   </div>
   <div class='ocr_carea' id='block_1_108' title="bbox 358 5567 1937 5642">
    <p class='ocr_par' dir='ltr' id='par_1_108' title="bbox 358 5567 1937 5642">
     <span class='ocr_line' id='line_1_108' title="bbox 358 5567 1937 5642; baseline -0.003 -16"><span class='ocrx_word' id='word_1_815' title='bbox 358 5572 677 5642; x_wconf 64' lang='lat' dir='ltr'><strong>exspectati.</strong></span> <span class='ocrx_word' id='word_1_816' title='bbox 713 5569 844 5624; x_wconf 86' lang='lat' dir='ltr'><strong>lllud</strong></span> <span class='ocrx_word' id='word_1_817' title='bbox 883 5584 1110 5640; x_wconf 88' lang='lat' dir='ltr'><strong>namque</strong></span> <span class='ocrx_word' id='word_1_818' title='bbox 1143 5584 1242 5623; x_wconf 87' lang='lat' dir='ltr'><strong>nos</strong></span> <span class='ocrx_word' id='word_1_819' title='bbox 1281 5568 1385 5624; x_wconf 93' lang='lat' dir='ltr'><strong>huc</strong></span> <span class='ocrx_word' id='word_1_820' title='bbox 1411 5567 1476 5623; x_wconf 88' lang='lat' dir='ltr'><strong>ad</strong></span> <span class='ocrx_word' id='word_1_821' title='bbox 1504 5577 1775 5638; x_wconf 87' lang='lat' dir='ltr'><strong>paternam</strong></span> <span class='ocrx_word' id='word_1_822' title='bbox 1807 5581 1937 5623; x_wconf 62' lang='lat' dir='ltr'><strong>cono</strong></span> 
     </span>
    </p>
   </div>
   <div class='ocr_carea' id='block_1_109' title="bbox 427 5707 1626 5771">
    <p class='ocr_par' dir='ltr' id='par_1_109' title="bbox 427 5707 1626 5771">
     <span class='ocr_line' id='line_1_109' title="bbox 427 5707 1626 5771; baseline 0 -13"><span class='ocrx_word' id='word_1_823' title='bbox 427 5709 496 5770; x_wconf 75' lang='grc' dir='ltr'><strong>ζα)</strong></span> <span class='ocrx_word' id='word_1_824' title='bbox 519 5708 698 5760; x_wconf 60' lang='grc' dir='ltr'><strong>εοιιδιει</strong></span> <span class='ocrx_word' id='word_1_825' title='bbox 722 5721 829 5758; x_wconf 83' lang='lat' dir='ltr'><strong>cum</strong></span> <span class='ocrx_word' id='word_1_826' title='bbox 853 5715 957 5758; x_wconf 71' lang='lat' dir='ltr'><strong>Mss.</strong></span> <span class='ocrx_word' id='word_1_827' title='bbox 975 5708 1134 5771; x_wconf 74' lang='lat' dir='ltr'><strong>Regiis</strong></span> <span class='ocrx_word' id='word_1_828' title='bbox 1151 5707 1293 5770; x_wconf 77' lang='lat'><strong>1828,</strong></span> <span class='ocrx_word' id='word_1_829' title='bbox 1317 5707 1452 5771; x_wconf 72' lang='lat'><strong>1829,</strong></span> <span class='ocrx_word' id='word_1_830' title='bbox 1475 5707 1594 5758; x_wconf 57' lang='lat' dir='ltr'><strong>2E!</strong></span> <span class='ocrx_word' id='word_1_831' title='bbox 1609 5737 1626 5758; x_wconf 88' lang='lat'><strong>.</strong></span> 
     </span>
    </p>
   </div>
   <div class='ocr_carea' id='block_1_110' title="bbox 1974 5058 2049 5109">
    <p class='ocr_par' dir='ltr' id='par_1_110' title="bbox 1974 5058 2049 5109">
     <span class='ocr_line' id='line_1_110' title="bbox 1974 5058 2049 5109; baseline 0 -16"><span class='ocrx_word' id='word_1_832' title='bbox 1974 5058 2049 5109; x_wconf 70' lang='grc' dir='ltr'><strong>ο.</strong></span> 
     </span>
    </p>
   </div>
   <div class='ocr_carea' id='block_1_111' title="bbox 2067 5077 2268 5092">
    <p class='ocr_par' dir='ltr' id='par_1_111' title="bbox 2067 5077 2268 5092">
     <span class='ocr_line' id='line_1_111' title="bbox 2067 5077 2268 5092; baseline 0 -4"><span class='ocrx_word' id='word_1_833' title='bbox 2067 5077 2268 5092; x_wconf 69' lang='grc' dir='ltr'><strong>...ιι-.-</strong></span> 
     </span>
    </p>
   </div>
   <div class='ocr_carea' id='block_1_112' title="bbox 2047 5188 3630 5272">
    <p class='ocr_par' dir='ltr' id='par_1_112' title="bbox 2047 5188 3630 5272">
     <span class='ocr_line' id='line_1_112' title="bbox 2047 5188 3630 5272; baseline -0.008 -18"><span class='ocrx_word' id='word_1_834' title='bbox 2047 5199 2281 5272; x_wconf 82' lang='lat' dir='ltr'><strong>gregavit</strong></span> <span class='ocrx_word' id='word_1_835' title='bbox 2299 5199 2514 5254; x_wconf 81' lang='lat' dir='ltr'><strong>domum</strong></span> <span class='ocrx_word' id='word_1_836' title='bbox 2539 5217 2548 5250; x_wconf 92' lang='lat'><strong>:</strong></span> <span class='ocrx_word' id='word_1_837' title='bbox 2575 5195 2700 5250; x_wconf 89' lang='lat' dir='ltr'><strong>illud</strong></span> <span class='ocrx_word' id='word_1_838' title='bbox 2723 5197 2880 5250; x_wconf 87' lang='lat' dir='ltr'><strong>ctiam</strong></span> <span class='ocrx_word' id='word_1_839' title='bbox 2903 5202 2994 5249; x_wconf 84' lang='lat' dir='ltr'><strong>eos</strong></span> <span class='ocrx_word' id='word_1_840' title='bbox 3016 5193 3103 5265; x_wconf 88' lang='lat' dir='ltr'><strong>qui</strong></span> <span class='ocrx_word' id='word_1_841' title='bbox 3125 5191 3348 5246; x_wconf 84' lang='lat' dir='ltr'><strong>antehac</strong></span> <span class='ocrx_word' id='word_1_842' title='bbox 3373 5188 3630 5258; x_wconf 80' lang='lat' dir='ltr'><strong>pigriores</strong></span> 
     </span>
    </p>
   </div>
   <div class='ocr_carea' id='block_1_113' title="bbox 2047 5276 3629 5355">
    <p class='ocr_par' dir='ltr' id='par_1_113' title="bbox 2047 5276 3629 5355">
     <span class='ocr_line' id='line_1_113' title="bbox 2047 5276 3629 5355; baseline -0.01 -10"><span class='ocrx_word' id='word_1_843' title='bbox 2047 5292 2256 5345; x_wconf 86' lang='lat' dir='ltr'><strong>fuerunt</strong></span> <span class='ocrx_word' id='word_1_844' title='bbox 2280 5277 2388 5355; x_wconf 42' lang='lat' dir='ltr'><strong>[ad</strong></span> <span class='ocrx_word' id='word_1_845' title='bbox 2421 5287 2724 5342; x_wconf 75' lang='lat' dir='ltr'><strong>matcrnas‘</strong></span> <span class='ocrx_word' id='word_1_846' title='bbox 2755 5285 2966 5341; x_wconf 79' lang='lat' dir='ltr'><strong>reduxit</strong></span> <span class='ocrx_word' id='word_1_847' title='bbox 2995 5297 3199 5337; x_wconf 90' lang='lat' dir='ltr'><strong>manus.</strong></span> <span class='ocrx_word' id='word_1_848' title='bbox 3246 5279 3302 5335; x_wconf 92' lang='lat' dir='ltr'><strong>Si</strong></span> <span class='ocrx_word' id='word_1_849' title='bbox 3331 5292 3458 5333; x_wconf 89' lang='lat' dir='ltr'><strong>vero</strong></span> <span class='ocrx_word' id='word_1_850' title='bbox 3487 5276 3629 5347; x_wconf 79' lang='lat' dir='ltr'><strong>quod</strong></span> 
     </span>
    </p>
   </div>
   <div class='ocr_carea' id='block_1_114' title="bbox 2046 5367 3628 5454">
    <p class='ocr_par' dir='ltr' id='par_1_114' title="bbox 2046 5367 3628 5454">
     <span class='ocr_line' id='line_1_114' title="bbox 2046 5367 3628 5454; baseline -0.011 -14"><span class='ocrx_word' id='word_1_851' title='bbox 2046 5390 2384 5454; x_wconf 80' lang='lat' dir='ltr'><strong>exspectetur</strong></span> <span class='ocrx_word' id='word_1_852' title='bbox 2411 5380 2603 5446; x_wconf 91' lang='lat' dir='ltr'><strong>solum,</strong></span> <span class='ocrx_word' id='word_1_853' title='bbox 2637 5387 2840 5434; x_wconf 92' lang='lat' dir='ltr'><strong>tantum</strong></span> <span class='ocrx_word' id='word_1_854' title='bbox 2866 5376 3024 5432; x_wconf 90' lang='lat' dir='ltr'><strong>studii</strong></span> <span class='ocrx_word' id='word_1_855' title='bbox 3051 5375 3202 5429; x_wconf 85' lang='lat' dir='ltr'><strong>nobis</strong></span> <span class='ocrx_word' id='word_1_856' title='bbox 3232 5367 3473 5442; x_wconf 88' lang='lat' dir='ltr'><strong>ingessit,</strong></span> <span class='ocrx_word' id='word_1_857' title='bbox 3505 5385 3628 5424; x_wconf 92' lang='lat' dir='ltr'><strong>cum</strong></span> 
     </span>
    </p>
   </div>
   <div class='ocr_carea' id='block_1_115' title="bbox 2046 5465 3628 5549">
    <p class='ocr_par' dir='ltr' id='par_1_115' title="bbox 2046 5465 3628 5549">
     <span class='ocr_line' id='line_1_115' title="bbox 2046 5465 3628 5549; baseline -0.009 -17"><span class='ocrx_word' id='word_1_858' title='bbox 2046 5477 2349 5549; x_wconf 88' lang='lat' dir='ltr'><strong>apparuerit</strong></span> <span class='ocrx_word' id='word_1_859' title='bbox 2376 5475 2774 5543; x_wconf 82' lang='lat' dir='ltr'><strong>adveneritque,</strong></span> <span class='ocrx_word' id='word_1_860' title='bbox 2796 5478 3046 5540; x_wconf 91' lang='lat' dir='ltr'><strong>quantam</strong></span> <span class='ocrx_word' id='word_1_861' title='bbox 3071 5468 3120 5522; x_wconf 89' lang='lat' dir='ltr'><strong>in</strong></span> <span class='ocrx_word' id='word_1_862' title='bbox 3154 5465 3306 5520; x_wconf 91' lang='lat' dir='ltr'><strong>nobis</strong></span> <span class='ocrx_word' id='word_1_863' title='bbox 3329 5473 3628 5520; x_wconf 79' lang='lat' dir='ltr'><strong>veneratio-</strong></span> 
     </span>
    </p>
   </div>
   <div class='ocr_carea' id='block_1_116' title="bbox 2049 5555 3628 5630">
    <p class='ocr_par' dir='ltr' id='par_1_116' title="bbox 2049 5555 3628 5630">
     <span class='ocr_line' id='line_1_116' title="bbox 2049 5555 3628 5630; baseline -0.009 -5"><span class='ocrx_word' id='word_1_864' title='bbox 2049 5584 2171 5625; x_wconf 89' lang='lat' dir='ltr'><strong>nem</strong></span> <span class='ocrx_word' id='word_1_865' title='bbox 2199 5565 2432 5624; x_wconf 80' lang='lat' dir='ltr'><strong>efficiet?</strong></span> <span class='ocrx_word' id='word_1_866' title='bbox 2456 5565 2542 5621; x_wconf 93' lang='lat' dir='ltr'><strong>Sic</strong></span> <span class='ocrx_word' id='word_1_867' title='bbox 2563 5573 2616 5620; x_wconf 91' lang='lat' dir='ltr'><strong>et</strong></span> <span class='ocrx_word' id='word_1_868' title='bbox 2640 5564 2845 5626; x_wconf 90' lang='lat' dir='ltr'><strong>civitas,</strong></span> <span class='ocrx_word' id='word_1_869' title='bbox 2872 5559 3105 5630; x_wconf 87' lang='lat' dir='ltr'><strong>principe</strong></span> <span class='ocrx_word' id='word_1_870' title='bbox 3131 5555 3406 5615; x_wconf 87' lang='lat' dir='ltr'><strong>tremendo</strong></span> <span class='ocrx_word' id='word_1_871' title='bbox 3426 5556 3628 5628; x_wconf 74' lang='lat' dir='ltr'><strong>ingres-</strong></span> 
     </span>
    </p>
   </div>
   <div class='ocr_carea' id='block_1_117' title="bbox 2119 5701 2925 5761">
    <p class='ocr_par' dir='ltr' id='par_1_117' title="bbox 2119 5701 2925 5761">
     <span class='ocr_line' id='line_1_117' title="bbox 2119 5701 2925 5761; baseline -0.015 -6"><span class='ocrx_word' id='word_1_872' title='bbox 2119 5705 2130 5736; x_wconf 83' lang='lat'>&#39;</span> <span class='ocrx_word' id='word_1_873' title='bbox 2162 5705 2272 5755; x_wconf 63' lang='lat' dir='ltr'><strong>Sat.</strong></span> <span class='ocrx_word' id='word_1_874' title='bbox 2301 5706 2350 5752; x_wconf 86' lang='lat' dir='ltr'><strong>et</strong></span> <span class='ocrx_word' id='word_1_875' title='bbox 2374 5712 2500 5751; x_wconf 89' lang='lat' dir='ltr'><strong>unus</strong></span> <span class='ocrx_word' id='word_1_876' title='bbox 2523 5704 2656 5761; x_wconf 52' lang='lat' dir='ltr'><strong>Reg,</strong></span> <span class='ocrx_word' id='word_1_877' title='bbox 2684 5701 2925 5760; x_wconf 72' lang='lat' dir='ltr'><strong>paternas.</strong></span> 
     </span>
    </p>
   </div>
  </div>
