3894 6226
294 277 398 334 507

296 405 444 457 suro,
471 403 684 445 omnem
722 383 921 442 omittit
955 382 1233 449 desidiam,
1279 379 1574 452 majorique
1620 378 1880 434 excitatur

296 480 496 535 studio.

369 569 636 624 Daemones
675 566 927 637 jejunium
972 563 1372 619 Christianorum
1409 571 1654 616 metuunt.
1681 590 1750 601 —
1776 558 1884 614 Sed

298 663 439 718 haud
470 662 654 716 timete
684 657 1015 714 tremendum
1045 655 1335 725 principem
1363 653 1623 724 jejunium
1662 651 1883 707 audien-

300 763 383 809 tes
413 769 426 806 :
458 767 562 805 non
597 750 739 805 enim
769 747 940 814 vobis,
969 745 1062 800 sed
1103 743 1489 799 daemoniorum
1531 752 1734 797 natura:
1775 752 1884 796 tre-

303 843 556 900 mendum
577 851 676 896 est.
707 838 916 893 Etenim
938 837 982 892 si
1003 837 1263 891 lunaticus
1286 835 1443 890 fuerit
1466 835 1604 905 quis,
1625 833 1810 904 jejunii
1837 832 1886 887 ei

302 933 488 988 faciem
515 930 759 996 ostende,
787 938 945 998 atque
971 927 1234 997 lapidibus
1265 926 1393 996 ipsis
1419 925 1743 980 immobilior
1767 939 1886 978 ma-

304 1036 396 1078 net
439 1023 628 1077 timore
663 1019 1002 1085 constrictus,
1029 1027 1084 1072 et
1109 1017 1268 1072 veluti
1299 1015 1509 1071 vinculo
1533 1016 1760 1086 quodam
1789 1014 1888 1069 de—

305 1122 482 1168 tentus
513 1130 528 1167 :
555 1112 713 1182 idque
743 1111 1098 1181 potissimum,
1122 1125 1240 1164 cum
1262 1108 1450 1162 viderit
1474 1108 1678 1178 jejunio
1705 1106 1892 1176 adjun-

301 1215 442 1260 Ctam
484 1218 721 1259 sororem
739 1200 1281 1269 contubernalemque
1302 1199 1516 1269 jejunii,
1549 1198 1842 1252 orationem
1874 1213 1888 1250 :

306 1295 426 1352 ideo
452 1294 693 1352 Christus
715 1292 843 1347 dicit
866 1309 879 1347 :
906 1290 1020 1345 Hoc
1037 1308 1195 1363 genus
1221 1307 1323 1345 non
1351 1290 1550 1361 ejicitur
1573 1290 1670 1344 nisi
1697 1289 1750 1343 in
1778 1305 1894 1343 ora-

303 1389 436 1442 tione
474 1395 522 1442 et
555 1386 757 1457 jejunio
783 1383 998 1458 (Matth.
1027 1385 1115 1440 I7.
1144 1380 1259 1455 20).
1301 1383 1434 1439 Cum
1477 1384 1654 1454 itaque
1696 1390 1894 1438 nostrae

304 1478 489 1532 salutis
518 1475 701 1532 hostes
719 1476 797 1530 sic
819 1483 1184 1546 persequatur,
1208 1482 1366 1545 atque
1392 1474 1620 1528 inimicis
1643 1473 1764 1528 vita:
1789 1488 1892 1528 no-

304 1579 434 1624 strae
463 1577 567 1622 tam
600 1569 670 1623 sit
698 1566 992 1622 timendum
1012 1608 1027 1631 ,
1055 1580 1236 1621 amare
1267 1575 1320 1620 et
1339 1564 1560 1635 diligere
1585 1564 1639 1618 id
1663 1572 1892 1634 oportet,

307 1672 412 1714 non
442 1659 633 1714 timere
663 1674 676 1710 :
705 1658 750 1712 si
779 1657 922 1712 enim
951 1655 1244 1712 timendum
1270 1663 1353 1711 est
1377 1697 1392 1723 ,
1435 1655 1665 1711 ebrietas
1693 1663 1748 1709 et
1774 1669 1895 1710 cra~

307 1749 452 1820 pula,
471 1764 577 1804 non
599 1747 858 1818 jejunium
885 1747 1059 1802 timeri
1083 1747 1262 1802 debet.
1292 1747 1382 1801 Illa
1404 1747 1662 1816 siquidem
1684 1755 1895 1802 nostras

310 1848 430 1907 post
473 1847 617 1910 terga
665 1839 832 1908 ligans
874 1852 1084 1906 manus,
1123 1837 1372 1892 vitiorum
1418 1837 1702 1908 tyrannidi,
1734 1837 1896 1892 veluti

308 1929 519 1984 cuidam
538 1943 713 1999 pravae
732 1928 982 1994 dominae,
1001 1941 1190 1982 servos
1213 1941 1311 1982 nos
1329 1927 1668 1997 captivosque
1684 1926 1857 1983 reddit
1881 1945 1894 1982 :

307 2019 568 2090 jejunium
598 2033 724 2074 vero
749 2032 936 2074 servos
962 2017 1261 2073 existentes
1285 2032 1383 2072 nos
1411 2027 1570 2088 atque
1599 2018 1788 2087 ligatos
1813 2018 1894 2072 in-

312 2111 555 2178 veniens,
573 2109 784 2165 vincula
805 2110 964 2164 solvit
987 2117 1040 2164 et
1062 2108 1340 2180 tyrannide
1360 2109 1568 2176 liberat,
1593 2110 1899 2180 pristinam-

311 2216 416 2270 que
439 2200 494 2256 in
521 2200 817 2256 libertatem
847 2198 1070 2254 reducit.
1101 2198 1264 2268 Igitur
1291 2200 1505 2270 quando
1531 2200 1772 2256 inimicos
1792 2216 1894 2257 no-

307 2300 450 2348 stros
495 2299 782 2362 expugnat,
822 2290 1182 2360 servituteque
1224 2305 1323 2347 nos
1363 2291 1584 2357 liberat,
1627 2301 1786 2362 atque
1830 2291 1898 2346 ad

308 2385 542 2454 priorem
564 2383 770 2438 reducit
790 2382 1113 2450 libertatem,
1131 2397 1288 2453 quam
1318 2383 1475 2439 aliam
1499 2384 1754 2455 majorem
1779 2385 1897 2455 eius

310 2489 438 2545 erga
467 2483 709 2530 nostrum
729 2487 898 2544 genus
923 2474 1174 2529 amicitiae
1200 2475 1464 2530 rationem
1494 2477 1766 2547 exquiris?
1795 2477 1895 2533 Et-

315 2569 458 2622 enim
499 2557 788 2620 maximum
835 2566 1033 2620 amoris
1069 2565 1322 2621 indicium
1361 2566 1413 2621 id
1451 2581 1572 2622 esse
1600 2568 1826 2634 videtur,
1855 2571 1899 2624 si

315 2659 529 2714 eosdem
560 2658 835 2714 nobiscum
862 2667 1006 2714 amet
1029 2659 1170 2729 quis,
1197 2667 1251 2714 et
1270 2660 1394 2715 odio
1421 2673 1787 2732 prosequatur.

387 2748 756 2804 Manachorum
782 2750 914 2804 laus.
939 2778 1012 2790 —
1043 2749 1132 2805 Vis
1158 2750 1385 2818 discere,
1412 2761 1639 2822 quantus
1667 2754 1894 2809 homini-

317 2842 416 2896 bus
440 2849 659 2896 ornatus
687 2841 757 2897 sit
782 2840 1064 2911 jejunium,
1093 2851 1346 2912 quantum
1377 2851 1610 2900 tutamen
1640 2860 1704 2900 ac
1731 2855 1902 2901 custo-

314 2935 436 2991 dia?
460 2935 738 2992 considera
763 2935 973 2991 beatum
1003 2944 1162 3006 atque
1185 2935 1498 2992 admirabile
1519 2938 1898 2993 monachorum

316 3043 504 3096 genus.
544 3027 607 3082 Hi
650 3043 880 3097 namque
914 3028 1198 3084 tumultum
1226 3030 1404 3084 saeculi
1435 3029 1714 3101 fugientes,
1743 3040 1900 3101 atque

315 3121 384 3177 ad
409 3121 522 3190 ipsa
545 3120 803 3174 montium
828 3120 1100 3176 cacumina
1117 3130 1415 3188 currentes,
1436 3122 1643 3191 tuguria
1665 3123 1714 3176 in
1733 3122 1900 3179 eremi

316 3211 497 3279 quiete
543 3209 704 3265 veluti
751 3210 803 3264 in
851 3211 1134 3280 tranquillo
1177 3211 1406 3282 quodam
1451 3222 1608 3282 portu
1657 3211 1896 3283 ﬁgentes,

315 3302 576 3372 jejunium
599 3316 698 3358 ceu
722 3302 1031 3358 commercii
1057 3303 1284 3372 vitaeque
1306 3303 1508 3358 socium
1532 3312 1898 3373 susceperunt.

318 3398 494 3462 Quare
533 3396 751 3465 angelos
798 3410 865 3450 ex
912 3394 1214 3450 hominibus
1255 3395 1374 3450 illos
1417 3394 1543 3450 fecit
1582 3412 1594 3448 :
1637 3411 1744 3450 non
1782 3396 1902 3452 illos

315 3488 507 3553 modo,
533 3488 628 3543 sed
651 3497 704 3542 et
734 3487 786 3541 in
814 3487 1032 3543 urbibus
1067 3496 1324 3558 quotquot
1350 3501 1410 3542 se
1437 3488 1724 3542 tolerantes
1751 3488 1901 3543 inve-

318 3579 420 3645 nit,
464 3577 531 3633 ad
576 3578 748 3647 ipsum
793 3577 1144 3648 pltilOSOphite
1185 3579 1395 3633 culmen
1439 3577 1636 3633 evehit.
1675 3578 1807 3634 Nam
1850 3589 1904 3635 et

320 3668 493 3724 Moses
538 3676 592 3722 et
636 3667 799 3730 Elias,
843 3666 1224 3736 prOphetarum
1261 3669 1312 3722 in
1345 3669 1524 3723 Veteri
1561 3668 1904 3726 Testamento

321 3769 517 3823 turres,
547 3757 753 3812 tametsi
773 3771 838 3812 ex
860 3756 976 3814 aliis
1001 3757 1235 3813 illustres
1252 3758 1533 3828 magnique
1557 3758 1899 3830 haberentur,

323 3864 387 3904 ac
412 3849 578 3904 multa
611 3847 802 3904 ﬁducia
829 3847 1146 3919 gauderent;
1191 3856 1369 3904 tamen
1409 3848 1454 3903 si
1492 3849 1703 3919 quando
1737 3851 1902 3906 Deum

321 3940 572 3996 volebant
613 3939 763 3995 adire
800 3947 855 3994 et
897 3939 1114 4010 alloqui,
1145 3947 1399 4009 quantum
1425 3939 1627 4006 homini
1655 3941 1906 4011 possibile

322 4041 462 4100 erat,
491 4031 557 4086 ad
589 4031 690 4088 hoc
715 4031 1108 4102 confugiebant,
1135 4042 1292 4101 atque
1322 4046 1415 4102 per
1441 4030 1599 4102 hujus
1622 4047 1811 4087 manus
1838 4032 1904 4088 ad

324 4125 490 4179 Deum
511 4123 859 4179 ducebantur.
892 4122 1099 4178 Idcirco
1125 4122 1264 4177 Deus
1297 4122 1566 4177 hominem
1591 4137 1620 4177 a
1647 4123 1906 4193 principio

323 4214 542 4281 faciens,
575 4214 713 4269 illico
741 4213 972 4269 delatum
1001 4229 1124 4270 eum
1151 4213 1340 4284 jejunii
1365 4214 1609 4269 manibus
1635 4229 1908 4270 commen-

327 4303 490 4370 davit,
515 4303 674 4358 veluti
704 4304 804 4373 pia:
823 4303 1141 4374 amabilique
1160 4303 1318 4358 matri
1338 4311 1391 4357 et
1411 4304 1675 4373 magiStrae
1690 4305 1906 4373 optimae

326 4397 685 4452 committens.
713 4395 844 4451 Nam
872 4395 947 4450 Ab
973 4396 1108 4450 omni
1139 4396 1277 4466 ligno
1311 4395 1538 4466 paradisi
1573 4396 1820 4460 comedes,
1844 4396 1908 4450 de

322 4487 462 4556 tigno
497 4501 612 4541 vero
648 4485 869 4540 scientia
891 4485 1008 4540 boni
1028 4494 1073 4540 et
1099 4484 1220 4540 mali
1248 4501 1348 4540 non
1372 4486 1636 4540 comedetis
1669 4486 1821 4558 (Gen.
1847 4489 1901 4544 2.

327 4578 416 4634 t6.
451 4576 539 4649 l7)
565 4597 578 4634 :
605 4575 660 4632 id
682 4575 890 4648 species
915 4575 1107 4648 jejunii
1140 4585 1241 4633 est.
1279 4580 1335 4635 Si
1383 4587 1558 4633 autem
1586 4578 1637 4632 in
1661 4577 1907 4648 paradiso

324 4667 580 4736 jejunium
621 4649 986 4723 necessarium
1031 4667 1148 4735 fuit,
1199 4679 1347 4724 extra
1391 4668 1694 4738 paradisum
1740 4669 1907 4724 multo

326 4757 493 4827 magis
525 4758 607 4813 :si
647 4767 769 4814 ante
805 4759 1015 4830 plagam
1057 4760 1199 4815 utilis
1232 4759 1495 4816 medicina
1521 4760 1714 4828 fuerat,
1742 4761 1908 4817 multo

327 4852 498 4920 magis
533 4860 653 4920 post
678 4851 884 4922 plagam
916 4870 929 4906 :
962 4853 1006 4908 si
1037 4853 1262 4909 necdum
1290 4854 1428 4909 bello
1453 4854 1795 4923 cupiditatum
1829 4855 1908 4909 in—

325 4952 577 5015 surgente
599 4942 750 4998 nobis
781 4959 926 4999 arma
954 4945 1164 5001 fuerant
1191 4955 1510 5016 opportuna,
1543 4948 1711 5001 multo
1738 4949 1906 5017 magis

329 5046 449 5105 post
478 5044 678 5092 tantum
707 5037 1050 5108 cupiditatum
1080 5040 1320 5109 praelium
1345 5055 1374 5094 a
1401 5039 1730 5094 daemonibus
1757 5041 1909 5095 nobis

327 5129 552 5196 illatum,
582 5131 938 5186 necessarium
981 5131 1135 5188 nobis
1181 5139 1262 5186 est
1305 5130 1490 5200 jejunii
1518 5132 1905 5187 commilitium.

326 5221 383 5275 Si
411 5221 548 5277 hanc
569 5221 802 5279 audisset
822 5238 1004 5279 vocem
1036 5223 1227 5290 Adam,
1261 5237 1589 5292 nequaquam
1621 5223 1906 5278 secundam

329 5313 563 5370 audisset
592 5333 605 5370 :
637 5313 799 5368 Terra
820 5331 891 5381 es,
915 5324 961 5370 et
981 5315 1033 5369 in
1056 5325 1238 5369 terram
1262 5316 1518 5370 reverteris
1540 5314 1689 5387 (Gen.
1717 5315 1769 5370 5.
1798 5316 1907 5385 l9).

328 5405 434 5461 Sed
459 5408 706 5479 quoniam
729 5408 864 5464 hanc
885 5408 1096 5478 quidem
1121 5418 1480 5479 transgressus
1501 5417 1601 5472 est,
1627 5416 1908 5478 propterea

329 5514 474 5552 mors
502 5507 558 5554 ct
587 5515 728 5555 curae
767 5510 821 5556 et
858 5516 1110 5554 (erumnas
1153 5508 1206 5555 et
1248 5499 1479 5554 tristitia:
1522 5507 1576 5553 et
1616 5500 1720 5552 vita
1764 5500 1908 5553 omni

328 5601 500 5646 morte
527 5590 738 5662 gravior
771 5612 781 5645 :
815 5601 1093 5662 proliterca
1125 5591 1292 5662 spina:
1319 5600 1373 5646 et
1403 5591 1600 5657 tribuli,
1627 5599 1908 5663 propterea

326 5679 534 5737 labores
564 5692 615 5738 et
641 5682 870 5753 dolores,
897 5684 1106 5755 vitaque
1133 5684 1386 5755 angustiis
1411 5683 1584 5754 plena.

1002 269 1060 326 S.
1102 267 1378 326 JOANNIS
1413 262 1888 322 CIIRYSOSTOMI
1927 260 2241 318 ARCHIEP.
2281 259 2821 320 CONSTANTINOP.

3476 260 3585 320 308

2064 377 2142 433 De
2171 379 2372 448 jejunio
2409 381 2604 433 laetatur
2655 378 2811 434 Dm.
2872 374 3178 433 Pwnitentia
3223 379 3434 450 feruens,
3465 382 3586 435 licet

1990 470 2168 538 brevis,
2202 472 2359 524 nmtta
2386 480 2590 540 peccata
2616 471 2764 526 deiet.
2787 499 2829 511 -
2887 469 3074 525 Vidisti
3100 471 3364 541 quomodo
3387 473 3582 526 irasci-

1993 573 2079 619 tur
2106 565 2246 619 Deus
2276 563 2478 633 jejunio
2515 564 2737 632 spreto?
2777 562 2925 618 disce
2964 573 3018 618 et
3059 565 3326 634 quomodo
3368 564 3590 619 hetatur

1987 656 2188 726 jejunio
2213 654 2494 709 honorato.
2522 653 2979 721 Quemadmodum
2996 653 3137 709 enim
3158 655 3358 724 jejunio
3374 664 3583 724 spreto,

1992 748 2262 819 spernenti
2291 746 2608 816 supplicium
2638 745 2828 800 inflixit
2853 755 3077 800 mortem
3107 763 3121 799 :
3153 746 3231 800 sic
3267 747 3456 801 iterum
3491 762 3590 800 eo-

1993 841 2115 896 dem
2155 839 2437 905 bonorato,
2469 838 2535 893 de
2578 845 2750 892 morte
2780 845 3013 892 revocat.
3041 837 3172 891 Nam
3201 846 3253 892 et
3273 837 3456 892 volens
3487 837 3588 893 tibi

1994 930 2275 986 ostendere
2301 931 2377 984 rei
2400 931 2670 995 virtutem,
2695 937 3008 998 potestatem
3034 929 3133 998 ipsi
3155 929 3299 984 dedit
3319 939 3438 997 post
3457 944 3590 983 sen-

1998 1026 2239 1090 tentiam,
2267 1032 2388 1094 post
2413 1023 2810 1089 abductionem,
2839 1023 3094 1078 abductos
3120 1023 3186 1077 ad
3217 1032 3440 1079 mortem
3469 1038 3592 1078 me-

1995 1115 2081 1170 dia
2105 1115 2172 1170 de
2200 1115 2284 1170 via
2314 1129 2533 1186 rapere,
2576 1123 2735 1184 atque
2777 1113 3033 1170 reducere
3071 1113 3140 1169 ad
3182 1114 3378 1180 vitam;
3424 1115 3592 1184 idque

1997 1223 2102 1262 non
2131 1207 2185 1260 in
2214 1206 2420 1262 duobus
2452 1206 2705 1272 tribusve,
2735 1213 2825 1260 aut
2845 1207 3026 1276 viginti
3056 1206 3378 1274 hominibus,
3408 1207 3505 1262 sed
3534 1209 3590 1262 in

1997 1299 2244 1352 universo
2272 1297 2618 1352 Ninivitarum
2645 1297 2840 1367 populo
2865 1314 2879 1362 ;
2907 1307 2960 1355 et
2997 1299 3182 1354 urbem
3215 1315 3456 1371 magnam
3485 1301 3591 1356 ad-

1999 1395 2399 1465 mirabilemque
2435 1409 2499 1449 ac
2540 1395 2765 1466 genibus
2809 1395 2963 1451 ﬂexis
2992 1396 3282 1466 jacentem,
3314 1394 3378 1449 ad
3411 1395 3592 1465 ipsum

2000 1487 2306 1541 barathrum
2333 1487 2443 1557 jam
2473 1487 2814 1544 inclinantem
2833 1497 3010 1559 caput,
3032 1488 3335 1544 venientem
3357 1488 3597 1555 desuper

1999 1577 2206 1648 plagam
2231 1587 2589 1647 accepturam,
2615 1579 2774 1634 veluti
2797 1579 3038 1650 quaulam
3059 1579 3224 1635 virtus
3250 1578 3482 1647 desuper
3503 1577 3598 1632 ad-

2000 1669 2182 1724 volans
2228 1685 2294 1724 cx
2341 1680 2492 1740 porta
2538 1671 2725 1726 mortis
2767 1671 2981 1740 eripuit,
3020 1681 3177 1741 atque
3211 1670 3278 1725 ad
3309 1670 3467 1724 vitam
3499 1685 3595 1725 re-

2004 1759 2170 1815 duxit.
2219 1760 2322 1815 Sed
2368 1761 2412 1815 si
2443 1761 2668 1822 videtur,
2705 1770 2760 1817 et
2783 1765 2949 1832 ipsam
2979 1761 3256 1816 audiamus
3287 1761 3593 1816 historiam.

2007 1851 2222 1908 Factum
2253 1864 2344 1920 est,
2375 1855 2562 1924 inquit,
2592 1856 2791 1909 verbum
2820 1855 3028 1909 Domini
3050 1855 3118 1908 ad
3146 1853 3353 1918 Ionam,
3378 1856 3553 1909 dicens
3577 1872 3599 1908 :

2005 1945 2170 2017 Surge
2193 1957 2239 2000 et
2265 1948 2391 2002 vade
2419 1948 2472 2002 in
2494 1947 2713 2002 Niniven
2738 1949 2987 2002 civitatem
3009 1949 3250 2019 grandem
3278 1947 3422 2014 (Jan.
3456 1951 3506 2003 1.
3536 1950 3594 2004 1.

2002 2036 2079 2106 2).
2124 2038 2313 2093 Statim
2345 2053 2411 2093 ex
2441 2039 2553 2110 ipsa
2595 2039 2739 2094 urhis
2780 2039 3142 2109 magnitudine
3172 2040 3282 2094 vult
3310 2041 3454 2093 illum
3484 2039 3597 2095 flc-

2002 2142 2146 2188 cterc
2165 2176 2180 2200 ,
2212 2133 2440 2189 futuram
2471 2132 2767 2204 praevidens
2797 2133 3067 2203 prophetae
3096 2132 3291 2202 fugam.
3319 2133 3422 2188 Sed
3452 2149 3599 2203 prae-

2002 2226 2320 2281 dicationem
2349 2223 2624 2281 audiamus
2649 2244 2661 2280 :
2683 2226 2862 2280 Adhuc
2883 2236 2980 2279 tres
2997 2225 3100 2279 dies
3121 2227 3159 2290 ¹,
3187 2236 3234 2279 et
3263 2225 3447 2279 Ninive
3467 2226 3598 2279 sub—

2002 2326 2215 2371 vertetur
2241 2314 2389 2385 (Ion.
2412 2313 2465 2368 ὅ.
2486 2313 2562 2382 4).
2604 2318 2668 2372 Ει
2697 2316 2847 2387 cujus
2874 2318 2949 2370 rei
2979 2317 3180 2386 gratia,
3209 2332 3326 2385 qua:
3353 2315 3597 2370 facturus

2002 2422 2060 2463 es
2083 2408 2219 2463 mala
2247 2408 2522 2477 prindicis?
2567 2408 2632 2465 Ut
2669 2423 2772 2462 non
2812 2407 2999 2462 faciam
3025 2423 3144 2477 quae
3172 2407 3421 2476 prmdico.
3455 2406 3600 2460 Ρτοο

2003 2509 2182 2570 pterea
2203 2508 2258 2554 et
2276 2500 2571 2569 gehennam
2595 2499 2824 2554 minatus
2845 2508 2944 2564 est,
2963 2514 3068 2569 quo
3080 2499 3144 2554 ad
3166 2499 3460 2568 gehennam
3481 2513 3598 2552 non

2003 2593 2246 2647 abducat.
2270 2593 2550 2660 Terreant,
2567 2593 2855 2662 inquit,vos
2871 2593 3049 2659 verba,
3071 2608 3136 2646 ne
3150 2607 3236 2647 res
3247 2592 3595 2647 conturbent.

2002 2683 2165 2754 Cujus
2191 2693 2366 2739 autem
2407 2685 2481 2739 rei
2521 2685 2685 2753 gratia
2731 2683 3048 2754 praefinitum
3100 2685 3326 2753 spatium
3368 2684 3433 2737 ad
3479 2693 3596 2739 tam

2004 2776 2163 2831 breve
2191 2785 2397 2850 tempus
2423 2776 2660 2848 redegit?
2686 2777 2802 2844 Quo
2832 2786 2886 2832 et
2906 2777 3248 2831 barbarorum
3277 2778 3452 2832 discas
3480 2778 3599 2831 vir-

2004 2876 2191 2934 tutem,
2221 2868 2340 2922 dico
2359 2877 2534 2923 autern
2561 2868 2934 2933 Ninivitarum,
2963 2867 3050 2938 qui
3078 2868 3244 2923 tribus
3268 2867 3452 2921 diebus
3474 2877 3601 2920 tan-

2005 2968 2110 3011 tam
2144 2968 2479 3027 peccatorum
2525 2959 2657 3013 iram
2701 2960 2909 3014 solvere
2937 2967 3221 3028 potuerunt
3254 2978 3266 3012 :
3299 2969 3454 3028 atque
3493 2959 3597 3014 Dei

2005 3050 2342 3105 clementiam
2367 3051 2668 3118 admireris,
2701 3052 2855 3106 trium
2886 3051 3090 3106 dierum
3122 3051 3429 3122 poenitentia
3457 3065 3601 3106 con-

2005 3141 2136 3196 tenti
2165 3150 2239 3195 tot
2269 3157 2363 3212 pro
2393 3141 2624 3211 peccatis
2655 3160 2668 3196 :
2699 3152 2860 3211 tuque
2904 3141 3276 3210 desperatione
3317 3156 3419 3195 non
3461 3155 3598 3195 cor-

2007 3247 2164 3299 ruas,
2206 3234 2306 3287 etsi
2349 3233 2543 3288 millies
2582 3233 2905 3302 peccaveris.
2950 3231 3404 3301 Quemadmodum
3443 3231 3598 3286 enim

2006 3324 2181 3378 anima
2208 3323 2464 3394 pigritans
2502 3332 2660 3394 atque
2702 3325 2991 3395 negligens,
3020 3339 3335 3394 quamquam
3362 3322 3598 3378 multum

2007 3419 2073 3474 ad
2099 3420 2464 3490 paenitentiam
2494 3420 2748 3489 temporis
2775 3420 3016 3490 accipiat.
3037 3419 3167 3472 nihil
3197 3426 3447 3488 operatur
3475 3431 3600 3470 ma-

2005 3526 2189 3581 gnum,
2222 3527 2391 3581 neque
2420 3510 2521 3566 sibi
2561 3511 2661 3580 ipsi
2709 3511 2874 3566 Deum
2914 3511 3162 3565 conciliat
3189 3511 3257 3562 ob
3285 3508 3539 3563 desidiam
3578 3526 3594 3563 :

1966 3639 1973 3655 ι
2007 3604 2084 3658 sic
2127 3605 2216 3673 qui
2263 3605 2535 3673 proposito
2575 3602 2762 3668 fervet,
2793 3612 2953 3674 atque
2992 3603 3155 3657 multa
3198 3618 3319 3657 cum
3359 3603 3599 3672 diligen-

2008 3695 2079 3748 tia
2126 3694 2490 3764 poenitentiam
2530 3694 2804 3761 ostendit,
2834 3694 2980 3749 brevi
3023 3694 3275 3764 temporis
3310 3698 3591 3750 momento

2009 3787 2231 3858 longaevi
2299 3788 2553 3858 temporis
2614 3797 2829 3858 peccata
2897 3787 3079 3843 delere
3130 3788 3341 3859 poterit.
3397 3787 3594 3843 Nonne

2010 3881 2167 3935 tertio
2203 3881 2391 3936 Petrus
2429 3880 2672 3952 negavit?
2711 3895 2889 3935 nonne
2919 3879 3075 3936 tertio
3101 3894 3219 3935 cum
3249 3879 3599 3948 juramcnto?

2009 3986 2185 4026 nonne
2212 3971 2327 4024 vilis
2355 3971 2628 4041 cujusdam
2669 3971 2876 4025 ancillae
2917 3971 3079 4026 verba
3129 3970 3320 4026 timens
3375 3970 3598 4041 (Matth.

2007 4064 2098 4120 26.
2145 4062 2232 4118 69.
2274 4063 2419 4133 70)?
2463 4062 2598 4130 Quid
2641 4064 2806 4133 ergo?
2843 4063 3146 4134 oportuitne
3180 4063 3327 4117 illum
3368 4061 3435 4116 ad
3477 4077 3600 4134 p'e-

2011 4155 2283 4208 nitentium
2338 4153 2533 4208 multos
2588 4167 2756 4207 annos
2813 4154 3024 4208 terere?
3065 4151 3446 4222 Nequaquam,
3496 4151 3598 4207 sed

2008 4243 2192 4299 eadem
2221 4251 2374 4297 nocte
2399 4242 2578 4312 lapsus
2607 4250 2690 4296 est
2717 4251 2771 4296 et
2794 4251 3004 4298 erectus
3025 4283 3042 4309 ,
3073 4242 3370 4311 vulnusque
3395 4251 3449 4296 et
3472 4257 3593 4297 me-

2008 4333 2236 4390 dicinam
2271 4333 2476 4402 accepit
2510 4351 2523 4387 :
2554 4334 2830 4403 azgrotavit
2852 4375 2866 4399 ,
2897 4343 3056 4404 atque
3080 4334 3144 4386 ad
3174 4335 3404 4402 priorem
3433 4333 3600 4388 rediit

2009 4424 2310 4480 sanitatem.
2355 4423 2594 4492 Qualiter
2639 4436 2692 4479 et
2731 4411 3035 4494 quomodo?
3083 4424 3240 4478 Flens
3281 4432 3336 4478 et
3381 4424 3598 4493 lugens,

2009 4515 2118 4570 imo
2139 4531 2244 4571 non
2267 4516 2425 4570 modo
2450 4515 2605 4580 ﬂens,
2630 4516 2722 4571 sed
2745 4517 2909 4570 multo
2933 4531 3051 4570 cum
3075 4513 3248 4569 studio
3271 4523 3325 4568 et
3353 4513 3541 4568 alfectu
3574 4530 3593 4569 :

2009 4616 2289 4679 propterea
2310 4609 2631 4679 evangelista
2661 4622 2763 4662 non
2791 4608 2922 4662 dixit
2943 4607 3190 4676 quoniam
3221 4606 3390 4660 solum
3413 4605 3594 4670 ﬂevit;

2008 4702 2103 4756 sed
2128 4744 2143 4767 ,
2190 4700 2358 4756 Flevit
2423 4717 2596 4756 amare
2649 4699 2806 4774 (Ibid.
2840 4717 2890 4755 υ.
2931 4700 3056 4771 75).
3087 4700 3153 4754 Ει
3177 4699 3368 4769 qualis,
3398 4697 3594 4767 inquit,

2011 4805 2314 4866 quantaque
2340 4795 2494 4851 fuerit
2525 4796 2873 4865 lacrymarum
2897 4793 2996 4859 vis,
3028 4806 3208 4848 sermo
3238 4791 3411 4847 nullus
3439 4798 3596 4859 pote-

2010 4889 2078 4943 rit
2129 4889 2396 4957 explicare
2433 4905 2447 4942 :
2485 4887 2596 4957 ipse
2646 4897 2823 4942 autem
2869 4901 3046 4940 rerum
3089 4885 3267 4940 exitus
3313 4880 3598 4938 manifeste

2010 4980 2259 5035 ostendit.
2289 4979 2497 5034 Etenim
2521 4993 2734 5050 gravem
2765 4987 2882 5048 post
2910 4978 3057 5032 illum
3081 4991 3290 5038 casum;
3320 4989 3441 5028 nam
3469 4973 3595 5027 nul-

2010 5074 2120 5127 lum
2165 5073 2430 5141 negationi
2474 5087 2572 5141 par
2615 5071 2810 5125 malum
2845 5069 2979 5124 :sed
3013 5077 3185 5122 tamen
3228 5075 3346 5135 post
3389 5072 3593 5118 tantum

2015 5165 2229 5229 malum,
2264 5165 2452 5218 iterum
2473 5179 2593 5218 eum
2616 5163 2681 5217 ad
2705 5163 2932 5231 priorem
2965 5160 3218 5214 honorem
3241 5157 3462 5221 revexit,
3492 5154 3597 5210 Ec-

2012 5261 2190 5314 clesia:
2219 5257 2586 5327 praefecturam
2626 5256 2720 5325 ipsi
2753 5270 2844 5324 per
2866 5255 3168 5308 universum
3201 5249 3453 5304 mundum
3481 5257 3596 5300 tra-

2011 5351 2145 5406 didit
2178 5367 2192 5404 :
2219 5349 2466 5421 quodque
2490 5348 2724 5403 omnium
2755 5354 2838 5402 est
2863 5343 3162 5408 sublimius,
3192 5339 3422 5396 ostendit
3443 5338 3595 5393 nobis

2078 5509 2094 5538 ¹
2130 5506 2202 5576 sic
2215 5503 2394 5576 legitur
2417 5515 2444 5576 ξι
2467 5503 2634 5576 rvinis
2653 5496 3163 5576 ῖοςιεείετεξὲφςυέίὶἱιὶ
3172 5492 3599 5576 EEPFJ'L‘EEP’E'E'

2014 5570 2124 5619 bus.
2143 5554 2365 5629 Vulgata,
2387 5573 2445 5615 ut
2470 5554 2523 5614 in
2543 5565 2769 5629 ttebrteo,
2815 5560 2983 5629 4dhuc
3005 5554 3472 5629 qrutdragintandies.
3493 5561 3595 5629 uete.

2011 5616 2320 5693 or'igeriesf’in
2353 5616 2485 5677 ivum.
2505 5627 2639 5693 dicit
2669 5616 2936 5693 secundum
2972 5616 3215 5673 Hebraeos
3233 5617 3396 5678 scribi,
3437 5616 3604 5666 athuc

2015 5685 2337 5762 quadraginta
2359 5695 2459 5742 tres
2481 5687 2622 5753 dies;
2645 5685 2732 5736 scd
2751 5685 2946 5736 labitur.
