3896 6230
43 210 146 301 507

44 346 273 420 τίθεται
311 358 601 434 ρᾳθυμίαν,
620 356 714 415 καὶ
740 355 799 413 ἐν
820 352 1025 413 πλείονι
1053 351 1378 411 καθίσταται
1409 353 1476 424 τῇ
1510 349 1735 422 σπουδῇ.

1284 233 1376 297 DE
1410 229 1893 297 POENITEN'I’IA.
1922 229 2156 295 HOMIL.
2196 239 2263 295 ν.

3416 248 3523 313 ὔοὸ

1844 349 2006 405 τοῦτο
2040 352 2274 408 ἄκανθαι
2301 353 2393 413 καὶ
2417 353 2677 425 τρίϐολοι,
2713 356 2804 417 διὰ
2830 358 2990 420 τοῦτο
3020 362 3171 420 πόνοι
3202 366 3299 425 καὶ
3331 366 3520 438 ὠδῖνες

126 449 315 505 Ἀλλά
354 448 430 521 μὴ
475 446 719 518 πτήξητε
761 442 991 516 φοϐερὸν
1039 441 1275 514 ἄρχοντα
1326 438 1425 512 τὴν
1483 438 1740 509 νηστείαν
1842 435 1938 490 καὶ
1968 436 2081 507 βίος
2105 439 2420 510 ἐπίμοχθος-

43 532 421 601 ὶκούσαντεςο
455 535 518 590 οὐ
541 535 651 605 γάρ
674 534 809 605 ἡμῖν
836 535 953 587 ἐστι
981 529 1208 603 φοϐερά,
1232 527 1371 587 ἀλλά
1396 531 1464 599 τῇ
1492 527 1602 582 τῶν
1619 528 1738 586 δαι-

1913 520 2071 590 Εἷδες
2107 527 2224 592 πῶς
2253 531 2282 582 ὁ
2310 528 2443 594 Θεὸς
2484 531 2783 599 ἀγανακτεῖ
2812 538 3069 608 νηστείας
3105 540 3471 615 ὑϐριζομένης
3499 563 3515 611 ;

43 628 239 703 μόνων
276 624 459 698 φύσει.
507 624 635 678 Ἐάν
680 614 1188 694 σεληνιαζόμενοςῇ
1231 634 1341 686 τις,
1370 612 1738 706 δεῖξονῗαύτῷ
1840 610 1990 706 μάθεΔ
2012 615 2106 706 καὶ
2276 616 2625 689 εὐφραίνεται
2656 625 2910 692 νηστείας
2945 610 3285 702 τιμωμένης.
3305 610 3518 706 Ὥσπερ

43 717 319 791 νηστείας
340 714 651 787 πρόσωπον,
683 710 780 767 καλ⁸
801 709 914 764 τῶν
939 709 1103 764 λίθων
1139 706 1319 762 αὐτῶν
1342 705 1736 778 ἀκινητότερος

43 807 201 878 μένει
232 803 324 874 τῷ
368 800 519 874 φόϐῳ
570 797 934 871 πηγνύμενος,
981 796 1078 854 καὶ
1126 795 1379 866 καθάπερ
1417 793 1602 866 δεσμῷ
1630 810 1736 847 τινι

43 892 445 965 κατεχόμενος,
478 889 574 944 καὶ
599 888 834 962 μάλιστα
860 887 988 943 ὅταν
1029 886 1114 956 ἴδῃ
1161 887 1228 956 τῇ
1262 883 1487 956 νηστεία
1531 881 1735 954 συμϐε-

43 980 144 1050 ϐλη
154 980 340 1051 μένην
366 978 465 1049 τὴν
496 975 736 1048 ἀδελφὴν
762 975 864 1045 τῆς
880 974 1136 1071 νηστείας
1168 970 1580 1071 καξδμόςυγον,
1633 977 1733 1071 τὴν

43 1070 231 1140 εὐχήν.
269 1066 375 1121 Διά
408 1064 567 1120 τοῦτο
596 1064 691 1119 καὶ
726 1066 757 1118 ὁ
782 1062 1018 1135 Χριστός
1056 1078 1211 1134 φησιο
1246 1059 1318 1117 Τὸ
1349 1060 1526 1132 γένος
1555 1059 1732 1115 τοῦτο

43 1160 151 1211 οὐκ
208 1154 552 1226 ἐξέρχεται,
586 1155 641 1209 εί
680 1151 768 1224 μὴ
809 1151 881 1208 ἐν
922 1148 1238 1222 προσευχῇ
1291 1150 1393 1205 καί
1449 1150 1727 1218 νηστείᾳ.

43 1244 213 1298 ὀταν
240 1238 345 1297 οὖν
386 1243 513 1307 τοὺς
555 1239 847 1313 πολεμίους
882 1240 982 1312 τῆς
1027 1239 1303 1311 σωτηρίας
1331 1238 1431 1309 τῆς
1453 1239 1731 1309 ἡμετέρας

43 1331 218 1394 οὕτως
238 1329 472 1402 ἐλαύνῃ,
499 1330 596 1385 καὶ
628 1331 740 1394 τοῖς
765 1327 979 1400 ἐχθροῖς
1007 1327 1104 1399 τῆς
1130 1326 1277 1399 ζωῆς
1305 1326 1466 1398 ἡμῶν
1494 1326 1667 1390 οὕτως

43 1418 278 1491 φοϐερὰ,
323 1418 498 1488 φιλεῖν
542 1417 713 1488 αὐτὴν
744 1416 839 1470 καὶ
882 1414 1249 1480 ἀσπάζεσθαι,
1281 1416 1404 1486 οὐχὶ
1431 1416 1729 1470 δεδοικέναι

43 1509 166 1579 χρή·
193 1509 251 1561 εί
295 1507 409 1578 γὰρ
439 1504 720 1576 φοϐεῖσθαι
762 1505 844 1559 δεῖ
885 1503 1055 1576 μέθην
1090 1503 1186 1558 καλ¹
1217 1504 1549 1574 ἀδηφαγίαν,
1607 1503 1731 1574 οὐχὶ

43 1595 303 1665 νηστείαν
330 1593 614 1664 φοϐεῖσθαι
646 1592 775 1665 χρή.
812 1592 1024 1663 Ἐκείνη
1048 1591 1146 1663 μὲν
1168 1591 1279 1664 γὰρ
1297 1592 1474 1645 ὀπίσω
1501 1591 1601 1656 τὰς
1617 1595 1731 1663 χεῖ-

43 1701 140 1754 ρας
196 1682 366 1753 ἡμῶν
400 1682 633 1754 δήσασα,
681 1682 750 1752 τῇ
783 1678 1056 1751 τυραννίδι
1079 1678 1188 1734 τῶν
1234 1678 1444 1744 παθῶν,
1474 1679 1727 1751 καθάπερ

43 1772 140 1825 τινὶ
184 1769 452 1843 δεσποίνῃ
505 1768 742 1840 χαλεπῇ,
782 1767 1002 1831 δούλους
1032 1767 1127 1822 καὶ⁵
1169 1765 1551 1839 αίχμαλώτους
1581 1767 1726 1821 ἐκδί-

43 1857 221 1910 δωσιν·
263 1858 299 1928 ή
322 1855 380 1909 δὲ
401 1855 627 1927 νηστεία
646 1854 799 1928 [510]
827 1853 1178 1919 δουλεύοντας
1209 1856 1359 1925 ἡμᾶς
1379 1854 1472 1909 καὶ
1502 1854 1727 1926 δεδεμέ-

43 1965 163 2011 νους
215 1945 481 2017 εὑροῦσα,
518 1945 703 2018 ἀνίησι
730 1945 840 1999 τῶν
879 1944 1117 2014 δεσμῶν,
1146 1944 1480 2000 ἀπαλλάττει
1508 1945 1609 2015 τῆς
1628 1962 1724 1998 τυ-

43 2035 310 2107 ραννίδος,
337 2034 436 2088 καί⁵
466 2033 604 2105 πρὸς
631 2032 728 2104 τὴν
760 2032 1076 2104 ἐλευθερίαν
1101 2033 1367 2101 ἐπανάγει
1393 2033 1494 2103 τήν
1524 2034 1723 2105 προτέ-

43 2141 161 2196 ραν.
203 2122 384 2177 Ὅταν
411 2116 504 2175 οὗν
537 2121 632 2175 καὶ
666 2122 780 2185 τοῖς
803 2119 1016 2192 ἐχθροῖς
1038 2120 1197 2190 ήμῶν
1226 2121 1456 2193 πολεμῇ,
1484 2121 1579 2174 καὶ
1605 2121 1726 2175 δου-

43 2210 188 2273 λείας
218 2208 566 2280 ἀπαλλάττῃ,
600 2207 694 2263 καὶ
726 2207 865 2279 πρὸς
903 2206 1218 2277 ἐλευθερίαν
1247 2208 1520 2279 ἐπανάγῃ,
1565 2208 1724 2261 ποίαν

44 2299 234 2369 ἑτέραν
265 2293 494 2367 μείζονα
521 2294 703 2364 ζητεῖς
746 2292 1021 2358 ἀπόδειξιν
1045 2294 1146 2364 τῆς
1174 2294 1354 2363 φίλιας
1392 2294 1582 2358 αὐτοῦ,
1625 2296 1723 2366 τῆς

43 2384 174 2455 πρὸς
199 2384 264 2438 τὸ
290 2384 452 2453 γένος
476 2382 537 2437 τὺ
574 2382 871 2454 ήμέτερον;
901 2381 1147 2455 Μεγίστη
1176 2382 1284 2453 γὰρ
1310 2382 1490 2452 φιλίας
1508 2383 1724 2436 ἀπόδει-

43 2470 119 2539 ξις
146 2468 290 2527 εἶναι
314 2471 469 2526 δοκεῖ
494 2470 556 2525 τὸ
582 2471 713 2536 τοὺς
735 2471 933 2535 αὐτοὺς
965 2471 1097 2543 ἡμῖν
1118 2471 1294 2541 φιλεῖν
1333 2470 1426 2525 καὶ
1457 2474 1658 2542 μισεῖν.

108 2613 303 2670 Βούλει
342 2613 553 2687 μαθεῖν,
570 2613 694 2677 ὅσος
727 2613 932 2684 κόσμος
962 2612 1269 2685 ἀνθρώποις
1299 2616 1333 2687 ἠ
1360 2616 1719 2689 νηστεία,δση

43 2702 257 2774 φυλακὴ
325 2701 423 2755 καὶ
471 2700 781 2770 άσφάλεια;
844 2701 1097 2772 ἐννόησόν
1175 2718 1266 2773 μοι
1335 2702 1398 2756 τὸ
1448 2704 1719 2776 μακάριον

44 2790 137 2842 καὶ
168 2788 489 2859 θαυμαστὸν
519 2789 629 2846 τῶν
668 2787 1014 2859 μοναζόντων
1041 2788 1218 2858 γένος.
1259 2782 1422 2845 Οὗτοι
1453 2792 1563 2865 γὰρ
1593 2796 1721 2858 τοὺς

43 2876 100 2929 ἐν
124 2876 276 2946 μέσῳ
305 2874 571 2947 θορύϐους
599 2876 886 2945 φυγὸντες,
915 2877 1012 2930 καὶ
1046 2876 1183 2947 πρὸς
1207 2876 1306 2942 τάς
1338 2879 1586 2950 κορυφὰς
1610 2882 1719 2936 τῶν

44 2960 214 3031 ὀρέων
253 2962 660 3032 ἀναδραμόντες
681 3003 696 3024 ,
725 2963 822 3017 καὶ
854 2961 954 3026 τὰς
988 2962 1231 3027 καλύϐας
1264 2965 1324 3017 ἐν
1360 2966 1427 3037 τῇ
1454 2967 1555 3039 τῆς
1585 2968 1719 3041 ἐρη-

48 3049 174 3119 μίας
203 3050 430 3121 ὴσυχίᾳ,
466 3049 720 3121 καθάπερ
750 3051 809 3105 ἐν
842 3049 1089 3122 εὐδιεινῷ
1118 3068 1225 3104 τινι
1249 3051 1433 3123 λιμένι
1471 3055 1721 3126 πηξάμε-

47 3153 143 3201 νοι,
169 3136 377 3207 ταύτην
424 3134 761 3207 συνέμπορον
789 3137 884 3189 καὶ
918 3137 1279 3205 συγκοινωνὸν
1307 3138 1402 3193 τοῦ
1433 3139 1550 3209 βίου
1584 3158 1720 3196 παν·-

46 3222 132 3287 τδς
164 3222 377 3278 ἔλαϐον.
425 3220 725 3293 Τοιγαροῦν
762 3222 856 3276 καὶ
888 3223 1154 3291 ἀγγέλους
1183 3225 1382 3288 αὐτοὺς
1407 3226 1467 3291 ἐξ
1510 3228 1719 3300 ἀνθρώ-

46 3327 161 3363 ⁴πων
192 3309 472 3380 ἐποίησεν,
507 3312 607 3364 οὐκ
632 3309 874 3374 ἐκείνους
895 3310 951 3363 δὲ
979 3310 1198 3382 μόνους,
1228 3312 1366 3368 ἀλλά
1389 3315 1484 3368 καὶ⁵
1506 3317 1565 3369 ἐν
1595 3320 1718 3381 ταῖς

48 3398 261 3451 πόλεσιν
290 3400 450 3462 ὅσους
485 3397 552 3453 ἂν
576 3397 711 3470 εῦρῃ
760 3400 1153 3470 προσιεμένους
1185 3401 1377 3473 αὐτὴν,
1410 3404 1546 3475 πρὸς
1585 3405 1719 3459 αὐτὸ

45 3485 141 3555 τῆς
178 3484 501 3554 φιλοσοφίας
546 3485 738 3554 ἀνάγει
769 3485 832 3539 τὺ
865 3484 1018 3555 ὕψος.
1062 3488 1172 3543 Καὶ
1196 3488 1305 3560 γάρ
1346 3491 1590 3562 Μωῦσῆς
1624 3494 1718 3547 καὶ

59 3580 261 3644 Ἠλίας,
286 3582 340 3635 οί
381 3579 581 3652 πύργοι
612 3580 727 3635 τῶν
763 3582 823 3635 ἐν
854 3584 919 3653 τῇ
952 3582 1165 3654 Παλαιᾷ
1202 3586 1721 3657 προφητῶν,καίτοι

48 3667 138 3719 καὶ
163 3668 271 3721 ἀπὸ
282 3668 393 3723 τῶν
417 3668 595 3724 άλλων
626 3669 778 3733 ὄντες
804 3668 1049 3741 λαμπροὶ
1076 3671 1170 3724 καὶ
1194 3672 1438 3742 μεγάλοι,
1459 3677 1553 3729 καὶ
1588 3677 1718 3731 πολ-

47 3754 140 3824 λὴν
183 3756 404 3827 ἔχοντες
446 3756 786 3829 παρρησίαν,
811 3757 900 3810 ὅτε
938 3757 1224 3812 ἐϐούλοντο
1277 3762 1599 3831 προσελθεῖν
1638 3764 1716 3836 τῷ

48 3843 162 3913 Θεῷ
198 3845 292 3899 καὶ
330 3844 713 3914 διαλεχθῆναι,
747 3843 824 3905 ὡς
871 3843 1146 3916 ἀνθρώπῳ
1189 3846 1411 3902 δυνατὸν
1440 3845 1543 3920 ἦν,
1579 3853 1717 3923 πρὸς

46 3924 243 3998 ταύτην
273 3927 582 3996 κατέφυγον
603 3968 619 3993 ,
651 3927 744 3980 καὶ
777 3925 865 3980 διά
892 3925 1001 3981 τῶν
1034 3927 1240 3999 ταύτης
1268 3930 1420 4002 αὐτῷ
1448 3936 1717 4004 προσεφέ-

51 4027 199 4081 ροντο
225 4014 442 4086 χειρῶν.
472 4013 573 4068 Διά
597 4013 756 4068 τοῦτο
786 4014 883 4068 καὶ
906 4015 935 4068 ὁ
959 4014 1092 4079 Θεὸς
1109 4016 1202 4071 τὸν
1229 4017 1515 4089 ἄνθρωπον
1545 4024 1719 4078 ποιῶν

45 4101 105 4166 ἐξ
134 4104 326 4174 ἀρχῆς,
346 4104 550 4168 εὐθέως
574 4104 737 4158 αὐτὸν
763 4108 884 4170 ταῖς
906 4104 1008 4176 τῆς
1033 4106 1289 4178 νηστείας
1318 4108 1501 4181 φέρων
1535 4128 1716 4185 παρα-

47 4190 301 4246 κατέθετο
328 4192 540 4264 χερσὶν,
571 4190 763 4264 ῶσπερ
800 4192 1138 4265 φιλοστόργῳ
1169 4195 1340 4268 μητρὶ
1379 4198 1474 4252 καὶ
1509 4200 1710 4275 ἀρίστῃ

46 4274 342 4350 διδασκάλῳ
367 4278 468 4350 τὴν
514 4278 723 4333 ἐκείνου
763 4281 1040 4354 σωτηρίαν
1082 4283 1405 4353 ἐγχειρίζων
1448 4287 1608 4361 αὐτῇ.
1637 4274 1712 4343 Tb

47 4363 169 4434 γὰρ,
215 4369 355 4427 Ἀπὸ
396 4366 624 4433 παντὸς
661 4367 854 4433 ξύλου
889 4369 996 4424 τοῦ
1034 4370 1406 4439 παραδείσου
1435 4386 1463 4415 ι
1482 4376 1710 4444 ,βρώσει

46 4450 220 4520 φανῇ,
252 4452 375 4509 ἀπὸ
406 4452 475 4507 δὲ
502 4453 608 4509 τοῦ
638 4454 831 4520 ξύλου
878 4454 988 4511 τοῦ
1028 4454 1348 4527 γινώσκειν
1388 4462 1585 4516 καλὸν
1609 4467 1708 4521 καί

47 4539 305 4606 πονηρὸν
331 4543 405 4597 οὐ
457 4541 756 4613 φὰτυεσθε’
797 4543 1053 4615 νηστείας
1092 4540 1233 4610 εῐδὸς
1259 4549 1429 4604 ἐστιν.
1465 4553 1530 4606 Εἰ
1566 4554 1709 4609 δὲέν

48 4629 351 4701 παραδείσῳ
374 4632 648 4701 ἀναγκαία
670 4634 704 4703 ἡ
729 4633 972 4705 νηστεία,
998 4635 1177 4708 πολλῷ
1205 4637 1410 4708 μᾶλλον
1433 4644 1590 4707 ἐκτὸς
1610 4646 1705 4700 τοῦ

46 4715 368 4805 παραδείσου
401 4734 417 4751 ·
450 4720 501 4773 εί
532 4719 644 4792 πρὸ
674 4721 774 4793 τῆς
819 4721 1037 4794 πληγῆς
1068 4725 1339 4797 χρήσιμον
1380 4729 1442 4783 τὸ
1489 4732 1706 4805 φάρμαο

49 4813 160 4888 πων,
199 4804 376 4876 πολλῷ
421 4806 621 4878 μᾶλλον
658 4807 801 4879 μετά
840 4809 940 4881 τὴν
977 4810 1225 4884 πληγήν·
1255 4816 1305 4869 εί
1353 4817 1580 4888 μηδέπω
1608 4822 1702 4877 τοῦ

47 4887 274 4977 πολέμου
300 4891 408 4947 τῶν
439 4893 746 4965 ἐπιθυμιῶν
772 4896 1103 4962 ἀναστάντος
1137 4887 1440 4973 ἐπιτήδειον
1471 4907 1606 4977 ἡμῖν
1642 4910 1704 4962 τὸ

47 4956 201 5029 ὅπλον
237 4973 325 5049 ἦν,
353 4980 531 5053 πολλῷ
571 4956 772 5051 μάλλον
803 4982 943 5053 μετὰ
966 4984 1066 5057 τὴν
1081 4956 1362 5061 τοσαύτην

48 5058 148 5115 ἀπὸ
176 5064 282 5119 τῶν
309 5068 651 5140 ἐπιθυμιῶν,
673 5068 773 5141 τὴν
799 5070 908 5124 ἀπὸ
934 5070 1043 5125 τῶν
1087 5058 1360 5145 δαιμόνων
1379 5058 1403 5145 ,⁷
1421 5058 1698 5150 ἀνάγκαίᾷ

48 5146 80 5216 ἡ
106 5150 250 5221 παρὰ
276 5154 374 5226 τῆς
394 5156 650 5226 νηστείας
693 5156 1003 5229 συμμαχία.
1032 5157 1096 5212 Εί
1128 5159 1331 5233 ταύτης
1356 5146 1559 5236 ἤκουσέ
1599 5170 1700 5241 τῆς

50 5240 220 5307 φωνῆς
316 5242 502 5314 Ἀδάμ,
535 5243 634 5296 οὐκ
666 5243 733 5298 ἂν
759 5245 959 5315 ήκουσε
983 5247 1082 5317 τῆς
1112 5246 1370 5322 δευτέρας
1388 5252 1488 5324 τῆς
1510 5240 1698 5324 λεγοις-

51 5335 166 5390 σης·
184 5323 273 5395 Γῆ
291 5325 363 5394 εί,
390 5330 487 5382 καί
507 5333 594 5397 εὶς
617 5330 735 5400 γῆν
758 5332 1067 5404 ἀπελεύσῃ
1095 5352 1110 5368 ·
1136 5335 1252 5390 ἀλλ’
1272 5323 1462 5411 ἐπειδὴ
1492 5323 1696 5416 ταύτης

51 5412 370 5497 παρήκουσε,
404 5419 493 5473 διά
518 5420 675 5475 τοῦτο
701 5420 930 5487 θάνατος
966 5425 1061 5478 καὶ
1092 5426 1376 5497 φροντίδες
1414 5430 1510 5483 καὶ
1542 5412 1695 5488 πόνοι

51 5495 136 5549 καὶ
182 5501 400 5574 ἀθυμίαι
445 5507 540 5561 καὶ
580 5506 695 5582 ζωὴ
736 5508 970 5565 θανάτου
1017 5495 1218 5578 παντὸς
1269 5513 1575 5591 βαρυτέρα⁸
1605 5519 1692 5576 διά

109 5645 131 5672 ⁸
157 5657 284 5715 Unus
310 5667 489 5733 Regius
512 5671 736 5739 ekSaVil.
767 5668 854 5721 τοῦ
875 5670 921 5724 έν
941 5672 1010 5741 τῷ
1030 5672 1321 5736 παραδείσῳ.

1838 698 1947 790 γάρ
1969 700 2325 790 ὑϐρισθείσης
2345 706 2529 790 αὐτῆς
2557 707 2791 766 θάνατον
2837 698 3078 787 ἐπέθηκε
3099 698 3197 788 ⁷τῷ
3220 698 3519 790 ⁷ὑϐρίσαντι

1835 784 1897 837 τὸ
1940 787 2250 859 ἐπιτίμιον,
2297 789 2441 845 οὕτω
2490 793 2653 849 πάλιν
2690 784 3016 871 τιμηθείσης
3062 784 3237 873 αὐτῆς
3285 784 3517 860 θάνατον

1832 871 2240 964 ἀνεκαλέσατο.
2263 879 2374 935 Καὶ
2412 880 2522 952 γάρ
2549 881 2876 956 βουλόμενός
2913 905 2998 945 σοι
3029 871 3203 956 δεῖξαι
3229 890 3325 945 τοῦ
3372 892 3515 964 πράο

1835 972 2049 1028 γματος
2076 961 2177 1033 τὴν
2224 963 2475 1036 δύναμιν,
2512 967 2714 1023 ἔδωκεν
2745 968 2998 1036 ἐξουσίαν
3030 975 3167 1047 αὐτῇ
3207 977 3349 1046 μετά
3382 961 3516 1033 ἀπό-

1834 1062 2020 1115 φασιν,
2048 1051 2189 1120 μετὰ
2236 1052 2561 1127 ἀπαγωγὴν,
2591 1058 2721 1121 τοὺς
2751 1060 3134 1131 ἀπαγομένους
3166 1064 3266 1136 τήν
3293 1066 3387 1120 ἐπὶ
3417 1066 3514 1121 θά-

1834 1151 1995 1189 νατον
2022 1138 2087 1190 ἐκ
2115 1138 2287 1210 μέσης
2313 1141 2624 1213 ἀναρπάσαι
2647 1144 2746 1215 τῆς
2765 1147 2912 1211 ὁδοῦ,
2936 1150 3184 1222 καὶπρὸς
3211 1151 3356 1224 ζωὴν
3380 1171 3514 1223 μετο

1831 1225 2217 1293 αγαγεῖν”καὶ
2250 1227 2409 1282 τοῦτο
2436 1230 2536 1285 οὐκ
2565 1231 2657 1287 ἐπὶ
2690 1233 2804 1301 δύο,
2842 1234 2873 1309 ἢ
2904 1237 3001 1291 καὶ
3027 1238 3196 1308 τριῶν
3230 1242 3326 1294 καὶ
3362 1241 3511 1295 εἰκο-

1833 1326 1919 1363 σιν
1947 1311 2249 1385 ἀνθρώπων
2283 1315 2561 1388 ἐποίησεν,
2594 1317 2729 1374 ἀλλά
2758 1322 2852 1376 καὶ
2877 1323 3045 1396 δῆμον
3068 1326 3385 1399 ὁλόκληρον⁹
3413 1328 3511 1402 τὴν

1829 1396 1938 1451 τῶν
1970 1400 2273 1457 Νινευῖτῶν
2301 1404 2453 1459 πόλιν
2484 1406 2729 1479 μεγάλην
2769 1410 2863 1465 καὶ
2900 1409 3220 1485 θαυμαστὴν
3252 1396 3351 1471 ἐπὶ
3379 1396 3508 1486 γόνυ

1829 1488 2110 1561 κειμένην,
2135 1493 2267 1568 παρ’
2286 1494 2420 1547 αὐτὸ
2444 1494 2506 1548 τὸ
2537 1494 2812 1570 βάραθρον
2842 1499 2939 1574 τὴν
2966 1501 3207 1574 κεφαλὴν
3229 1502 3506 1572 κλίνασαν.

1830 1575 1924 1628 καὶ
1956 1576 2254 1647 μέλλουσαν
2282 1581 2381 1654 τὴν
2407 1582 2951 1659 ἄνωθεννφερομένην
2983 1589 3236 1663 δέχεσθαι
3268 1592 3505 1666 πληγὴν,

1828 1660 2081 1739 καθάπερ
2110 1682 2196 1730 τις
2238 1666 2444 1722 ἀνωθεν
2473 1670 2751 1729 ἐπιπτᾶσα
2794 1660 3055 1746 δύναμις,
3084 1677 3179 1731 καὶ
3223 1678 3284 1744 ἐξ
3324 1660 3507 1734 αὐτῶν

1824 1756 2042 1826 ἥρπασε
2094 1757 2204 1810 τῶν
2236 1759 2329 1812 τοῦ
2364 1760 2599 1817 θανάτου
2648 1762 2799 1835 [5H]
2842 1767 3063 1831 πυλῶν,
3093 1770 3188 1824 καὶ
3224 1770 3363 1843 πρὸς
3406 1773 3506 1844 τὴν

1826 1840 1970 1911 ζωὴν
2001 1843 2370 1914 ἐπανήγαγεν.
2424 1847 2565 1901 Ἀλλ’
2606 1852 2654 1902 εί
2683 1851 2850 1916 δοκεῖ,
2876 1854 2970 1907 καὶ
3002 1855 3103 1925 τῆς
3132 1840 3374 1929 ἱστορίας
3406 1840 3506 1913 αὐ-

1823 1928 1924 2000 τῆς
1960 1931 2378 2003 ἐπακούσωμεν.
2406 1935 2513 1990 Καὶ
2541 1936 2811 2006 ἐγένετο,
2838 1941 2993 2011 φησὶ,
3027 1944 3211 2010 λόγος
3257 1947 3503 2016 Κυρίου,

1824 2014 1975 2085 πρὸς
2017 2017 2226 2072 Ἰωνᾶν
2253 2020 2448 2091 λέγων
2482 2040 2496 2053 ·
2547 2023 2869 2094 Ἀνάστηθι
2914 2029 3012 2083 καὶ
3051 2014 3372 2101 πορεύθητι
3416 2037 3504 2101 είς

1822 2103 2031 2157 Νινευτ
2079 2103 2197 2173 τὴν
2271 2111 2454 2161 πάλιν
2521 2111 2637 2179 τὴν
2701 2113 2998 2184 μεγάλην.
3059 2116 3275 2183 Εὐθέως
3340 2121 3503 2175 αὐτὸν

1822 2189 1930 2243 ἀπὸ
1981 2190 2077 2244 τοῦ
2130 2193 2394 2262 μεγέθους
2459 2197 2560 2267 τῆς
2606 2199 2815 2264 πόλεως
2862 2201 3185 2275 δυσωπῆσαι
3228 2206 3499 2276 βούλεται,

1823 2279 1920 2350 τὴν
1961 2278 2262 2349 μέλλουσαν
2303 2283 2571 2353 προειδὼς
2628 2284 2722 2340 τοῦ
2775 2289 3056 2360 προφήτου
3115 2294 3317 2365 φυγήν.
3358 2295 3499 2348 Ἀλλ’

1822 2366 2149 2437 ἀκούσωμεν
2183 2369 2277 2423 καὶ
2307 2369 2401 2422 τοῦ
2429 2370 2784 2444 κηρύγματος
2807 2391 2821 2405 ·

1896 2531 2020 2587 Ἔτι
2048 2532 2204 2602 τρεῖς
2241 2535 2480 2607 ἡμέραι,
2511 2537 2606 2591 καὶ
2663 2540 2871 2594 Νινευϊ
2912 2546 3494 2616 ωταστραφήσεται.

1821 2618 1932 2679 Καὶ
1955 2619 2099 2685 τίνος
2128 2622 2314 2676 ἕνεκεν
2346 2623 2381 2683 ἃ
2402 2624 2618 2694 μέλλεις
2651 2625 2800 2683 δεινά
2827 2632 3003 2682 ποιεῖν
3037 2633 3359 2703 προλέγεις;
3381 2636 3499 2692 Ἵνα

1824 2703 1898 2777 μὴ
1934 2708 2142 2776 ποιήσω
2196 2707 2233 2762 δι
2267 2709 2538 2780 προλέγω.
2585 2713 2685 2769 Διά
2719 2713 2878 2773 τοῦτο
2906 2717 3002 2772 καὶ
3029 2720 3252 2788 γέενναν
3270 2724 3501 2797 ¹ηπείλη-

1822 2809 1935 2857 σεν,
1976 2795 2064 2848 ἵνα
2100 2796 2174 2867 μὴ
2225 2797 2493 2871 ἀπαγάγῃ
2540 2802 2621 2863 είς
2670 2800 2897 2872 γέενναν
2935 2820 2948 2835 ο
2987 2807 3258 2874 Φοϐείτω,
3292 2795 3495 2883 φησὶν,

1821 2880 1967 2951 ὑμᾶς
1996 2882 2067 2936 τά
2089 2885 2334 2955 ῥήματα,
2365 2887 2460 2939 καὶ
2494 2887 2568 2958 μὴ
2615 2887 2858 2945 λυπείτω
2887 2891 2956 2946 τά
2983 2895 3307 2966 πράγματα.
3339 2880 3497 2967 Τίνος

1818 2968 1875 3021 δὲ
1903 2967 2090 3025 ἐνεκεν
2129 2969 2226 3022 καὶ
2257 2970 2359 3042 τὴν
2396 2972 2736 3045 προθεσμίαν
2768 2979 2849 3042 είς
2881 2978 3023 3033 οὕτω
3061 2983 3246 3039 στενὸν
3272 2987 3494 3058 συνάγει

1817 3055 2044 3126 χρόνον;
2069 3057 2186 3113 Ἵνα
2209 3060 2302 3113 καὶ
2334 3060 2433 3149 τὴν
2461 3060 2567 3114 τῶν
2595 3061 2889 3137 βαρϐάρων
2915 3068 3093 3143 μάθῃς
3117 3070 3339 3144 ἀρετὴν,
3364 3055 3496 3149 βαρ-

1819 3144 2002 3208 ϐἀρων
2037 3144 2181 3214 λέγω
2212 3147 2320 3201 τῶν
2343 3147 2645 3204 Νινευῖτῶν
2676 3153 2737 3207 ἐν
2766 3156 2945 3224 τρισὶν
2972 3158 3206 3229 ἡμέραις
3238 3144 3494 3234 δυνηθέν-

1817 3248 1928 3285 των
1949 3230 2220 3303 τοσαύτην
2252 3234 2667 3308 ἁμαρτημάτων
2704 3238 2873 3311 ὀργὴν
2901 3245 3221 3310 καταλῦσαι,
3276 3230 3373 3302 καί.
3396 3251 3494 3322 τὴν

1816 3318 1911 3373 τοῦ
1940 3318 2078 3372 Θεοῦ
2113 3319 2525 3394 φιλανθρωπίαν
2554 3322 2841 3399 θαυμάσῃς
2869 3332 3126 3403 μετανοίᾳ
3156 3336 3323 3405 τριῶν
3353 3318 3491 3408 ἠμε-

1820 3406 1930 3480 ρῶν
1967 3407 2328 3479 ἀρκεσθέντος
2368 3409 2508 3483 ὑπὲρ
2560 3412 2829 3469 τοσούτων
2858 3406 3493 3492 πλημμελημάτων,ὴκαὶ

1818 3495 1985 3585 αὐτὸς
2009 3495 2085 3567 μὴ
2108 3496 2425 3585 καταπέσῃς
2455 3500 2536 3564 είς
2560 3500 2892 3571 ἀπόγνωσιν,
2916 3504 3020 3559 κᾶν
3056 3508 3226 3580 μυρία
3245 3512 3491 3585 ἡμαρτη.

1818 3580 1928 3645 κὼς
1954 3577 2043 3655 ᾖς.
2072 3583 2288 3671 Ὥσπερ
2315 3584 2422 3657 γάρ
2450 3585 2479 3638 ὁ
2507 3587 2716 3659 νωθρὸς
2743 3588 2841 3658 τὴν
2870 3590 3047 3664 ψυχὴν
3083 3577 3178 3648 καὶ
3208 3577 3437 3671 ὀλίγωρο
3448 3577 3489 3669 ξ,

1819 3669 1921 3723 κᾶν
1979 3669 2144 3723 πολὺν
2189 3669 2329 3742 λάϐῃ
2380 3672 2517 3744 πρὸς
2565 3676 2855 3744 μετάνοιαν
2911 3681 3123 3750 χρόνον,
3164 3682 3314 3737 οὐδὲν
3347 3669 3491 3757 μέγα

1816 3756 2128 3828 ἐργάζεται,
2157 3757 2280 3811 οὐδέ
2326 3760 2655 3828 καταλλάξει
2686 3763 2779 3818 τὸν
2812 3764 2944 3821 Θεὸν
2976 3768 3153 3840 ἐαυτῷ
3196 3770 3286 3825 διά
3315 3756 3489 3844 ρᾳθυ-

1818 3843 1949 3915 μίαν
1971 3860 1985 3874 ·
2019 3843 2195 3911 οὕτως
2221 3847 2251 3899 δ
2286 3845 2709 3920 διεγηγερμένος
2755 3852 2849 3905 καὶ
2895 3855 2962 3925 τῇ
3010 3857 3289 3930 προθυμίᾳ
3319 3843 3486 3929 ζέων,

1815 3931 1910 3985 καὶ
1940 3932 2079 4003 μετὰ
2107 3932 2309 4003 πολλῆς
2332 3933 2433 4004 τῆς
2456 3936 2691 4007 σπουδῆς
2723 3937 2823 4009 τὴν
2859 3942 3150 4009 μετάνοιαν
3177 3944 3488 4001 ἐπιδεικνύ-

1817 4033 1996 4089 μενος,
2026 4021 2122 4073 καὶ
2154 4021 2214 4074 ἐν
2243 4020 2475 4094 βραχείᾳ
2509 4023 2702 4093 καιροῦ
2740 4026 2880 4097 ῥοπῇ
2913 4026 3110 4082 πολλοῦ
3138 4031 3333 4103 χρόνου
3381 4052 3488 4090 πα-

1814 4102 2157 4177 ραπτώματα
2185 4106 2449 4175 ἀφανίσαι
2491 4106 2803 4179 δυνήσεται.
2840 4111 2976 4183 Οὐχὶ
3009 4102 3189 4185 τρίτον
3215 4117 3245 4170 ὁ
3280 4119 3485 4192 Πέτρος

1813 4190 2116 4262 ἠρνήσατος
2139 4192 2259 4264 οὐχὶ
2283 4193 2401 4264 μεθ’
2421 4194 2585 4264 ὅρκου
2616 4194 2676 4249 τὸ
2697 4196 2879 4267 τρίτον
2898 4215 2914 4265 ;
2934 4199 3054 4272 οὐχὶ
3076 4190 3483 4275 θεραπαινιδίου

1810 4277 1955 4342 τινὸς
1982 4277 2233 4344 εὐτελοῦς
2255 4282 2321 4353 ρή
2330 4298 2475 4352 ματα
2499 4281 2718 4349 δείσας;
2742 4284 2807 4338 Τί
2832 4280 2925 4340 οὖν
2944 4302 2959 4353 ;
2980 4289 3243 4346 ἐνιαυτῶν
3270 4294 3482 4353 πολλῶν

1811 4358 2030 4431 ἐδέησεν
2058 4361 2208 4433 αὐτῷ
2240 4364 2375 4434 πρὸς
2408 4364 2736 4436 μετάνοιαν;
2779 4368 3076 4440 Οὐδαμῶς·
3104 4372 3221 4428 ἀλλ’
3243 4376 3379 4449 αὐτῇ
3411 4383 3476 4452 τῇ

1810 4447 1964 4502 νυκτὶ
1994 4449 2088 4503 καὶ
2108 4449 2378 4524 ὼλίσθησε
2408 4452 2504 4506 καὶ
2535 4453 2757 4526 ἀνέστη,
2788 4456 2884 4510 καὶ
2911 4458 3011 4530 τήν
3037 4459 3251 4534 πληγὴν
3284 4447 3378 4518 καί
3418 4447 3479 4521 rb

1808 4536 2099 4608 φάρμακον
2127 4536 2362 4606 ἐδέξατο,
2375 4538 2471 4593 καὶ
2496 4541 2949 4614 ἠρρώστησε,καὶ
2978 4545 3117 4618 πρὸς
3138 4550 3240 4621 τὴν
3267 4550 3477 4621 ὑγίειαν

1807 4625 2090 4697 ἐπανῆλθε.
2119 4627 2243 4692 Πῶς
2287 4629 2381 4682 καὶ
2401 4629 2522 4685 τίνα
2543 4631 2775 4701 τρόπον;
2801 4634 3058 4701 Κλαύσας
3080 4641 3174 4693 καὶ
3204 4641 3477 4715 ἀποδυρά-

1810 4728 1966 4783 μενος
1983 4731 1996 4744 ο
2030 4714 2232 4785 μᾶλλον
2261 4714 2317 4769 δὲ
2335 4718 2396 4770 ού
2432 4717 2673 4783 κλαύσας
2701 4721 2908 4793 ἁπλῶς,
2938 4722 3075 4778 άλλά
3097 4727 3239 4796 μετά
3272 4714 3475 4802 πολλῆς

1805 4798 2039 4870 σπουδῆς
2055 4802 2146 4855 καὶ
2159 4801 2449 4868 διαθέσεως
2467 4821 2484 4839 ο
2504 4805 2600 4859 καὶ
2620 4806 2710 4861 διά
2735 4807 2894 4863 τοῦτο
2915 4811 2943 4865 ὁ
2965 4811 3359 4890 εὐαγγελιστὴς
3373 4798 3473 4874 οὐκ

1802 4882 1977 4952 εἶπεν,
2007 4889 2089 4943 ὃτι
2131 4889 2394 4947 ἔκλαυσεν
2439 4894 2649 4961 άπλῶς,
2686 4896 2822 4964 ἀλλ’,
2869 4882 3181 4959 Ἕκλαυσε
3224 4882 3469 4977 πικρῶς.

1801 4975 1911 5030 Καὶ
1933 4979 2148 5050 ποταπὴ
2177 4979 2287 5035 τῶν
2316 4981 2568 5054 δακρύων
2599 4986 2826 5043 ἐκείνων
2859 4991 2893 5061 ή
2912 4989 3163 5063 δύναμις,
3196 4975 3349 5066 φησὶ,
3384 4975 3470 5051 λδ-

1800 5080 1896 5134 γος
1943 5067 2042 5138 μὲν
2082 5068 2258 5133 οὐδεὶς
2289 5074 2637 5147 παραστῆσαι
2670 5077 2990 5150 δυνήσεται·
3017 5085 3049 5154 ἡ
3085 5084 3142 5141 δὲ
3174 5086 3281 5141 τῶν
3328 5104 3471 5158 πραο

1798 5153 2025 5224 γμάτων
2053 5154 2276 5222 ἔκϐασις
2306 5159 2548 5215 δείκνυσι
2588 5164 2795 5234 σαφῶς.
2823 5168 2981 5224 Μετά
3006 5153 3117 5245 γάρ
3148 5172 3208 5225 τὸ
3231 5153 3468 5244 χαλεπὸν

1797 5241 1973 5295 ἐκεῖνο
2006 5243 2207 5315 πτῶμα
2240 5261 2255 5275 ·
2284 5249 2569 5320 ἀρνήσεως
2612 5253 2721 5324 γάρ
2764 5255 2917 5309 οὐδὲν
2966 5241 3097 5311 ἶσον
3118 5241 3288 5314 κακδν
3312 5276 3326 5291 ο
3347 5262 3464 5317 ἀλλ’

1796 5329 1942 5399 ὅμως,
1982 5331 2121 5402 μετά
2148 5334 2400 5391 τοσοῦτον
2429 5338 2599 5393 κακὸν
2627 5340 2788 5395 πάλιν
2829 5344 2991 5398 αὐτὸν
3025 5346 3163 5417 πρὸς
3178 5347 3278 5418 τὴν
3317 5367 3460 5421 προ-

1794 5418 1959 5489 τέραν
1978 5420 2293 5492 ἐπανήγαγε
2327 5425 2511 5498 τιμὴν,
2541 5430 2634 5482 καὶ
2665 5431 2763 5502 τὴν
2800 5433 3121 5490 ἐπιστασίαν
3159 5436 3256 5509 τῆς
3283 5418 3464 5494 οἰκου-

1798 5504 2026 5576 μενιλῆς
2081 5509 2405 5581 Ἐκκλησίας
2456 5515 2754 5586 ἐνεχείρισε
2786 5535 2800 5550 ο
2828 5521 2922 5573 καὶ
2953 5519 2982 5572 ὃ
3013 5504 3233 5577 πάντων
3277 5528 3463 5597 μεῖζόν

1793 5592 1960 5654 ἐστιν,
1985 5592 2263 5662 ἀπέδειξεν
2289 5600 2420 5671 ἡμῖν
2440 5602 2601 5656 αὐτὸν
2626 5603 2795 5657 πλείω
2820 5606 2928 5660 τῶν
2952 5606 3264 5668 ἀποστόλων
3278 5592 3462 5671 ⁷ἀπάν-

1793 5693 1900 5733 των
1928 5677 2117 5752 ἔχοντα
2148 5683 2247 5755 τὴν
2288 5688 2365 5751 εἰς
2392 5687 2484 5743 τὸν
2513 5688 2788 5764 Δεσπότην
2841 5693 3084 5769 ἀγάπην.
3118 5699 3301 5765 Πέτρε
3330 5705 3465 5767 γάρ.
