3862 6232
430 446 431 449 η
497 397 655 468 φησι,
686 392 882 464 φιλεῖς
919 408 996 464 με
1038 390 1249 447 πλεῖον
1271 382 1497 447 τούτων
1514 407 1534 455 ;
1564 390 1765 446 Τούτου
1797 392 1842 445 δ’
1879 392 2029 446 οὐδὲν
2062 391 2152 462 γέο

493 502 639 540 νοιτο
675 485 741 539 ἂν
776 484 887 539 ίσον
922 486 1001 550 είς
1028 484 1228 556 ἀρετῆς
1263 482 1440 552 λόγον.
1471 483 1588 536 Ἵνα
1607 481 1717 553 γάρ
1750 483 1826 555 μὴ
1864 481 2029 554 λέγῃς
2072 482 2155 535 δτι

494 576 610 636 τοῖς
639 572 951 637 Νινευῖταις
976 570 1201 633 εἰκότως
1232 569 1493 637 συνέγνω,
1517 567 1828 639 ἀνθρώποις
1860 567 2155 640 βαρϐάροις

495 660 591 714 καὶ
611 660 882 731 ἀνοήτοις,
907 661 960 712 '0
989 657 1098 729 γὰρ
1117 657 1358 723 δοῦλος,
1389 655 1572 727 φησὶν,
1596 659 1629 709 ό
1658 654 1744 725 μὴ
1767 654 1936 721 εἰδὼς
1962 656 2028 709 τὸ
2060 654 2154 709 θέ-

494 749 657 815 ⁵ιημα
682 745 787 801 τοῦ
817 745 1024 813 κυρίου
1054 744 1238 799 αὑτοῦ
1286 743 1386 797 καί
1406 741 1493 813 μὴ
1519 742 1798 809 ποιήσας,
1828 741 2154 810 δαρήσεται

494 834 695 902 ὀλίγας
718 848 733 863 θ
760 833 846 887 ἵνα
866 829 959 886 οὐν
991 830 1065 903 μὴ
1103 830 1262 884 τοῦτο
1293 830 1477 907 λέγῃς,
1511 828 1601 883 διά
1630 829 1787 883 τοῦτό
1813 846 1895 883 σοι
1934 829 2027 883 καὶ
2062 829 2152 883 τὸν

494 920 698 990 Πέτρον
726 921 805 983 είς
830 917 993 991 μέσον
1023 920 1312 992 παρήγαγε
1330 916 1579 981 ’,δοῦλον
1612 915 1845 987 μάλιστα
1863 916 1924 969 τὸ
1943 915 2152 987 θέλημα

490 1008 583 1061 τοῦ
612 1008 801 1075 κυρίου
841 1008 1041 1061 εἰδότα.
1097 1006 1235 1059 Ἀλλ’
1268 1008 1417 1077 ὅμως
1453 1006 1546 1058 καὶ
1574 998 1729 1068 οὗτος
1768 1002 2027 1074 ἁμαρτὼν
2057 1003 2151 1057 καὶ

491 1096 592 1164 τὴν
641 1094 874 1165 ἐσχάτην
909 1094 1201 1167 ἁμαρτίαν,
1228 1094 1328 1163 ὅροι
1362 1091 1498 1163 πρὸς
1525 1092 1647 1145 ὅσον
1681 1090 1994 1164 παρρησίας
2018 1088 2152 1158 ὕψος

490 1180 712 1252 ἀνῆλθε.

560 1287 649 1359 Μὴ
673 1288 853 1342 τοίνυν
888 1287 1008 1359 μηδ’
1051 1286 1214 1350 αὐτὸς
1252 1286 1345 1339 ἐπὶ
1372 1288 1482 1349 τοῖς
1519 1284 1881 1355 ἁμαρτήμασι
1910 1282 2150 1337 καταπέ-

492 1390 618 1447 σῃς’
648 1375 715 1428 rb
758 1376 865 1446 γὰρ
904 1372 1286 1445 χαλεπώτερον
1325 1373 1423 1443 τῆς
1455 1372 1749 1443 ἁμαρτίας,
1778 1370 1839 1424 rb
1878 1370 2060 1440 μένειν
2093 1372 2151 1423 ἐν

486 1466 553 1533 τῇ
571 1463 835 1535 ἁμαρτίᾳ,
869 1463 961 1516 καὶ
975 1461 1037 1515 rb
1069 1460 1366 1532 δεινότερον
1386 1460 1479 1513 τοῦ
1504 1459 1815 1529 πτώματος,
1845 1459 1907 1511 τὸ
1938 1456 2150 1511 κεῖσθαι

488 1550 546 1603 ἐν
579 1549 656 1620 τῷ
708 1548 982 1620 πτώματι.
1012 1547 1181 1601 Τοῦτο
1213 1548 1308 1601 καὶ
1338 1551 1365 1601 0
1394 1547 1604 1609 Παῦλος
1637 1545 1828 1617 θρηνεῖ
1871 1544 1967 1598 καὶ
1998 1543 2148 1617 [512]

487 1635 836 1708 ἀποδύρεται,
865 1635 1023 1688 τοῦτο
1056 1634 1281 1699 πένθους
1305 1634 1453 1701 ἀξιον
1493 1630 1632 1686 εἷναί
1682 1649 1836 1703 φησι.
1884 1634 1980 1698 Μή
2024 1647 2149 1697 πως

487 1724 615 1796 γάρ,
652 1725 842 1794 φησὶν,
877 1723 1160 1789 ἐλθόντος
1184 1739 1304 1792 μου
1332 1721 1473 1789 πρὸς
1502 1720 1677 1790 ὑμᾶς,
1704 1717 2042 1789 ταπεινώσῃ
2070 1735 2147 1788 με

488 1814 523 1864 ὁ
556 1810 717 1876 Θεὸς,
742 1809 839 1864 καί
871 1809 1150 1876 πενθήσω
1186 1808 1485 1875 πολλοὺς,
1517 1808 1639 1878 οὐχὶ
1674 1807 1782 1861 τῶν
1827 1806 2145 1879 ἡμαρτηκό-

486 1915 594 1951 των
647 1898 830 1962 ἁπλῶς
855 1938 869 1961 ,
901 1897 1038 1951 ἀλλὰ
1090 1896 1199 1951 τῶν
1242 1896 1328 1966 μὴ
1376 1895 1886 1967 μετανοησάντων
1930 1894 2028 1948 ἐπὶ
2074 1894 2149 1965 τῇ

487 1984 794 2055 ἀσελγείᾳ,
830 1986 929 2039 καὶ
980 1985 1337 2055 ἀκαθαρσίᾳ,
1364 1983 1463 2037 καί
1489 1984 1735 2052 πορνείᾳ
1780 1976 1820 2053 ᾖ
1857 1981 2144 2050 ἔπραξαν.

488 2074 631 2144 Πρὸς
656 2072 711 2126 δὲ
731 2072 1015 2144 μετάνοιαν
1037 2074 1186 2134 ποῖος
1204 2071 1634 2141 ἐπιτηδειότερος
1654 2068 1851 2138 γένοιτ’
1868 2067 1931 2122 ἰν
1960 2069 2148 2139 καιρὸς

485 2159 583 2213 τοῦ
614 2160 714 2230 τῆς
742 2160 994 2229 νηστείας
1024 2157 1257 2229 καιροῦ;

555 2272 623 2333 γ’.
678 2263 817 2318 Ἀλλ’
854 2264 1165 2334 ὲπανίωμεν
1201 2263 1282 2326 είς
1311 2262 1408 2334 τὴν
1442 2262 1700 2336 ἱστορίαν.
1724 2260 2020 2326 Ἀκούσας
2038 2259 2146 2331 γάρ

484 2353 670 2407 ταῦτα
694 2352 764 2406 τὰ
774 2351 1013 2421 ῥήματα
1036 2353 1069 2404 ό
1092 2349 1404 2420 προφήτης
1422 2348 1639 2417 κατέϐη
1663 2351 1750 2416 εις
1778 2349 2020 2415 Ἰόππην
2043 2346 2148 2400 τοῦ

483 2441 726 2510 φεύγειν
747 2442 832 2506 είς
853 2438 1102 2509 Θαρσεῖς
1131 2436 1248 2492 ἀπὸ
1274 2435 1597 2505 προσώπου
1619 2437 1858 2504 Κυρίου.
1884 2433 1996 2488 Ποῦ
2020 2433 2147 2503 φεύ-

483 2545 621 2596 γεις,
653 2526 903 2597 ἄνθρωπε
925 2544 940 2593 ;
966 2525 1065 2579 οὐκ
1093 2525 1334 2596 ήκουσας
1376 2521 1470 2576 τοῦ
1520 2523 1800 2594 προφήτου
1853 2522 2103 2590 λέγοντος
2129 2538 2142 2552 ο

482 2616 608 2669 Ποῦ
640 2612 907 2682 πορευθῶ
939 2611 1055 2666 ἀπὸ
1088 2611 1194 2665 τοῦ
1240 2612 1578 2679 πνεύματός
1606 2625 1744 2675 σου,
1776 2608 1871 2663 καί
1893 2608 2011 2663 ἀπὸ
2040 2608 2147 2662 τοῦ

483 2702 805 2770 προσώπου
851 2714 966 2755 σου
1004 2697 1122 2751 ποῦ
1158 2698 1352 2767 φύγως
1392 2698 1484 2760 El;
1524 2696 1621 2767 τὴν
1654 2696 1792 2766 γῆν;
1835 2694 2014 2759 Ἀλλὰ,
2037 2694 2147 2750 Τοῦ

482 2791 701 2858 Κυρίου
736 2790 771 2857 ἡ
802 2786 900 2858 γῆ,
931 2785 1030 2840 καὶ
1068 2783 1134 2839 τὸ
1181 2783 1472 2853 πλήρωμα
1521 2782 1731 2850 αὐτῆς.
1766 2782 1907 2835 Ἀλλ’
1934 2784 2015 2847 είς
2054 2781 2148 2835 τὸν

483 2880 647 2949 ᾆδην;
678 2876 802 2932 Κᾶν
847 2873 1080 2929 καταϐῶ
1100 2916 1114 2940 ,
1147 2873 1333 2944 φησὶν,
1366 2874 1454 2937 εὶς
1485 2871 1591 2925 τὸν
1623 2870 1798 2939 ᾅδην,
1833 2870 2027 2940 πάρει.
2053 2871 2148 2933 Εἰς

481 2969 572 3021 τὸν
601 2966 856 3036 οὐρανόνς
900 2963 1060 3017 Ἀλλ’
1088 2961 1197 3015 ἐὰν
1232 2959 1431 3018 ἀναὸῶ
1461 2964 1548 3027 είς
1588 2960 1695 3014 τόν
1739 2961 2020 3029 οὐρανὸν,
2064 2960 2145 3014 σὺ

481 3053 610 3108 ἐκεῖ
624 3050 699 3109 εἴ.
742 3051 881 3104 Ἀλλ’
913 3051 993 3113 εἰς
1031 3049 1129 3119 την
1160 3047 1465 3113 θάλασσαν;
1493 3047 1602 3100 Καὶ
1642 3047 1785 3111 ἐκεῖ,
1816 3047 1969 3118 φησὶ,
2007 3051 2147 3103 καθ-

480 3143 603 3206 έξει
624 3156 701 3209 με
724 3139 763 3207 ἡ
815 3136 986 3201 δεξιά
1015 3151 1151 3190 σου.
1200 3137 1264 3189 Ὃ
1306 3135 1372 3206 δὴ
1414 3134 1509 3189 καὶ
1556 3135 1649 3189 ἐπὶ
1674 3133 1864 3189 τούτου
1904 3134 2143 3205 γέγονεν.

494 3226 654 3281 Ἀλλά
687 3223 979 3294 τοιοῦτονή
1010 3221 1252 3293 ἁμαρτία
1271 3239 1285 3253 σ
1317 3223 1398 3285 είς
1427 3219 1625 3293 πολλὴν
1670 3220 1855 3277 ἄνοιαν
1885 3220 2145 3292 ἐμϐάλλει

478 3316 577 3386 τὴν
627 3312 899 3385 ἡμετέραν
943 3311 1139 3383 ψυχήν.
1163 3310 1433 3382 Καθάπερ
1460 3310 1570 3381 γάρ
1604 3310 1652 3363 οί
1695 3308 2012 3381 καρηϐαρίᾳ
2052 3310 2146 3364 καὶ

483 3402 620 3471 μέθῃ
651 3400 1008 3471 κατεχόμενοι
1043 3396 1230 3461 ἁπλῶς
1262 3397 1357 3451 καὶ
1385 3395 1509 3466 εἰκῆ
1541 3397 1928 3467 περιφέρονται
1956 3404 2008 3465 b,
2041 3396 2145 3450 κᾶν

483 3487 774 3558 βάραθρον,
798 3485 900 3539 κᾶν
938 3484 1206 3556 κρημνὸς,
1236 3483 1338 3537 κᾶν
1368 3481 1547 3536 ὁτιοῦν
1648 3482 2024 3553 ὑποκείμενον,
2054 3499 2145 3535 κα-

478 3573 837 3627 ταπίπτουσιν
883 3573 1241 3642 ἀφυλάκτως·
1274 3570 1415 3623 οὕτω
1445 3572 1538 3623 καὶ
1571 3570 1621 3622 οἱ
1663 3570 1798 3640 πρὸς
1824 3569 1922 3641 τὴν
1959 3570 2141 3641 ἀμαρ-

477 3661 600 3714 τίαν
626 3657 1097 3723 ἐξολισθαίνοντες,
1116 3657 1364 3727 καθάπερ
1388 3656 1525 3728 μέθῃ
1538 3657 1651 3709 ’τινὶ
1674 3658 1739 3726 τῇ
1767 3656 1868 3726 τῆς
1894 3656 2145 3728 πράξεως

479 3745 745 3817 ἐπιθυμίᾳ
775 3745 1147 3814 κατεχόμενοι,
1179 3743 1278 3796 οὐκ
1306 3741 1482 3795 ἴσασιν
1516 3743 1652 3811 ὅπερ
1683 3741 2013 3813 πράττουσιν
2038 3759 2051 3773 ⁸
2081 3745 2142 3797 οὐ

478 3833 588 3888 τῶν
622 3830 925 3905 παρόντων,
964 3830 1025 3883 οὐ
1048 3830 1155 3883 τῶν
1186 3827 1485 3899 μελλόντων
1518 3845 1571 3880 τι
1617 3828 1914 3900 προορῶσι.

549 3938 653 3991 Τὸν
709 3934 984 4006 Δεσπότην
1036 3933 1294 4005 φεύγεις,
1334 3935 1455 3988 εἰπέ
1497 3951 1586 4005 μοι
1632 3932 1891 3999 ;Οὐκοῦν
1948 3934 2143 4008 μικρὸν

479 4027 788 4097 ἀνάμεινον,
824 4023 921 4078 καὶ
945 4022 1034 4076 διά
1078 4021 1186 4077 τῶν
1216 4020 1554 4093 πραγμάτων
1587 4021 1765 4075 αὐτῶν
1796 4020 2033 4096 μαθήσῃ,
2059 4024 2142 4077 ὅτι

478 4116 599 4170 οὐδὲ
627 4116 725 4187 τῆς
751 4113 944 4185 δούλης
970 4111 1236 4183 θαλάττης
1268 4110 1365 4174 τὰς
1405 4113 1591 4181 χεῖρας
1617 4111 1818 4184 δυνήσῃ
1838 4112 2140 4182 διαφυγεῖν.

490 4201 659 4273 Ὀμοῦ
687 4201 796 4272 γάρ
833 4199 1004 4271 ἐπέϐη
1038 4199 1137 4270 τῆς
1176 4198 1303 4269 νηὸς
1331 4190 1521 4259 οὗτος,
1556 4196 1779 4270 κάκείνη
1818 4198 1887 4251 τὰ
1920 4199 2143 4270 κύματα

478 4289 816 4358 διανέστησε,
851 4287 945 4340 καὶ
972 4286 1108 4356 πρὸς
1132 4284 1264 4354 ὑψος
1283 4284 1532 4355 ἠγείρετο
1569 4282 1710 4354 μέγα
1727 4301 1740 4314 ·
1764 4286 1862 4342 καὶ¹
1892 4286 2142 4359 καθάπερ

482 4373 787 4446 θεράπαινά
816 4389 901 4435 τις
950 4370 1248 4441 εὐγνώμων
1306 4367 1589 4422 σύνδουλον
1634 4368 1870 4439 εὑροῦσα
1905 4371 2138 4440 φυγάδα,

479 4463 587 4517 τῶν
612 4458 943 4515 δεσποτικῶν
981 4455 1306 4527 ὐφελόμενόν
1335 4472 1385 4509 τι
1418 4455 1712 4527 κτημάτων
1732 4499 1748 4517 ,
1774 4457 1835 4510 οὐ
1879 4458 2142 4531 πρότερον

482 4551 774 4621 ἀφίσταται
821 4545 993 4617 μυρία
1036 4547 1147 4608 τοῖς
1178 4543 1601 4615 ὑποδεξαμένοις
1642 4545 1801 4601 αὐτὸν
1832 4548 2142 4618 παρέχουσα

482 4638 805 4709 πράγματα,
835 4634 942 4696 ἕως
970 4632 1036 4688 ἂν
1063 4631 1305 4686 λαϐοῦσα
1331 4632 1491 4686 αὐτὸν
1515 4633 1754 4706 ἀπέλθῃ·
1782 4632 1922 4688 οὑτω
1957 4633 2022 4705 δὴ
2048 4635 2142 4688 καὶ

491 4725 526 4792 ή
549 4723 784 4776 θάλαττα
811 4722 902 4774 τὸν
937 4717 1219 4773 σύνδουλόν
1252 4717 1486 4789 εὑροῦσα
1534 4719 1626 4773 τὸν
1658 4720 1854 4791 ἐαυτῆς
1887 4722 1981 4775 καὶ
2018 4722 2140 4773 ἐπι-

478 4810 707 4877 γνοῦσα,
742 4808 908 4880 μυρία
937 4811 1047 4870 τοῖς
1074 4804 1297 4869 ναύταις
1318 4805 1545 4878 παρέχει
1588 4807 1912 4879 πράγματα,
1941 4808 2139 4879 ταράτ-

482 4913 669 4961 τουσα,
699 4894 877 4965 βοῶσα
898 4933 913 4958 ,
942 4895 1041 4947 οὐκ
1091 4894 1171 4957 είς
1205 4893 1550 4965 δικαστήριον
1575 4894 1826 4960 ἕλκουσα,
1860 4894 1975 4949 ἀλλ’
2015 4892 2143 4949 αὑτ-

483 4985 677 5056 ανδρον
720 4980 1018 5036 ἀπειλοῦσα
1064 4979 1357 5035 κατάδυσιν
1396 4978 1490 5032 τοῦ
1533 4981 1793 5049 σκάφους.
1846 4982 1893 5034 εί
1949 4982 2024 5052 μὴ
2052 4982 2143 5035 τὸν

483 5068 771 5143 ὁμόδουλον
800 5067 1047 5122 ἀποδοῖεν
1069 5066 1228 5136 αὐτῇ.
1266 5066 1332 5118 Τί
1365 5061 1459 5118 οῦν
1485 5067 1534 5118 οἱ
1563 5066 1776 5133 ναῦται,
1816 5069 2021 5121 τούτων
2053 5086 2142 5137 γι-

482 5157 761 5230 νομένων;
803 5150 1210 5220 Ἑποιήσαντο.
1235 5152 1419 5224 φησὶν,
1442 5153 1699 5223 ἐκϐολὴν
1737 5154 1854 5209 τῶν
1900 5156 2142 5211 σκευῶν

480 5244 603 5299 τῶν
615 5244 685 5298 ἐν
698 5241 777 5307 τῷ
793 5240 1007 5305 πλοίῳ·
1034 5238 1098 5293 τὸ
1112 5237 1180 5291 δὲ
1204 5239 1420 5292 πλοῖον
1441 5240 1551 5294 οὐκ
1566 5240 1906 5311 ἐκουφίζὶντο
1932 5261 1947 5276 ο
1980 5247 2009 5298 ὁ
2034 5246 2142 5319 γὰρ

486 5331 680 5406 φόρτος
703 5330 847 5393 ἄπας
884 5327 1029 5383 ἔνδον
1050 5325 1240 5396 ἔμενεν
1260 5324 1362 5392 ἔτι,
1381 5326 1476 5379 τοῦ
1496 5330 1771 5399 προφήτου
1792 5331 1853 5383 τὸ
1875 5331 2055 5401 σῶμα,
2078 5334 2141 5387 rb

486 5417 623 5491 βαρὺ
644 5417 882 5489 φορτίον,
895 5416 956 5469 οὐ
971 5412 1120 5486 παρὰ
1135 5412 1231 5484 τὴν
1247 5409 1339 5465 τοῦ
1363 5410 1614 5482 σώματος
1638 5414 1818 5483 φύσιν,
1841 5415 1975 5472 ἀλλά
1992 5420 2140 5491 παρά

481 5502 546 5556 rb
570 5504 670 5571 τῆς
697 5502 967 5576 ἁμαρτίας
988 5500 1148 5572 ἄχθος
1168 5516 1182 5530 °
1209 5498 1356 5551 οὐδὲν
1379 5496 1484 5569 γάρ
1502 5498 1642 5552 οὕτω
1668 5498 1806 5572 βαρὺ
1830 5502 1922 5555 καὶ
1938 5503 2143 5560 δυσϐά-

550 5674 721 5737 f'Yide
741 5690 798 5725 an
820 5690 928 5725 cum
953 5673 1137 5725 Savilio
1162 5674 1331 5736 legere
1356 5672 1495 5737 malis
1512 5674 1803 5737 παρήγαγον.
1829 5676 1965 5728 Enn.

544 5733 576 5774 δ
594 5735 675 5784 Sic
691 5738 838 5803 δυχίι.
865 5744 918 5787 ει
940 5738 1036 5788 duo
1059 5733 1235 5799 3933.;
1265 5736 1418 5798 magis
1439 5733 1660 5799 proprie;
1680 5733 1962 5803 tegebatur
1987 5757 2132 5792 κατοι-

487 5796 720 5859 φέρονται.
749 5797 881 5847 Eon.

3805 82 3807 177 ί

1242 276 1304 335 S.
1341 274 1626 334 JUANNIS
1661 270 2142 331 αηιιιεοεῐοιιι

2255 275 2512 336 RCHIEP.
2551 278 3095 343 CONSTANTINOP.
3772 292 3808 349 ιι

2268 408 2519 462 στακτον,
2550 396 2628 461 ώς
2659 398 2901 471 ἁμαρτία
2930 392 3023 454 καὶ
3050 401 3325 473 παρακοή.
3355 397 3474 454 Διὰ
3525 398 3674 454 τοῦτο
3696 407 3810 463 nn.

2263 481 2460 552 χαρίας
2482 484 2565 547 είς
2596 484 2717 554 δψιν
2750 486 2996 557 μολίϐδου
3029 486 3365 542 διετύπωσεν
3394 488 3617 559 αὐτήν·
3647 488 3674 540 0
3695 491 3810 547 ἀεὶξί

2261 568 2362 640 τὴν
2398 569 2558 638 φύσιν
2595 573 2766 643 αὐτῆς
2806 572 3124 645 διαγράφων
3148 574 3346 643 ἔλεγεν
3383 589 3400 603 θ
3431 576 3512 628 Al
3552 575 3755 642 ἀνομίαι
3778 598 3810 645 ει

2261 655 2569 725 ὑπερῆραν
2618 658 2731 727 τὴν
2775 659 3051 729 κεφαλήν
3090 678 3211 731 μου
3229 699 3245 724 ,
3294 661 3453 715 ὡσεὶ
3506 662 3735 730 φορτίον
3753 666 3812 732 ἐξ

2260 740 2679 812 ἐϐαρύνθησαν
2731 746 2824 799 ἐπ’
2856 746 2980 816 ἐμέ.
3014 747 3074 801 '0
3114 748 3172 801 δὲ
3225 748 3479 819 Χριστὸς
3530 748 3665 819 πρὸς
3704 752 3792 813 τώς

2262 828 2561 900 ἁμαρτίαις
2605 831 2937 901 βεϐιωκότας
2988 833 3213 898 πολλαῖς
3254 834 3388 888 ἐϐόα
3412 851 3429 864 ο
3459 833 3646 888 Δεῦτε
3686 840 3812 906 πρὲις,

2259 913 2481 982 πάντες
2526 920 2581 971 οι
2612 918 2937 987 κοπιῶντες
2963 920 3060 975 καὶ
3096 920 3600 990 πεφορτισμένοι,
3624 922 3811 991 κάπὼὰι

2259 1004 2472 1058 παύσω
2499 1004 2675 1073 ὑμῶς.
2706 1004 2857 1076 Αὑτη
2895 1006 3075 1062 τοίνυν
3104 1009 3199 1061 καὶ
3233 1008 3296 1061 rb
3326 1008 3529 1061 πλοῖον
3560 1008 3764 1079 ἐϐάρυνε
3784 1014 3814 1064 τί

2258 1093 2352 1145 καὶ
2375 1091 2655 1163 βαπτίζειν
2686 1092 2908 1162 ἔμελλεν
2931 1112 2945 1123 ·
2967 1096 2997 1148 ὁ
3020 1095 3077 1149 δέ
3106 1096 3288 1159 Ἰωνᾶς
3311 1094 3591 1149 ἐκάθευδε
3614 1098 3700 1149 καὶ
3718 1096 3813 1169 ἐρεῖ⁴

2259 1180 2438 1251 Βαρύς
2461 1182 2490 1233 0
2522 1179 2689 1244 ὑπνος
2718 1183 2818 1235 οὐκ
2853 1177 2920 1253 ἦν
2952 1182 3166 1254 ήδονῆς,
3196 1183 3336 1237 ἀλλά
3368 1184 3587 1253 λύπης,
3625 1185 3734 1254 οὐχὶ
3756 1189 3814 1255 ρει

2263 1266 2410 1337 μίας,
2439 1267 2575 1322 ἀλλά
2618 1268 2874 1340 ἀθυμίας.
2915 1271 2977 1323 Ol
3008 1268 3116 1341 γάρ
3162 1269 3530 1340 εὐγνώμονες
3570 1270 3676 1322 τῶν
3709 1275 3816 1324 οίκετ

2258 1354 2464 1425 ταχέως
2493 1356 2837 1410 αἰσθάνονται
2875 1356 2984 1410 τῶν
3022 1358 3450 1429 ἁμαρτημάτων
3479 1374 3495 1387 ⁸
3519 1359 3661 1429 ὅπερ
3689 1361 3816 1413 κάκεξι

2260 1440 2409 1512 [5151
2435 1441 2622 1496 ἔπαθε.
2651 1443 2803 1497 Μετὰ
2828 1443 2936 1514 γὰρ
2965 1444 3062 1514 τὴν
3097 1443 3297 1514 πρᾶξιν
3327 1448 3434 1517 τῆς
3466 1445 3753 1516 ἁμαρτίας,
3778 1449 3816 1513 ίτ

2257 1528 2358 1598 τῆς
2389 1529 2661 1600 ἁμαρτίας
2688 1530 2808 1584 τότε
2836 1531 2897 1583 rb
2922 1530 3095 1583 δεινόν
3111 1547 3124 1559 ο
3156 1531 3386 1603 καὶγὰρ
3411 1530 3668 1585 τοιοῦτον
3692 1534 3721 1601 ή
3744 1536 3818 1600 ἀμ

2257 1615 2345 1669 τία
2367 1634 2380 1648 ·
2412 1616 2549 1687 μετά
2574 1616 2634 1670 rb
2656 1616 2935 1688 τεχθῆναι,
2965 1616 3180 1689 πλήρης
3212 1618 3335 1671 τότε
3364 1618 3474 1681 τὰς
3506 1618 3701 1680 ὠδῖνας
3731 1622 3818 1691 ἐγ;ῐε

2256 1708 2322 1775 τῇ
2353 1706 2584 1777 τεκούσῃ
2631 1706 2813 1778 ψυχῇ,
2845 1708 3171 1771 ἀπεναντίας
3193 1707 3275 1778 τῷ
3318 1709 3481 1778 νόμῳ
3526 1709 3633 1778 τῆς
3669 1711 3818 1780 ήμετέε

2256 1794 2580 1864 γεννήσεως.
2623 1794 2815 1864 Ἡμεῖς
2848 1795 2944 1865 μὲν
2963 1794 3072 1865 γάρ
3096 1793 3230 1865 ὁμοῦ
3252 1795 3557 1864 τεχθέντες
3578 1796 3675 1858 τάς
3698 1795 3817 1847 ὼίίειι

2258 1876 2454 1948 λύομεν
2476 1917 2490 1941 ,
2519 1880 2703 1950 ἐκείνη
2750 1879 2812 1932 δὲ
2838 1879 2975 1949 ὁμοῦ
3007 1880 3261 1950 τεχθεῖσα
3304 1880 3529 1952 διασπᾷ
3579 1884 3698 1945 ταῖς
3724 1882 3820 1936 0r}va

2256 1966 2381 2027 τοὺς
2394 1965 2648 2031 τεκόντας
2674 1966 2841 2037 αὐτὴν
2867 1967 3177 2037 λογισμούς.
3194 1967 3260 2019 Τί
3269 1963 3365 2020 οὖν
3389 1969 3420 2020 0
3439 1968 3731 2039 πρωρεύς;
3754 1970 3820 2039 [19.

2256 2050 2407 2121 ἦλθε,
2434 2054 2618 2123 φησὶν,
2651 2053 2799 2124 αὐτῷ
2846 2054 2939 2107 καὶ
2968 2053 3116 2121 λέγει
3138 2071 3154 2087 ο
3199 2053 3481 2119 Ἀνάστα,
3519 2055 3622 2108 καὶ
3650 2055 3819 2109 mu

2256 2138 2475 2205 Κύριον
2506 2138 2612 2192 τὸν
2648 2140 2798 2193 Θεόν
2820 2155 2955 2192 σου.
2987 2141 3168 2207 Ἔγνω
3201 2139 3391 2193 λοιπὸν
3419 2141 3540 2193 ἀπὸ
3576 2142 3678 2211 τῆς
3705 2142 3822 2211 πείρα

2255 2222 2336 2274 ὅτι
2357 2222 2456 2276 οὐκ
2484 2219 2549 2295 ἦν
2570 2225 2803 2296 συνήθης
2824 2227 2852 2277 ό
2869 2224 3100 2296 χειμὼν,
3125 2226 3261 2280 ἀλλά
3282 2226 3561 2298 θεήλατος
3586 2223 3655 2299 ἦν
3678 2230 3709 2297 ή
3731 2228 3822 2296 τὶῃῖ

2256 2310 2350 2361 καὶ
2392 2310 2573 2379 μεῖζον
2605 2312 2702 2381 τῆς
2754 2311 3101 2383 ἀνθρωπίνης
3152 2313 3353 2383 τέχνης
3391 2315 3459 2367 rb
3494 2313 3822 2372 κλυδώνιον.ι

2255 2395 2335 2447 ὅτι
2379 2393 2484 2447 τῶν
2535 2396 2630 2448 τοῦ
2686 2396 3021 2467 κυϐερνήτου
3052 2396 3253 2469 χειρῶν
3300 2397 3504 2466 ὄφελος
3531 2398 3822 2467 οὐδένοέτὲι

2256 2481 2363 2553 γάρ
2405 2481 2570 2534 ἐδεῖτο
2606 2481 2847 2546 μείζονος
2880 2484 3214 2555 κυϐερνήτου
3262 2484 3334 2537 τά
3379 2486 3681 2555 γινόμενα,
3707 2485 3780 2537 τοῦ
3807 2501 3824 2535 τ

2257 2569 2459 2640 κόσμον
2487 2569 2944 2641 διακυϐερνῶντος
2974 2571 3213 2636 ἅπαντα,
3239 2572 3335 2625 καὶ
3362 2572 3468 2641 τῆς
3516 2572 3722 2626 ἄνωθεν
3740 2574 3823 2640 χρεί

2257 2652 2367 2725 εἶχε
2418 2657 2609 2727 ῥοπῆς.
2645 2658 2743 2710 Διά
2785 2657 2944 2710 τοῦτο
2993 2658 3236 2711 κάκεῖνοι
3281 2656 3479 2721 κώπας
3520 2661 3622 2712 καὶ
3666 2658 3824 2710 ἱστίαι

2258 2745 2463 2814 σχοινία
2496 2745 2588 2798 καὶ
2617 2745 2791 2798 πάντα
2820 2745 3048 2812 ἀφέντες
3074 2745 3167 2798 καὶ
3191 2744 3294 2814 τῆς
3323 2745 3585 2815 εἰρεσίας
3617 2745 3711 2808 τάς
3736 2748 3824 2813 χεῖρέ

2255 2831 2661 2901 ἀποστήσαντες
2693 2831 2828 2901 πρὸς
2851 2831 2941 2884 τὸν
2973 2831 3197 2903 οὐρανὸν
3223 2831 3535 2898 ἀνέτειναν,
3574 2834 3671 2886 καὶ
3692 2834 3765 2884 τὸν
3782 2832 3826 2882 ea

2256 2918 2613 2989 παρεκάλουν.
2650 2919 2737 2982 Ὧς
2773 2917 2831 2970 δὲ
2862 2918 2984 2971 οὐδὲ
3014 2918 3186 2981 οὑτως
3218 2920 3439 2986 ἐγένετό
3460 2936 3519 2973 τι
3553 2919 3729 2983 πλέον,
3752 2919 3826 2969 'EE;

2256 3006 2345 3059 λον
2383 3004 2637 3078 κλήρους,
2670 3006 2828 3076 φησί·
2874 3006 2971 3059 καὶ¹
3003 3004 3291 3075 παρέδωκε
3327 3005 3526 3059 λοιπὸν
3569 3008 3600 3059 ὁ
3637 3005 3826 3075 κλῆρος·

2254 3093 2420 3165 ψήφῳ
2449 3094 2539 3146 τὸν
2579 3091 2896 3148 ὑπεύθυνον.
2930 3092 2996 3144 Οἱ
3026 3091 3084 3145 δὲ
3118 3091 3240 3146 οὐδὲ
3270 3089 3449 3155 οὕτως
3476 3092 3651 3145 αὑτὸν
3683 3092 3828 3145 λάϐοιο

2255 3184 2667 3246 κατεπόντισαν,
2704 3180 2838 3234 ἀλλά
2869 3179 3097 3251 θορύϐου
3120 3178 3380 3232 τοσούτου
3406 3180 3510 3233 καὶ
3533 3180 3768 3251 rapax-F7;
3790 3180 3828 3229 ὲτ

2255 3272 2513 3341 κειμένης
2542 3268 2592 3332 ἀ,
2622 3269 2811 3339 ὥσπερ
2847 3267 3074 3338 ἡσυχίας
3105 3266 3308 3336 πολλῆς
3356 3266 3749 3328 ἀπολαύοντες,
3776 3265 3828 3315 cl:

2253 3356 2600 3427 δικαστήριον
2631 3357 2689 3407 ἐν
2724 3353 2800 3423 τῷ
2834 3353 3002 3423 πλοίῳ
3052 3351 3431 3417 καθιστάντες,
3478 3354 3581 3406 καὶ⁵
3616 3351 3765 3419 λόγου
3786 3364 3828 3418 9:

2254 3444 2461 3497 έδωκαν
2497 3442 2663 3512 αὐτῷ,
2689 3446 2781 3495 καὶ
2829 3439 3117 3507 ἀπολογίας
3163 3439 3426 3507 ἠξίωσαν,
3458 3440 3561 3492 καὶ
3585 3439 3753 3492 πάντα
3777 3448 3828 3504 με

2253 3532 2535 3603 ἀκριϐείας
2585 3527 2881 3599 ἐξήταζον,
2913 3526 3104 3596 ὥσπερ
3149 3525 3440 3596 μέλλοντές
3500 3542 3614 3578 τινι
3673 3523 3828 3592 παρέχε

2253 3618 2510 3683 εὐθύνας,
2559 3610 2635 3670 ὧν
2674 3614 2740 3669 ἂν
2790 3613 3152 3684 ψηφίσωνται.
3203 3612 3477 3665 Ἄκουσον
3524 3610 3664 3681 γοῦν
3711 3608 3828 3661 nimi

2252 3706 2441 3777 ὥσπερ
2490 3706 2548 3759 ἐν
2574 3703 2908 3773 δικαστηρίῳ
2960 3701 3139 3755 πάντα
3183 3700 3581 3767 ἐξεταζόντων.
3627 3699 3718 3761 Τίς
3753 3714 3819 3749 σου

2253 3793 2483 3864 ἐργασία
2510 3792 2662 3858 ἐστίς
2694 3792 2787 3845 καὶ
2824 3788 2987 3842 πόθεν
3025 3788 3193 3861 ἔρχῃ;
3216 3789 3310 3840 καὶ⁵
3334 3786 3441 3841 ποῦ
3479 3785 3827 3859 πορεύῃςκοὶέ

2253 3882 2411 3945 ποίας
2431 3881 2633 3952 χώρας,
2674 3880 2765 3933 καὶ
2803 3880 2869 3931 ἐκ
2895 3877 3047 3929 ποίου
3082 3873 3214 3929 λαοῦ
3241 3870 3293 3927 εἷ
3313 3874 3380 3926 σύ
3408 3892 3424 3939 ;
3468 3875 3672 3929 Καίτοι
3695 3886 3828 3938 amr;

2254 3986 2387 4041 ρησε
2422 3968 2520 4039 μὲν
2565 3969 2598 4037 ἡ
2634 3965 2876 4019 θάλασσα
2927 3961 3270 4027 καταϐοῶσα,
3303 3961 3508 4032 ἤλεγξε
3534 3962 3598 4014 δὲ
3639 3961 3669 4012 0
3702 3958 3828 4025 κλῆρι

2253 4059 2345 4109 καὶ
2363 4051 2849 4124 κατεμαρτύρησεν
2865 4065 2879 4078 ·
2895 4047 3169 4118 ἀλλ’ὅμως
3190 4045 3311 4099 οὐτε
3327 4047 3428 4117 τῆς
3443 4047 3724 4117 θαλάσσης
3748 4058 3828 4098 κατ

2253 4143 2484 4211 ϐοώσης,
2502 4139 2624 4194 οῦτε
2650 4138 2745 4191 τοῦ
2776 4137 2980 4207 κλήρου
3006 4136 3615 4207 καταμαρτυρήσαντος
3636 4135 3727 4204 τήν
3742 4133 3823 4200 ὑῆς

2251 4231 2549 4298 ἐπάγουσιν
2577 4226 2807 4291 οὐδέπω,
2830 4224 2944 4277 ἀλλ’
2964 4222 3151 4295 ὥσπερ
3172 4224 3230 4276 ἐν
3268 4222 3641 4294 δικαστηρίῳ,
3671 4220 3756 4274 καὶ
3779 4236 3825 4270 :1

2252 4316 2466 4389 ηγόρων,
2492 4313 2792 4387 παρόντων,
2813 4312 2908 4365 καὶ
2924 4309 3214 4383 μαρτύρων
3232 4310 3646 4380 ἐφεστηκότων,
3661 4311 3745 4363 καὶ
3763 4306 3827 4359 ὲὶέί

2250 4422 2358 4475 χων
2386 4403 2715 4473 γινομένων,
2748 4401 2809 4454 οὐ
2844 4398 3107 4470 πρότερον
3149 4398 3200 4450 οἱ
3249 4397 3575 4462 δικάζοντες
3610 4398 3702 4469 τήν
3739 4396 3824 4466 ὑῆς

2250 4490 2544 4557 ἐπάγουσιν
2565 4530 2580 4555 ,
2614 4489 2718 4552 ἐως
2762 4486 2828 4541 ἀν
2873 4485 3035 4549 αὐτὸς
3064 4486 3093 4538 0
3135 4484 3426 4548 κατάδικος
3467 4488 3765 4556 κατήγορος
3798 4480 3828 4531 τί

2254 4580 2389 4641 ἰδίας
2416 4575 2688 4649 ἁμαρτίας
2722 4575 2946 4645 γένηται
2964 4587 2978 4602 °
2996 4572 3139 4626 οὑτω
3160 4574 3224 4643 δὴ
3254 4573 3350 4627 καὶ
3365 4573 3417 4627 οἱ
3439 4573 3646 4628 ναῦται
3668 4570 3826 4626 ἐνταῦθ

2251 4667 2527 4737 ἄνθρωποι
2566 4664 2847 4741 βάρϐαροι]
2873 4664 2968 4717 καὶ
3011 4662 3245 4733 ἀνόητοι,
3276 4660 3376 4732 τὴν
3420 4662 3483 4715 ἐν
3516 4665 3636 4726 τοῖς
3662 4662 3828 4714 δικαςτι

2252 4754 2387 4826 ρίοις
2410 4753 2660 4817 εὐταξίαν
2678 4750 2972 4823 ἐμιμοῦντο
2989 4765 3003 4780 ·
3028 4750 3203 4802 καίτοι
3235 4748 3498 4803 τοσούτου
3533 4750 3717 4818 φόϐου,
3734 4760 3827 4799 τοπ

2249 4858 2342 4893 του
2375 4837 2688 4900 κλυδωνίου,
2716 4837 2987 4907 τοσαύτης
3015 4836 3261 4906 ταραχῆς
3286 4836 3673 4909 περιεστώσης
3701 4832 3821 4888 αὐτοὶ

2251 4929 2347 4981 καὶ¹
2382 4928 2480 4997 τῆς
2504 4926 2777 4996 θαλάσσης
2818 4925 2938 4978 οὐδὲ
2969 4925 3227 4977 ἀναπνεῖν
3264 4924 3681 4995 ἐπιτρεπούσης
3703 4941 3715 4954 ·
3740 4920 3828 4974 οὑτι

2250 5015 2518 5087 ἐθορύϐει,
2541 5015 2635 5067 καὶ
2668 5012 3001 5066 κατέσπευδε
3027 5010 3322 5081 μαινομένη
3345 5012 3442 5064 καὶ
3470 5010 3780 5066 καταϐοῶσα
3800 5024 3828 5057 κ

2253 5101 2451 5173 συνεχῆ
2481 5101 2551 5155 τά
2592 5101 2811 5171 κύματα
2863 5099 3241 5170 ἐπεγείρουσα.
3277 5097 3452 5151 Πόθεν
3479 5095 3580 5152 οὖν
3621 5103 3654 5172 ή
3684 5094 3828 5151 rora-5'.

2251 5191 2477 5262 πρόνοια
2503 5190 2745 5258 γέγονεν,
2778 5187 3083 5256 ἀγαπητοὶ,
3118 5186 3246 5257 περὶ
3283 5184 3375 5239 τὸν
3423 5189 3740 5258 προφήτηνς
3770 5183 3828 5233 'A:

2249 5279 2348 5349 τῆς
2380 5278 2473 5332 τοῦ
2515 5279 2650 5331 Θεοῦ
2697 5275 3026 5345 οἰκονομίας.
3065 5274 3121 5329 '0
3145 5276 3252 5345 γὰρ
3288 5273 3423 5338 Θεὸς
3448 5274 3716 5346 ᾠκονόμει
3737 5269 3828 5323 ταῦτ

2250 5368 2516 5438 γίνεσθαι,
2550 5368 2639 5420 τὸν
2665 5370 2948 5437 προφήτην
2970 5363 3059 5417 διὰ
3079 5361 3283 5415 τούτων
3318 5362 3600 5417 παιδεύων
3627 5359 3828 5433 φιλάνθρι

2251 5474 2352 5510 πον
2379 5452 2517 5510 εἷναι
2537 5457 2629 5508 καὶ
2649 5454 2874 5525 ἥμερον,
2894 5453 2986 5505 καὶ
3003 5450 3283 5522 μονονουχὶ
3313 5450 3454 5520 βοῶν
3480 5452 3624 5518 πρὸς
3651 5446 3828 5505 αύτδντι

2250 5546 2424 5615 λέγων
2450 5562 2464 5576 ·
2500 5545 2749 5615 Μίμησαι
2804 5542 2928 5606 τοὺς
2971 5541 3201 5605 ναύτας,
3239 5538 3571 5610 ἀνθρώπους
3623 5538 3828 5607 ἀνοήτως

2315 5744 2337 5771 ε
2367 5736 2462 5788 Alii
2480 5737 2658 5793 ὀδύνας.

2314 5797 2343 5842 δ
2364 5800 2462 5852 Αϋί
2486 5806 2538 5850 ει
2554 5798 2701 5857 εωι.
2730 5795 3061 5858 ἐπιγινομένης.
