3862 6232
135 250 263 309 309

141 381 287 419 eum
315 379 435 434 erga
467 363 747 438 Dominum
783 363 1038 434 majorem
1066 376 1222 433 quant
1251 377 1438 417 onmes
1475 361 1747 431 apostolos

139 456 438 511 caritatem
477 455 746 511 habuisse.
796 455 962 522 Petro,
997 454 1200 526 inquit,
1228 454 1398 524 diligis
1427 469 1506 506 me
1531 451 1646 523 plus
1671 451 1748 505 Itis

146 546 348 617 (Joan.
375 545 465 600 2|.
491 544 574 616 15)
593 549 615 601 ?
636 548 770 604 lluic
795 556 970 601 autem
999 545 1063 600 ad
1093 545 1302 600 virtutis
1333 544 1591 598 rationem
1620 541 1746 596 nihil

143 656 298 695 sane
327 655 420 710 par
446 640 623 694 fuerit.
657 640 773 707 Quo
793 653 920 692 vero
947 637 1164 692 minime
1192 635 1337 690 dicas
1363 634 1552 688 merito
1584 633 1746 686 Deum

145 732 414 786 Ninivitis
443 731 726 801 ignovisse,
757 729 996 784 barbaris
1025 728 1324 782 hominibus
1367 735 1420 780 et
1458 724 1751 793 insipienti-

148 823 264 877 bus
301 841 314 875 :
346 822 531 877 Servus
557 822 709 884 enim,
739 821 928 889 inquit,
960 821 1182 874 nesciens
1208 819 1512 872 voluntatem
1538 814 1748 880 domini,

149 925 200 967 et
235 930 344 966 non
374 913 583 984 faciens,
613 910 866 980 vapulabit
894 911 1067 979 paucis
1089 908 1234 981 (Luc.
1269 907 1354 962 l2.
1383 908 1472 975 48)
1497 923 1509 958 :
1539 914 1596 959 ut
1624 919 1752 973 ergo

152 1003 268 1057 hoc
325 1017 429 1057 non
483 1002 648 1068 dicas,
695 1002 905 1055 Petrum
953 1001 1044 1054 tibi
1090 1002 1142 1054 in
1187 999 1420 1054 medium
1470 1005 1753 1067 propterea

152 1094 320 1148 duxit
340 1095 379 1157 ¹,
403 1109 614 1147 servant
640 1093 964 1146 voluntatem
992 1090 1198 1144 Domini
1222 1088 1449 1143 maxime
1470 1086 1749 1140 scientem.

151 1182 273 1239 Sed
311 1194 487 1237 tamen
516 1182 602 1236 hic
624 1181 762 1236 idem
786 1195 1010 1250 peccans
1032 1179 1262 1233 maximo
1286 1185 1524 1248 peccato,
1549 1174 1755 1245 respice

155 1287 430 1346 quantum
453 1275 520 1329 ad
545 1273 750 1328 ﬁducia:
785 1273 996 1327 culmen
1024 1269 1200 1326 rediit.

239 1388 324 1442 οδ
349 1397 551 1458 peccata
570 1403 840 1457 numquam
869 1383 1258 1456 desperandum.
1288 1381 1537 1452 —lgitur
1565 1387 1619 1435 et
1643 1378 1757 1448 ipse

156 1482 408 1554 peccatis
428 1479 678 1534 admissis
711 1494 780 1534 ne
800 1478 1033 1532 animum
1056 1474 1406 1544 despondeas.
1439 1471 1593 1540 Quod
1614 1469 1754 1526 enim

159 1575 218 1630 in
246 1583 474 1644 peccato
499 1573 732 1644 gravius,
755 1580 837 1626 est
863 1571 915 1624 in
948 1577 1165 1640 peccato
1193 1578 1333 1621 stare
1367 1584 1380 1619 :
1411 1573 1464 1621 et
1498 1564 1636 1634 quod
1667 1578 1756 1631 pe-

157 1666 254 1737 jus
281 1667 337 1720 in
364 1679 489 1720 casu
507 1707 523 1732 ,
552 1673 633 1718 est
655 1663 836 1733 jacere
856 1662 906 1715 in
934 1676 1019 1716 eo.
1060 1659 1172 1715 lloc
1199 1667 1254 1715 et
1281 1657 1474 1713 Paulus
1510 1656 1670 1710 dellct
1705 1661 1759 1708 et

162 1758 514 1828 ingetniscit,
549 1756 651 1810 hoc
686 1753 818 1809 lletu
864 1753 1080 1822 dignum
1116 1765 1237 1806 esse
1283 1749 1412 1803 dicit
1441 1765 1454 1802 :
1485 1745 1569 1800 Ne
1587 1750 1715 1816 forte
1739 1784 1756 1810 ,

164 1851 367 1922 inquit,
396 1865 510 1902 cum
538 1863 714 1903 venero
740 1846 806 1898 ad
830 1861 933 1908 vos,
955 1842 1179 1897 humiliet
1209 1857 1287 1895 me
1312 1839 1468 1906 Deus,
1499 1847 1544 1892 et
1562 1838 1758 1907 lugeam

167 1946 366 1998 multos
392 1959 454 1996 ea:
493 1942 554 1994 iis
583 1940 668 2010 qui
704 1954 810 1993 non
857 1938 1029 1992 solum
1071 1943 1450 2006 peccaverunt,
1479 1928 1572 1985 sed
1603 1928 1759 1984 exiis

163 2035 262 2106 qui
313 2032 654 2105 paenitentiam
688 2046 790 2082 non
825 2035 1032 2100 egerunt
1065 2041 1215 2096 super
1253 2022 1566 2093 impudicitia
1595 2029 1638 2074 et
1664 2019 1760 2072 int-

167 2126 430 2180 munditia
456 2134 501 2178 et
524 2123 874 2194 fornicatione,
894 2135 1044 2190 quam
1070 2119 1294 2188 fecerunt
1320 2114 1374 2184 (2
1390 2112 1504 2168 Cor.
1526 2110 1610 2166 12.
1643 2108 1758 2178 ﬁl).

165 2217 254 2272 Ad
306 2215 675 2287 paenitentiam
728 2228 859 2267 vero
923 2211 1078 2280 quale
1122 2205 1500 2278 congruentius
1552 2211 1762 2270 tempus

168 2316 360 2379 posset
384 2304 640 2360 accedere
660 2302 844 2373 jejunii
877 2311 1114 2370 tempore
1138 2299 1161 2352 Ἰ

243 2421 301 2474 5.
351 2417 458 2474 Sed
501 2417 566 2471 ad
612 2415 890 2470 historiam
936 2421 1282 2468 revertamur.
1334 2409 1555 2462 Audiens
1595 2414 1763 2460 autem

174 2511 429 2580 propheta
449 2509 596 2562 verba
625 2507 730 2561 lucc
749 2547 764 2573 ,
807 2504 1057 2558 descendit
1079 2505 1132 2556 in
1160 2501 1383 2572 Joppen,
1411 2508 1464 2554 ut
1494 2502 1686 2570 fugeret
1711 2500 1763 2552 in

171 2602 395 2656 Tharsis
437 2617 467 2652 a
494 2599 625 2670 facie
660 2597 862 2650 Domini
912 2594 1057 2666 (Jan.
1096 2594 1148 2647 1.
1191 2593 1270 2664 '5).
1301 2591 1540 2659 Quonam
1591 2589 1760 2657 iugis,

177 2692 384 2746 homo?
412 2688 667 2760 numquid
694 2686 940 2742 audivisti
969 2684 1282 2755 prophetam
1308 2682 1577 2736 dicentem
1612 2698 1624 2732 :
1652 2679 1765 2744 Quo

177 2782 258 2836 ibo
275 2798 307 2834 a
323 2781 506 2850 spiritu
524 2790 629 2843 tuo,
644 2788 690 2832 et
715 2794 813 2848 quo
833 2793 863 2829 a
892 2776 1021 2847 facie
1041 2783 1126 2827 tua
1142 2774 1336 2845 fugiam
1352 2770 1514 2842 (Psa'l.
1539 2769 1659 2823 158.
1682 2767 1764 2837 7)?

178 2877 236 2931 ln
262 2875 489 2931 terram?
514 2873 617 2929 Sed
647 2871 851 2926 Domini
876 2879 950 2924 est
972 2879 1104 2922 terra
1115 2878 1162 2921 et
1188 2865 1447 2938 plenitudo
1463 2865 1570 2936 ejus
1591 2861 1762 2933 (l’sal.

175 2969 270 3023 25.
297 2970 374 3037 1).
401 2967 482 3020 Ad
509 2963 812 3019 infernum?
844 2962 905 3015 Si
932 2961 1266 3026 descendero,
1295 2958 1485 3026 inquit,
1520 2957 1572 3008 in
1600 2954 1762 3024 infcr-

181 3078 327 3127 num,
364 3059 506 3112 ades.
540 3058 594 3111 ln
622 3054 916 3111 czelumne?
941 3051 1001 3108 Si
1023 3051 1294 3105 ascendere
1322 3046 1599 3111 incretum,
1630 3058 1682 3097 tu
1699 3044 1764 3096 il-

182 3154 314 3208 lices
333 3152 507 3224 (Psal.
527 3150 649 3205 158.
675 3150 751 3220 8).
769 3149 848 3202 An
875 3149 925 3200 in
957 3144 1142 3200 mare?
1172 3142 1240 3196 Et
1261 3141 1387 3206 illic,
1416 3137 1604 3208 inquit,
1633 3147 1768 3189 tene-

182 3246 249 3298 bit
281 3260 362 3298 me
391 3244 594 3297 dextera
635 3251 721 3293 tua
749 3237 853 3310 (Ιὸ.
903 3253 948 3292 υ.
977 3237 1085 3306 10).
1129 3233 1286 3302 Quod
1329 3242 1381 3286 et
1407 3231 1528 3283 huic
1568 3227 1762 3283 evenit.

184 3335 288 3390 Sed
316 3335 424 3388 tale
448 3342 530 3388 est
559 3339 850 3402 peccatum,
877 3337 933 3382 ut
955 3327 1021 3381 ad
1044 3323 1395 3395 ignorantiam
1413 3319 1632 3374 multam
1655 3315 1772 3370 red-

185 3428 290 3496 igat
331 3425 591 3479 animam.
631 3422 760 3476 Nam
801 3421 938 3475 sicut
961 3421 1048 3488 qui
1076 3415 1334 3486 gravitate
1377 3412 1564 3480 capitis
1590 3409 1767 3465 ebrie-

186 3526 401 3586 tateque
429 3523 695 3579 tenentur,
725 3511 886 3566 stulte
914 3524 976 3562 ac
1006 3518 1204 3563 temere
1245 3506 1506 3570 feruntur,
1529 3503 1771 3574 quamvis

184 3608 563 3679 praecipitium,
592 3606 833 3676 quamvis
854 3601 1188 3667 barathrum,
1209 3607 1264 3654 et
1287 3597 1428 3652 aliud
1449 3597 1573 3668 quid
1598 3596 1771 3650 simile

189 3701 381 3764 subsit,
399 3697 687 3753 concidunt
707 3697 914 3749 incaute
945 3711 959 3746 :
993 3693 1070 3746 sic
1099 3692 1184 3761 qui
1205 3701 1460 3744 corruunt
1500 3691 1553 3743 in
1584 3704 1772 3758 pecca-

192 3798 302 3843 tum
324 3830 340 3854 ,
363 3787 524 3842 veluti
555 3787 810 3841 ebrietate
844 3783 1070 3838 actionis
1112 3780 1376 3835 desiderio
1402 3780 1644 3845 detenti,
1675 3794 1774 3836 ne-

191 3879 364 3934 sciunt
390 3878 517 3948 quid
540 3878 760 3942 iaciunt,
793 3891 899 3930 non
919 3871 1220 3945 prtesentia,
1249 3886 1354 3926 non
1381 3870 1554 3926 futura
1577 3871 1770 3942 praevi-

193 3970 396 4026 dentes.

289 4085 583 4140 Similitudo
623 4084 981 4154 pulcherrima.
1022 4113 1094 4121 —
1120 4081 1438 4147 Dominum,
1477 4079 1563 4134 dic
1602 4078 1733 4133 mihi
1758 4120 1772 4144 ,

195 4175 367 4245 iugis?
394 4176 686 4244 Parumper
715 4176 872 4245 igitur
898 4188 1072 4239 mane,
1096 4184 1253 4242 atque
1276 4185 1370 4241 per
1393 4185 1570 4225 rerum
1600 4168 1776 4224 disces

198 4278 449 4322 eventum
470 4311 486 4330 ,
517 4279 566 4322 te
593 4283 765 4338 neque
798 4268 996 4332 maris,
1028 4267 1167 4321 servi
1193 4266 1309 4335 ejus
1333 4307 1348 4332 ,
1386 4278 1541 4334 posse
1588 4277 1777 4317 manus

198 4361 446 4432 ell‘ugere.
476 4361 571 4416 Vix
609 4363 748 4414 enim
782 4364 955 4413 navim
988 4360 1086 4412 iste
1105 4357 1523 4420 conscenderat,
1561 4371 1680 4410 cum
1714 4353 1776 4408 il-

199 4453 284 4509 luc
315 4453 506 4507 lluctus
528 4453 734 4516 extulit,
767 4452 817 4506 in
843 4451 1112 4518 altumque
1133 4448 1344 4514 levavit,
1376 4457 1430 4501 et
1457 4448 1617 4503 veluti
1643 4446 1771 4500 lide-

201 4542 266 4596 lis
313 4544 507 4597 ancilla
549 4557 868 4597 conservum
915 4540 1190 4594 inveniens
1229 4539 1551 4608 fugientem,
1580 4537 1669 4608 qui
1711 4553 1776 4591 ex

202 4633 401 4688 domini
428 4633 581 4688 bonis
624 4633 892 4704 quidpiam
933 4630 1282 4699 surripuerit,
1312 4643 1569 4697 nusquam
1615 4627 1682 4680 ab
1713 4643 1777 4681 eo

203 4724 436 4792 recedit,
461 4724 714 4791 inilleque
758 4722 1133 4791 impedimenta
1181 4721 1372 4789 ingerit
1399 4718 1777 4788 recipientibus

204 4817 382 4883 illum,
410 4817 582 4889 quoad
617 4817 787 4886 ipsum
827 4815 1099 4869 vindicans
1129 4814 1346 4867 redueat
1378 4812 1490 4866 :sic
1533 4819 1589 4864 et
1632 4825 1779 4864 mare

203 4925 517 4966 conservum
562 4911 836 4964 inveniens
884 4917 938 4964 et
979 4921 1303 4978 agnoscens,
1354 4905 1502 4960 mille
1553 4903 1778 4973 impedi-

206 5011 382 5056 menta
411 5002 586 5056 nautis
613 5002 836 5064 excitat,
867 4999 1084 5053 turbans
1105 5040 1119 5064 ,
1145 4998 1408 5060 clamans,
1438 5011 1541 5049 non
1571 4996 1622 5048 in
1642 4994 1776 5063 judi-

206 5091 346 5146 cium
377 5093 619 5156 trahens,
649 5092 742 5146 sed
765 5092 1094 5145 comminans
1121 5105 1306 5143 navem
1334 5088 1642 5158 demergere
1658 5103 1778 5142 eum

210 5188 414 5252 nautis,
443 5188 542 5241 nisi
578 5200 896 5240 conservum
935 5198 1088 5238 suum
1126 5183 1226 5236 sibi
1267 5180 1614 5235 reddiderint.
1646 5179 1784 5245 Quid

210 5293 334 5347 ergo
364 5289 555 5342 nautae,
586 5277 668 5330 bis
684 5273 1135 5345 contingentibus?
1153 5274 1359 5324 Jactum
1383 5310 1395 5333 ,
1430 5270 1616 5339 inquit,
1637 5284 1782 5322 vaso.

213 5383 321 5419 rum
352 5373 602 5437 fecerunt,
627 5367 768 5418 navis
810 5381 924 5419 vero
954 5377 1268 5433 nequaquam
1290 5359 1614 5413 alleviabatur
1637 5357 1782 5430 (Jon.

219 5460 268 5514 1.
291 5461 344 5530 5)
376 5471 575 5516 :totum
622 5462 762 5514 enim
799 5458 973 5512 adhuc
1012 5470 1150 5512 onus
1189 5453 1477 5520 manebat,
1507 5451 1782 5522 propheta:

281 5659 298 5690 ³
331 5659 479 5718 Dan,
500 5657 637 5720 juxta
654 5656 802 5707 Savil.

1371 245 1462 303 DE
1497 243 1971 303 PlIINlTENTlA.
2014 239 2246 298 HOMIL.
2292 239 2351 296 ν.

3329 229 3432 288 310

1862 373 2059 429 corpus
2088 357 2321 422 scilicet,
2340 369 2476 410 onus
2495 366 2687 425 grave,
2717 365 2822 408 non
2851 366 2916 408 ex
2943 359 3131 406 natura
3158 353 3426 422 corporis,

1855 449 1950 506 sed
1977 449 2046 504 ob
2086 447 2292 519 pondus
2319 445 2552 517 peccati;
2583 443 2714 499 nihil
2755 444 2896 499 enim
2919 451 3024 498 tam
3053 457 3337 498 onerosum
3382 454 3433 495 et

1855 557 2032 612 grave,
2065 556 2222 612 quam
2257 547 2531 609 peccatum
2563 547 2615 592 et
2645 536 3020 592 inobedientia.
3055 535 3336 604 Propterea
3387 544 3438 588 et

1857 631 2140 686 Zacharias
2171 631 2221 684 id
2255 630 2450 700 plumbi
2494 627 2736 698 ﬁguravit
2781 625 3122 681 similitudine
3157 624 3350 696 (Zaclt.
3387 624 3440 679 5.

1858 725 1911 796 7)
1937 745 1950 780 :
1979 725 2144 797 David
2174 738 2301 778 vero
2330 721 2582 777 describit
2607 720 2722 790 ejus
2762 727 3003 774 naturam
3022 760 3037 784 ,
3063 718 3248 773 dicens
3283 735 3296 771 :
3324 715 3438 770 Ini-

1857 817 2068 887 quitates
2113 831 2240 869 mea:
2286 828 2624 884 supergressa:
2661 819 2774 865 sunt
2804 819 2956 879 caput
2993 826 3191 874 meum,
3221 818 3268 862 et
3313 809 3439 862 sicut

1857 925 1984 962 onus
2005 923 2155 978 grave
2178 914 2400 978 gravata:
2425 912 2542 958 sunt
2565 919 2719 971 super
2745 918 2822 954 me
2858 899 3028 970 (Psal.
3063 900 3150 952 57.
3183 898 3257 970 5).
3283 897 3438 953 Chri-

1858 1009 1972 1056 stus
2020 1009 2194 1054 autem
2243 999 2306 1052 iis
2335 998 2422 1068 qui
2462 998 2515 1052 in
2549 995 2780 1067 peccatis
2816 995 2997 1048 multis
3021 993 3296 1058 vixerant,
3328 993 3439 1046 cla-

1859 1091 2037 1146 mabat
2068 1109 2080 1144 :
2114 1090 2285 1146 Venite
2332 1089 2400 1142 ad
2441 1105 2520 1142 me
2562 1105 2732 1142 omnes
2770 1088 2854 1158 qui
2899 1085 3137 1140 laboratis
3159 1095 3204 1139 et
3247 1085 3441 1139 onerati

1859 1187 1996 1251 estis,
2037 1195 2080 1239 et
2105 1203 2196 1256 ego
2224 1185 2450 1252 reﬁciam
2471 1199 2557 1237 vos
2579 1179 2791 1252 (Matth.
2827 1180 2913 1235 11.
2941 1179 3057 1250 28).
3094 1178 3268 1247 Ipsum
3313 1192 3440 1246 ergo

1861 1284 2132 1346 peccatum
2152 1275 2400 1344 scapham
2419 1282 2543 1328 tunc
2558 1271 2829 1343 gravabat,
2849 1278 2902 1326 et
2917 1268 3283 1323 demersurum
3300 1276 3436 1322 erat:

1860 1366 2022 1422 Jonas
2066 1381 2194 1421 vero
2230 1364 2530 1420 dormiebat
2567 1372 2623 1417 et
2650 1361 2925 1416 stertebat.
2977 1357 3164 1414 Gravis
3209 1357 3297 1410 ille
3334 1371 3442 1410 non

1861 1458 2145 1526 voluptatis
2170 1466 2284 1511 erat
2311 1469 2530 1510 somnus
2551 1496 2564 1518 ,
2595 1451 2688 1507 sed
2737 1449 2983 1506 maeroris
3002 1490 3016 1514 ,
3049 1463 3152 1502 non
3180 1447 3400 1517 pigritiae
3421 1487 3436 1510 ,

1861 1549 1954 1604 sed
1976 1548 2296 1602 afﬂictionis.
2339 1544 2471 1599 Nam
2513 1544 2603 1613 qui
2644 1558 2711 1596 ex
2740 1540 3049 1596 domesticis
3094 1539 3232 1594 bene
3267 1536 3441 1591 affecti

1862 1650 2004 1706 sunt,
2033 1641 2140 1694 cito
2169 1645 2381 1708 peccata
2419 1636 2652 1690 sentiunt
2678 1652 2690 1688 :
2716 1632 2857 1703 quod
2895 1641 2949 1686 et
2973 1631 3048 1684 illi
3078 1629 3284 1684 accidit.
3317 1627 3444 1682 Post

1862 1731 2204 1786 commissum
2245 1728 2385 1782 enim
2427 1736 2742 1795 peccatum,
2788 1721 2991 1793 peccati
3029 1721 3175 1774 novit
3215 1717 3446 1788 gravita-

1865 1831 2008 1878 tem:
2043 1835 2163 1874 nam
2207 1817 2464 1888 ejusmodi
2495 1825 2598 1869 est.
2649 1815 2783 1868 Cum
2839 1813 2980 1868 enim
3017 1810 3216 1865 factum
3254 1806 3444 1874 fuerit,

1865 1923 1990 1968 tunc
2019 1912 2230 1966 dolores
2263 1907 2576 1978 parturienti
2617 1906 2809 1960 animae
2857 1903 3052 1958 excitat
3093 1909 3276 1955 contra
3305 1899 3449 1966 leges

1864 2015 2059 2062 nostra:
2106 2002 2418 2058 nativitatis.
2448 2001 2558 2056 Nos
2602 1999 2744 2054 enim
2789 2011 2908 2052 cum
2950 1995 3177 2065 primum
3221 1991 3330 2045 nati
3361 2007 3448 2044 su-

1865 2114 2004 2164 mus,
2039 2095 2353 2168 parturienti
2403 2094 2617 2148 dolores
2661 2091 2917 2145 solvimus
2947 2108 2959 2142 :
2991 2087 3119 2142 illud
3149 2093 3328 2139 autem
3378 2084 3450 2138 si-

1865 2190 1974 2245 mul
2021 2188 2220 2243 editum
2264 2184 2513 2241 distrahit
2551 2183 2825 2238 doloribus
2852 2180 3118 2250 parientes
3149 2179 3320 2246 ipsum
3351 2191 3448 2230 co-

1866 2281 2170 2352 gitationes.
2232 2277 2370 2344 Quid
2436 2291 2599 2346 porro
2657 2269 3028 2342 gubernator?
3081 2267 3350 2332 Accessit,
3398 2273 3453 2320 et

1865 2373 1975 2427 ait:
2005 2371 2203 2442 Surge,
2227 2378 2272 2423 et
2309 2368 2483 2420 invoca
2526 2366 2800 2419 Dominum
2845 2361 3009 2414 Deum
3057 2368 3196 2411 tuum
3225 2355 3370 2428 (Ion.
3397 2357 3447 2409 1.

1868 2467 1946 2536 6).
1975 2465 2110 2519 Novi
2140 2461 2351 2517 demum
2381 2461 2491 2529 ipsa
2513 2455 2839 2526 experientia
2867 2454 3128 2507 insuetam
3163 2449 3307 2503 illam
3330 2462 3453 2502 esse

1869 2539 2155 2628 procellam
2183 2594 2198 2620 ,
2242 2563 2401 2621 atque
2431 2551 2564 2604 adeo
2599 2547 2797 2601 illatam
2826 2545 3031 2613 plagam
3082 2539 3310 2608 majores
3347 2536 3452 2590 hu-

1869 2664 2023 2703 mana
2067 2645 2327 2700 industria
2370 2643 2579 2704 ﬂuctus,
2614 2640 2704 2693 ubi
2729 2634 3103 2708 gubernatoris
3134 2645 3323 2686 manus
3348 2646 3452 2684 non

1870 2738 2228 2810 prodessent:
2258 2733 2477 2788 alterius
2513 2729 2656 2785 enim
2702 2725 2922 2796 majoris
2962 2721 3330 2793 gubernatoris
3375 2718 3455 2773 rei

1870 2830 2012 2884 illius
2055 2842 2242 2892 casus,
2297 2824 2440 2878 hunc
2494 2822 2799 2875 universum
2857 2816 3064 2870 scilicet
3108 2810 3453 2882 gubernantis

1871 2919 2124 2976 mundum
2150 2959 2165 2984 ,
2192 2931 2295 2986 ορθ
2319 2924 2475 2982 atque
2500 2925 2732 2980 superno
2774 2907 3043 2977 indigebat
3067 2904 3281 2958 auxilio.
3325 2901 3456 2956 Pro-

1872 3023 2054 3084 pterea
2084 3019 2141 3065 et
2179 3010 2254 3063 illi
2282 3021 2457 3062 remos
2503 3016 2557 3060 et
2582 3003 2699 3057 vela
2725 3011 2777 3056 et
2809 2999 2961 3054 funes
3006 3006 3164 3066 atque
3205 2994 3453 3048 universa

1872 3103 2220 3165 dimittentes,
2251 3112 2438 3152 manus
2464 3110 2492 3148 a
2515 3093 2861 3162 remigatione
2887 3089 3152 3143 traductas
3184 3086 3236 3140 in
3265 3085 3454 3140 caelum

1873 3193 2199 3254 tendebant,
2231 3191 2503 3256 Deumque
2548 3184 2788 3238 orabant.
2843 3179 2943 3236 Ubi
2982 3193 3112 3234 vero
3162 3191 3333 3246 neque
3378 3173 3457 3228 sic

1873 3286 2212 3359 profecerunt
2234 3325 2249 3350 ,
2286 3281 2574 3344 Miserunt,
2620 3277 2816 3345 inquit,
2857 3282 3060 3334 sortes;
3096 3285 3212 3323 sors
3241 3268 3454 3322 demum

1876 3376 2106 3449 prodidit
2133 3374 2370 3428 noxium.
2411 3371 2475 3424 ili
2496 3383 2623 3423 vero
2665 3379 2838 3435 neque
2863 3363 2941 3416 sic
2969 3361 3288 3428 arripientes
3331 3371 3455 3411 eum

1874 3447 2262 3527 demerserunt,
2290 3462 2384 3517 sed
2412 3469 2556 3515 tanto
2578 3456 2827 3519 tumultu,
2859 3462 3001 3507 tanta
3033 3455 3348 3517 tempestate
3376 3447 3459 3500 in-

1875 3561 2178 3623 cumbente,
2197 3554 2361 3610 veluti
2388 3552 2550 3606 multa
2573 3551 2626 3604 in
2653 3548 2852 3618 quiete,
2875 3545 2953 3598 sic
2973 3540 3230 3611 judicium
3259 3537 3311 3590 in
3336 3537 3456 3590 navi

1876 3660 2201 3714 statuentes,
2229 3653 2288 3700 ut
2332 3661 2426 3714 pro
2474 3657 2533 3697 se
2557 3641 2884 3709 loqueretur,
2909 3648 3073 3704 seque
3114 3629 3456 3694 defenderet,

1877 3744 1923 3800 ei
1945 3741 2316 3814 permiserunt,
2334 3745 2494 3806 atque
2516 3740 2706 3787 cuncta
2736 3726 2916 3784 subtili
2945 3739 3064 3780 cum
3097 3722 3344 3791 indagine
3368 3735 3461 3774 ex-

1877 3812 2176 3906 quirebant,
2205 3829 2369 3884 veluti
2416 3827 2650 3880 rationes
2693 3835 2877 3876 eorum
2898 3861 2913 3884 ,
2945 3832 3063 3886 qua:
3090 3812 3457 3877 decreverint,

1879 3905 2038 3982 alicui
2078 3922 2357 3980 reddituri.
2385 3918 2521 3973 Audi
2565 3917 2724 3985 igitur
2746 3927 2839 3968 eos
2871 3911 3008 3964 sicut
3030 3908 3083 3960 in
3110 3905 3313 3976 judicio
3340 3919 3460 3956 cun-

1879 4028 1962 4074 cta
1992 4015 2378 4087 perquirentes.
2421 4006 2571 4074 Quod
2599 4019 2734 4074 opus
2775 4010 2856 4056 est
2887 3997 3071 4053 tuum?
3108 3995 3248 4049 unde
3277 3994 3462 4047 venis?

1880 4086 2002 4181 quo?
2026 4106 2211 4161 vadis?
2231 4119 2333 4174 qua
2363 4101 2431 4156 de
2457 4096 2718 4168 regione?
2745 4109 2850 4164 quo
2879 4092 2947 4181 de
2972 4090 3166 4161 populo
3190 4104 3248 4143 es
3273 4087 3367 4141 tu?
3395 4086 3462 4141 Et

1880 4177 2094 4270 quidem
2147 4194 2432 4250 accusabat
2479 4203 2666 4254 mare,
2723 4177 3022 4240 acclarﬁans
3071 4191 3255 4236 contra
3302 4193 3461 4234 :sors

1881 4291 2166 4348 damnabat
2203 4297 2255 4342 et
2283 4281 2646 4341 testimonium
2676 4287 2860 4334 contra
2902 4275 3131 4337 ferebat;
3161 4272 3256 4327 sed
3284 4281 3461 4325 tamen

1882 4401 2056 4456 neque
2103 4381 2236 4437 mari
2265 4387 2450 4433 contra
2479 4375 2812 4430 exclamantc
2833 4410 2846 4433 ,
2879 4383 3050 4437 neque
3094 4375 3237 4420 sorte
3276 4379 3340 4418 ex
3369 4361 3462 4416 ad-

1882 4455 2037 4534 verso
2066 4473 2422 4532 testimonium
2467 4467 2758 4528 reddente,
2793 4461 3113 4516 sententiam
3162 4457 3335 4510 adhuc
3369 4455 3463 4509 da-

1882 4575 2004 4628 bant
2031 4613 2044 4636 ,
2075 4567 2167 4623 sed
2200 4564 2358 4619 veluti
2394 4563 2444 4615 in
2468 4558 2669 4630 judicio
2710 4565 2763 4611 et
2802 4550 3201 4607 accusatoribus
3232 4561 3466 4617 prtesen-

1885 4666 2046 4725 tibus,
2078 4669 2131 4715 et
2155 4657 2380 4712 testibus
2407 4649 2748 4713 instantibus,
2773 4644 2982 4699 indiciis
3004 4651 3161 4711 atque
3181 4653 3464 4708 argumen-

1884 4755 1953 4809 tis
1977 4749 2261 4812 veridicis,
2291 4759 2396 4800 non
2445 4742 2590 4812 prius
2632 4737 2840 4808 judices
2881 4734 3197 4790 sententiam
3250 4729 3462 4792 ferunt,

1885 4859 2040 4916 quam
2062 4836 2393 4896 damnandus
2410 4834 2522 4904 ipse
2541 4828 2768 4901 preprite
2786 4827 2856 4882 sit
2871 4834 3144 4880 accusator
3166 4821 3366 4890 culpae:
3391 4819 3468 4873 sic

1887 4948 1940 4993 et
1963 4936 2012 4990 hi
2036 4943 2231 4998 nautae,
2253 4928 2496 4983 homines
2516 4922 2728 4978 barbari
2749 4929 2802 4976 et
2831 4917 3112 4977 insensati.
3136 4930 3278 4978 eum,
3301 4911 3390 4982 qui
3415 4911 3465 4964 in

1883 5025 2098 5096 judiciis
2114 5031 2216 5086 est,
2233 5019 2471 5074 ordinem
2495 5014 2769 5069 imitantur
2784 5029 2797 5064 :
2814 5019 2867 5064 et
2882 5008 2933 5063 id
2954 5007 3186 5077 quidem.
3205 5011 3353 5057 tanto
3367 5015 3473 5055 me-

1890 5093 1967 5183 tu,
1993 5111 2360 5173 totlluetihus,
2385 5115 2526 5161 tanta
2550 5106 2696 5174 ipsos
2717 5102 3098 5156 circumstante
3125 5093 3356 5164 procella
3379 5131 3392 5153 ,
3418 5099 3471 5145 et

1890 5181 2023 5262 mari
2054 5219 2226 5274 neque
2251 5202 2334 5256 vel
2377 5198 2642 5267 respirare
2680 5192 3022 5264 permittente
3052 5206 3064 5242 :
3098 5194 3297 5239 tantum
3329 5181 3471 5236 fure-

1892 5301 1984 5355 bat
2028 5272 2354 5362 sonabatque
2382 5292 2770 5356 continuosque
2793 5282 2986 5338 ﬂuctus
3015 5275 3294 5333 excitabat.
3323 5272 3472 5328 Unde

1893 5392 2054 5461 igitur
2094 5399 2235 5442 tanta
2263 5385 2366 5440 fuit
2393 5379 2728 5454 providentia
2775 5389 2897 5444 erga
2929 5365 3280 5441 pr0phetam?
3302 5366 3341 5418 A
3379 5364 3471 5418 Dei

1893 5455 2309 5550 dispensatione.
2363 5473 2570 5528 Etenim
2617 5469 2718 5522 hoc
2749 5465 2864 5519 ﬁeri
2915 5463 3055 5516 Deus
3098 5455 3469 5528 permittebat,

1896 5570 2208 5642 prophetam
2229 5566 2309 5619 vel
2337 5579 2401 5619 ex
2433 5563 2517 5615 his
2545 5559 2839 5612 admonens
2860 5592 2874 5614 ,
2907 5561 2963 5604 ut
2995 5553 3301 5603 mansuetus
3331 5552 3472 5599 esset

1900 5635 1964 5716 ac
1989 5635 2131 5717 mitis
2151 5698 2166 5728 ,
2195 5656 2344 5728 quasi
2366 5653 2431 5709 ad
2459 5666 2578 5709 eum
2617 5648 2856 5704 clamans
2881 5688 2897 5713 ,
2926 5648 2982 5697 et
3009 5639 3191 5695 dicens
3223 5653 3235 5690 :
3264 5635 3475 5692 Imitare
