3862 6232
463 254 556 308 511

471 398 706 460 nautas,
752 391 996 452 homines
1047 398 1344 459 insensatos
1395 421 1409 456 :
1463 407 1724 476 siquidem
1774 409 1826 466 hi
1875 428 2046 485 neque

471 494 630 534 unam
657 494 914 553 spernunt
937 489 1167 544 animam
1187 533 1202 556 ,
1236 509 1408 563 neque
1435 498 1522 550 uni
1557 510 1644 552 tuo
1675 517 1778 557 non
1823 516 2045 574 parcunt

468 577 713 641 corpori;
741 586 790 630 tu
821 589 943 634 vero
964 582 1261 638 universam
1289 589 1472 644 urbem
1497 601 1569 646 tot
1593 596 1750 649 millia
1771 596 2042 656 hominum

471 661 778 731 habentem,
804 679 1056 736 quantum
1088 672 1138 726 in
1170 683 1220 728 te
1249 676 1342 730 fuit
1363 720 1377 744 ,
1401 686 1690 750 exposuisti
1725 706 1735 738 :
1769 697 1822 743 et
1844 689 1894 742 hi
1922 692 2041 760 qui-

470 753 622 820 dem,
667 771 934 827 comperta
965 763 1223 819 malorum
1252 782 1467 824 suorum
1490 788 1646 828 causa
1667 817 1681 841 ,
1713 793 1819 832 non
1847 780 2044 850 impetu

472 846 536 898 ad
585 847 977 910 damnationem
1023 855 1262 923 irruunt;
1295 871 1348 915 tu
1379 879 1505 918 vero
1529 908 1544 934 ,
1578 867 1628 920 in
1675 871 1824 925 nullo
1864 875 2043 930 valens

469 936 726 993 Ninivitas
763 957 1012 1000 accusare
1036 989 1050 1012 ,
1073 948 1369 1008 demersisti
1410 973 1502 1012 eos
1548 971 1706 1031 atque
1749 967 2042 1034 perdidisti.

471 1028 586 1098 'l'u,
623 1047 709 1087 me
753 1038 1098 1107 prmcipiente
1143 1059 1238 1098 eos
1287 1047 1352 1100 ad
1385 1051 1608 1106 salutem
1656 1065 1741 1110 tua
1793 1060 2046 1127 pradica—

470 1119 613 1176 tione
639 1139 890 1182 revocare
915 1171 930 1195 ,
962 1147 1067 1190 non
1099 1137 1358 1204 paruisti;
1392 1140 1441 1194 hi
1471 1153 1646 1200 autem
1693 1151 1903 1204 nemine
1945 1169 2043 1207 au-

465 1494 692 1552 gamque
733 1485 1009 1558 fateretur,
1040 1510 1211 1564 neque
1250 1501 1328 1555 sic
1364 1501 1631 1561 irruerunt
1661 1511 1726 1564 ad
1765 1515 2040 1584 prophetae

467 1586 649 1628 necem
672 1616 690 1640 ,
721 1577 814 1631 sed
858 1581 1161 1640 nitebantur
1189 1598 1347 1660 atque
1383 1597 1560 1652 omnia
1606 1577 1900 1670 faciebant,
1935 1624 2040 1678 quo

463 1675 586 1716 cum
610 1679 784 1735 neque
810 1679 930 1738 post
955 1673 1070 1744 ejus
1094 1682 1578 1743 manifestissimam
1607 1694 1815 1764 culpam
1840 1673 2044 1753 violen-

465 1752 552 1806 tize
593 1758 756 1812 maris
805 1777 1156 1833 exponerent.
1188 1771 1294 1830 Sed
1323 1794 1426 1833 non
1474 1752 1812 1850 permittebat
1862 1807 2037 1860 mare,

463 1844 548 1898 vel
579 1850 753 1916 potius
782 1853 941 1922 Deus,
972 1860 1126 1916 sicuti
1151 1879 1245 1933 per
1271 1878 1460 1927 nautas
1474 1844 1601 1928 eum
1625 1917 1639 1941 ,
1667 1879 1734 1931 ita
1765 1889 1819 1934 et
1839 1899 1934 1950 per
1953 1844 2042 1940 ce:

465 1941 576 1988 tum
599 1937 665 1991 ad
692 1955 877 1997 sanum
906 1950 1188 2007 consilium
1219 1957 1475 2016 reducere
1501 1966 1700 2022 volens.
1726 1969 1855 2024 Nam
1895 1985 2040 2044 post-

463 2043 622 2094 quam
651 2034 890 2092 auditum
915 2047 1029 2109 est,
1062 2041 1242 2100 Tollite
1282 2065 1388 2118 me,
1414 2062 1460 2106 et
1479 2055 1656 2110 mittite
1681 2076 1758 2114 me
1783 2063 1836 2116 in
1865 2034 2037 2135 mare,

460 2127 510 2218 et
531 2121 738 2176 cessabit
784 2143 922 2182 mare
947 2147 980 2184 a
1020 2134 1157 2190 vobis
1214 2137 1362 2209 (Jan.
1409 2144 1462 2198 1.
1496 2146 1622 2218 12),
1652 2151 1854 2209 viribus
1878 2121 2040 2212 cena:

461 2207 662 2286 bantur
681 2214 732 2268 in
763 2218 966 2277 aridam
998 2225 1246 2298 evadere,
1273 2232 1367 2288 sed
1396 2249 1728 2310 nequaquam
1759 2247 2039 2314 permitte-

460 2299 591 2356 bant
617 2304 830 2364 ﬂuctus.

531 2395 705 2496 4.-Tu
753 2413 967 2474 autem,
1022 2415 1470 2480 quemadmodum
1521 2423 1806 2496 fugientem
1855 2434 2034 2494 vidisti

461 2488 768 2556 prophetam
788 2536 805 2560 ,
854 2499 977 2553 audi
1006 2517 1124 2558 eum
1155 2517 1207 2564 et
1233 2511 1571 2572 confitentem
1597 2535 1666 2574 ex
1699 2522 2034 2588 inferioribus

459 2579 525 2690 :le
547 2583 647 2636 ceti
670 2596 872 2642 ventre.
911 2590 1044 2647 illud
1070 2599 1280 2665 quidem
1309 2605 1472 2660 veluti
1514 2607 1676 2668 homo
1719 2631 1904 2682 passus
1928 2631 2029 2690 est,

458 2668 560 2726 hoc
603 2689 730 2730 vero
755 2681 904 2748 quasi
947 2687 1204 2756 prepheta
1247 2699 1498 2756 ostendit.
1549 2668 1828 2774 Accipiens
1876 2668 2036 2782 igitur

456 2776 577 2872 eum
607 2781 772 2838 mare,
803 2775 964 2830 veluti
1008 2779 1062 2834 in
1106 2785 1332 2852 quodam
1360 2805 1574 2850 carcere
1619 2796 1671 2852 in
1713 2803 1814 2857 ceti
1846 2775 2033 2872 ventre

454 2852 717 2923 deposuit,
749 2863 948 2921 salvum
1000 2869 1223 2931 Domino
1259 2877 1530 2949 fugitivum
1579 2902 1834 2947 servans:
1862 2869 2032 2968 neque

451 2960 606 3058 aerios
632 2955 785 3054 undae
818 2961 1170 3031 suscipientes
1213 2972 1630 3047 suﬁ'ocaverunt,
1676 3000 1848 3058 neque
1882 2955 2032 3047 ceius

453 3038 610 3154 llllltlls
657 3042 787 3113 ipsis
811 3051 991 3106 acrior
1015 3057 1068 3108 in
1097 3071 1280 3116 ventre
1305 3071 1610 3139 'oppressit,
1645 3077 1738 3131 sed
1752 3038 2026 3154 1servavit,

453 3143 496 3154 η.
550 3131 768 3154 ..κι---υμ
960 3143 974 3154 ¹
1054 3148 1064 3154 ·

450 3128 516 3182 ad
550 3131 842 3206 urbemque
879 3143 1128 3211 reduxit;
1168 3159 1222 3206 et
1256 3170 1404 3214 mare
1452 3171 1505 3216 et
1548 3174 1697 3223 cetus
1723 3181 1906 3226 contra
1935 3128 2029 3230 na:

451 3228 622 3277 turam
668 3227 1138 3310 obtemperarunt,
1171 3260 1278 3315 quo
1313 3264 1409 3318 per
1445 3257 1621 3311 omnia
1655 3262 1910 3332 propheta
1941 3227 2026 3324 ini-

445 3321 761 3415 strueretur.
798 3322 1028 3386 Veniens
1079 3333 1238 3402 igitur
1285 3339 1336 3394 in
1377 3343 1666 3415 civitatem,
1707 3321 2023 3412 sententiam

447 3404 592 3514 legit,
612 3411 772 3468 veluti
797 3419 1028 3488 regalem
1057 3427 1356 3498 epistolam,
1381 3449 1566 3514 poenas
1589 3456 1617 3494 a
1648 3404 1772 3514 rege
1801 3447 2024 3506 indictas

445 3494 728 3610 Errantem,
777 3515 830 3561 et
870 3509 1133 3570 clamabat
1177 3494 1609 3584 dicens-:Ad/tuc
1655 3494 1754 3591 tr;
1801 3539 1926 3610 dies,
1976 3552 2024 3596 et

445 3585 633 3684 Ninive
657 3593 964 3654 subvertetur
991 3603 1135 3674 (Jan.
1161 3609 1213 3665 5.
1245 3614 1323 3684 Δ).

520 3675 834 3781 ιῗωηίιεηιίιε
865 3705 927 3744 ac
958 3693 1152 3766 jejunii
1179 3701 1251 3754 vis
1282 3675 1491 3774 inagna;
1524 3711 1841 3787 abstinentia,
1865 3737 2024 3782 mater

441 3770 694 3828 sanitatis.
726 3805 798 3819 —-
827 3781 1126 3843 Audierunt
1153 3790 1229 3846 illi
1263 3770 1394 3864 hinc,
1432 3770 1606 3876 neque

441 3874 584 3932 runt,
619 3881 791 3939 neque
819 3875 1202 3951 neglexerunt,
1237 3888 1333 3942 sed
1373 3874 1526 3949 illico
1547 3912 1735 3959 cursus
1781 3874 2018 3967 omnium

441 3965 579 4070 Iunus
603 3958 670 4012 ad
691 3959 974 4033 jejunium,
1005 3971 1237 4030 virorum
1263 3983 1651 4060 mulierumque
1670 4035 1684 4060 ,
1714 4011 2013 4070 servorum,

437 4044 710 4118 berorum,
741 4058 1062 4132 principum,
1091 4068 1445 4144 snbditorum,
1478 4080 1729 4148 juvenum
1754 4131 1770 4158 ,
1806 4047 2012 4165 senum:

436 4151 759 4214 puerorum;
784 4165 954 4222 neque
979 4157 1421 4224 irrationabilium
1452 4183 1638 4232 natura
1669 4151 1920 4243 immunis
1947 4151 2015 4247 ali

434 4235 835 4351 :o'eratpftieio
867 4259 881 4295 :
913 4246 1106 4351 ubique
1151 4268 1356 4325 saccus,
1399 4262 1594 4336 ubique
1632 4271 1790 4340 cinis,
1821 4279 2014 4351 ubique

433 4317 589 4376 ﬂetus
609 4333 664 4380 et
691 4327 940 4396 ejulatus.
989 4317 1122 4396 Nam
1154 4355 1209 4398 et
1237 4317 1354 4417 ipse
1381 4317 1681 4416 diademate
1711 4317 2009 4434 ca’pt‘itu

433 4423 608 4482 natus,
641 4433 670 4473 a
699 4425 862 4492 regali
891 4428 1220 4493 descendens
1259 4441 1468 4513 throno,
1511 4464 1724 4509 saccum
1753 4423 1853 4514 sibi
1881 4463 2008 4517 sub-

429 4511 907 4609 Stravit,cinerem
955 4528 1169 4597 sparsit,
1214 4541 1374 4605 atque
1415 4539 1493 4595 sic
1539 4544 1726 4603 urbem
1760 4554 2010 4620 periculis

430 4600 625 4671 eripuit
650 4623 665 4660 :
689 4618 738 4714 et
765 4625 876 4666 rem
905 4617 1117 4686 quidem
1145 4637 1333 4681 novam
1359 4630 1537 4690 videre
1563 4648 1696 4708 erat,
1722 4600 2005 4714 pdrpnram

428 4704 586 4747 sacco
628 4697 926 4759 cedentem.
979 4707 1132 4775 Quod
1182 4716 1322 4773 enim
1367 4736 1598 4794 purpura
1648 4697 2006 4804 nciluiiiitrid

425 4797 615 4888 saccus
671 4795 842 4888 potuit
899 4815 913 4851 :
956 4803 1099 4871 quod
1158 4821 1534 4874 consummare
1587 4795 1832 4883 diadema
1887 4795 2003 4888 Inon

427 4875 627 4944 valuit,
673 4881 936 4980 hoccinis
965 4894 1206 4963 perfecit.
1249 4901 1412 4962 Vides
1440 4875 2002 4980 quomodowh-audmiii

425 4981 648 5087 vacuum
693 4975 820 5044 dixi,
850 4998 954 5042 non
998 4986 1276 5060 jejunium,
1328 5002 1420 5058 sed
1455 4975 1770 5068 ebrietatem
1814 5030 2002 5087 crapu-

425 5062 637 5180 lamqne
688 5072 858 5130 timeri
885 5085 1223 5149 oportuisse?
1257 5091 1386 5149 Nam
1433 5098 1663 5158 ebrietas
1689 5114 1743 5160 et
1784 5062 2000 5180 crapiila

423 5159 605 5214 urbem
633 5171 860 5222 stantem
887 5180 1188 5248 concussit,
1221 5185 1286 5239 ad
1315 5201 1600 5260 casumque
1628 5206 1814 5256 nutare
1854 5159 2001 5259 eiim-

422 5251 588 5352 pulit:
627 5257 885 5326 jejunium
931 5278 1201 5330 nutantem
1233 5279 1400 5348 ipsam
1440 5299 1787 5359 casuramque
1816 5293 1996 5352 firma-

421 5342 512 5396 vit.
566 5348 695 5404 Cum
745 5352 846 5409 hoc
895 5367 944 5413 et
988 5361 1169 5420 Daniel
1214 5369 1425 5427 leonum
1469 5376 1738 5448 ingressus
1787 5385 1992 5456 lacum,

371 5497 375 5501 V
418 5441 566 5504 quasi
615 5458 734 5499 cum
783 5451 969 5507 ovibus
1012 5461 1302 5516 mansuetis
1341 5479 1581 5525 versatus
1629 5474 1810 5530 exivit.
1861 5479 1992 5536 Nam

419 5536 702 5632 aestuantes
724 5538 819 5603 ira,
838 5551 1041 5600 torvum
1062 5551 1502 5627 mortiferumque
1519 5563 1879 5635 respicientes,
1901 5588 1993 5642 ap-

423 5622 643 5682 positam
677 5643 780 5685 non
828 5639 1111 5709 tangebam
1156 5659 1415 5719 mensam,
1448 5651 1540 5708 sed
1583 5655 1694 5724 ipsa
1723 5622 1992 5722 exeitanie

1252 264 1306 322 8.
1345 267 1623 326 JOANNIS
1659 271 2134 330 CllRYSOSTCMl
2167 276 2479 336 ARClllEP.
2522 282 3048 347 CONSTANTlNOP.

3637 304 3720 361 διε
3814 379 3815 384 γ

2154 410 2338 454 natura
2370 401 2520 476 (nihil
2545 407 2684 461 enim
2709 409 2933 466 ferocius
2960 413 3062 470 illis
3080 413 3308 490 bestiis),
3335 429 3390 477 et
3425 420 3574 478 fame
3597 423 3718 493 (nam

2153 500 2203 544 ct
2235 503 2434 560 septem
2480 496 2664 552 diebus
2695 516 2798 556 non
2841 517 3156 574 acceperant
3179 509 3376 582 cibum)
3423 512 3598 567 veluti
3621 530 3726 570 car-

2154 583 2308 639 nilice
2337 587 2564 655 quodam
2620 591 2936 649 intrinsecus
2966 609 3205 668 urgente,
3254 612 3416 671 utque
3467 619 3578 657 non
3622 620 3724 674 pro-

2153 674 2326 744 pheta:
2350 681 2548 733 viscera
2579 681 2944 752 discerperent
2985 689 3246 745 clamante
3275 693 3317 759 ί,
3361 693 3549 748 cibum
3589 709 3723 750 reve-

2153 766 2238 818 riti
2265 775 2406 821 sunt.
2428 767 2558 823 Cum
2583 771 2682 826 hoc
2699 781 2808 828 tres
2817 776 2967 844 pueri
2987 776 3041 831 in
3059 777 3445 850 Babylonicum
3463 785 3720 841 cuminum

2155 857 2377 926 ingrcssi
2396 900 2410 923 ,
2440 868 2594 930 atque
2624 861 2674 915 in
2710 864 2826 933 igne
2856 868 3021 920 multo
3045 870 3208 924 etiam
3239 879 3487 942 tempore
3517 877 3723 942 versati,

2153 952 2270 1021 igne
2298 952 2411 1020 ipso
2439 951 2719 1023 fulgidiora
2746 972 2967 1026 corpora
2996 959 3272 1028 habentes,
3311 980 3524 1034 egressr
3574 980 3722 1024 sunt:

2099 1083 2103 1092 λ
2151 1058 2468 1110 quamquam
2501 1044 2544 1097 si
2575 1061 2697 1099 vere
2726 1047 2859 1115 ignis
2890 1059 3001 1103 erat
3024 1051 3158 1121 ignis
3189 1053 3296 1119 ille,
3326 1057 3605 1124 quomodo
3621 1075 3725 1126 qua:

2153 1131 2286 1199 ignis
2312 1142 2434 1186 sunt
2460 1145 2632 1202 partes
2658 1153 2760 1190 non
2800 1139 3088 1208 implebat?
3113 1143 3156 1196 si
3179 1158 3408 1214 corpora
3439 1157 3597 1202 erant
3627 1149 3723 1217 illa,

2150 1223 2416 1289 quomodo
2457 1225 2539 1291 iis,
2563 1241 2681 1295 quae
2732 1231 3044 1297 corporibus
3071 1235 3380 1305 contingere
3423 1252 3722 1294 consueve-

2151 1321 2304 1376 runt,
2339 1327 2443 1367 non
2477 1316 2891 1385 contingebant?
2928 1320 3245 1388 Quomodo?
3274 1325 3548 1394 jejunium
3579 1329 3725 1384 inter.

2148 1419 2308 1473 roga,
2333 1415 2386 1459 et
2424 1409 2794 1476 respondebit,
2847 1412 3046 1482 tibique
3085 1417 3308 1486 aenigma
3353 1419 3535 1474 solvet
3571 1438 3724 1479 :vere

2147 1512 2375 1567 namque
2410 1499 2508 1554 fuit
2547 1503 2788 1572 a-nigma.
2818 1507 3023 1562 Etenim
3052 1525 3335 1579 corporum
3384 1525 3585 1570 natura
3613 1532 3722 1572 cum

2148 1599 2335 1644 natura
2379 1591 2515 1660 ignis
2542 1595 2798 1662 certabat,
2821 1612 3213 1671 corporumque
3251 1604 3480 1658 victoria
3537 1610 3720 1662 evenit.

2148 1683 2334 1738 Vidisti
2380 1701 2608 1757 pugnam
2646 1691 2995 1748 admiratione
3039 1695 3291 1765 dignam?
3338 1698 3530 1755 vidisti
3567 1701 3723 1771 magis

2145 1774 2508 1831 admirabilem
2536 1778 2851 1834 victoriam?
2884 1781 3046 1851 Igitur
3067 1784 3324 1854 jejunium
3356 1789 3579 1854 mirare,
3607 1806 3722 1859 pro-

2146 1865 2334 1934 nisque
2365 1869 2606 1923 manibus
2650 1873 2900 1940 suscipe:
2934 1874 3143 1942 quando
3169 1877 3309 1930 enim
3349 1888 3404 1932 et
3432 1879 3488 1933 in
3521 1882 3722 1936 camino

2144 1953 2248 2010 fert
2269 1971 2422 2026 opem
2440 2001 2454 2025 ,
2485 1967 2642 2029 atque
2671 1963 2720 2014 in
2743 1962 2956 2017 leonum
2985 1965 3215 2021 custodit
3242 1970 3358 2024 lacu
3377 2012 3392 2034 ,
3417 1971 3717 2026 daemones.

2142 2061 2245 2117 que
2291 2050 2468 2117 fugat,
2507 2060 2559 2104 et
2611 2052 2699 2106 Dei
2743 2064 2955 2109 revocat
2977 2059 3326 2124 sententiam,
3367 2061 3721 2132 vitiorumque

2143 2136 2376 2194 furorem
2404 2142 2720 2210 supprimit,
2750 2153 2806 2199 et
2841 2145 2907 2200 ad
2945 2146 3113 2216 ipsam
3141 2164 3239 2204 nos
3264 2149 3478 2206 reducit
3508 2153 3718 2208 liberta-

2143 2238 2278 2296 tem,
2308 2233 2692 2304 plurimamque
2731 2237 2783 2291 in
2825 2238 3020 2294 nostris
3056 2241 3467 2311 cogitationibus
3492 2247 3716 2315 quietem

2142 2324 2407 2391 insinuat;
2435 2327 2700 2396 quomodo
2725 2343 2829 2383 non
2857 2340 3112 2387 extremae
3131 2331 3290 2388 fuerit
3308 2335 3538 2390 insaniae
3560 2337 3712 2401 illud,

2141 2423 2219 2469 tot
2263 2425 2512 2488 tantaque
2537 2418 2588 2472 in
2618 2420 2865 2476 manibus
2906 2421 3107 2478 habens
3137 2423 3296 2491 bona,
3343 2425 3533 2496 fugere
3564 2436 3619 2482 et
3659 2429 3716 2481 ti-

2139 2508 2326 2564 mere?
2353 2509 2608 2578 Macerat,
2636 2512 2831 2582 inquis,
2859 2526 3052 2585 corpus
3077 2525 3316 2573 nostrum
3346 2518 3712 2589 infirmumque

2138 2600 2380 2655 reddit’.
2431 2602 2533 2657 Sed
2582 2613 2838 2673 quantum
2876 2607 3115 2661 exterior
3150 2607 3310 2664 homo
3337 2611 3713 2680 corrumpitur.

2139 2702 2342 2749 tantum
2373 2695 2592 2751 interior
2638 2698 2797 2753 homo
2832 2712 3116 2755 renovatur
3162 2701 3229 2757 de
3255 2703 3342 2758 die
3383 2704 3438 2758 in
3469 2705 3613 2760 diem
3641 2704 3710 2774 (2.

2137 2786 2257 2844 Cor.
2280 2791 2334 2843 4.
2365 2790 2454 2861 16)
2477 2807 2490 2842 :
2511 2790 2618 2846 imo
2638 2792 2680 2845 si
2704 2807 2814 2846 rem
2841 2793 3145 2863 diligentius
3163 2795 3397 2852 volueris
3425 2797 3648 2863 intueri,
3666 2807 3713 2853 ct

2134 2881 2378 2936 sanitatis
2405 2881 2660 2953 bonaeque
2693 2884 3014 2943 habiuidinis
3048 2896 3271 2942 matrem
3289 2903 3411 2944 esse
3433 2890 3612 2960 ipsum
3634 2891 3711 2946 in-

2133 2972 2336 3027 venies.
2361 2973 2534 3043 Atque
2574 2974 2618 3027 si
2641 2976 2773 3029 meis
2802 2978 3138 3033 sermonibus
3167 2978 3394 3048 derogas
3423 2981 3612 3046 tidem,
3651 2981 3710 3037 de

2136 3063 2216 3118 his
2236 3063 2470 3119 medicos
2499 3075 2836 3134 percontare,
2884 3067 3088 3138 ipsique
3122 3069 3310 3125 eadem
3337 3071 3432 3126 tibi
3480 3071 3704 3128 manifev

2132 3156 2264 3210 stius
2289 3157 2649 3225 explicabunt,
2679 3160 2771 3230 qui
2807 3161 3176 3216 abstinentiam
3206 3174 3432 3218 matrem
3473 3164 3708 3221 sanitatis

2131 3248 2399 3316 appellant
2429 3266 2442 3302 :
2491 3251 2682 3318 pedum
2723 3268 2850 3308 vero
2878 3253 3112 3320 dolores,
3133 3264 3189 3310 et
3241 3257 3592 3326 gravedinem
3621 3273 3707 3314 ca-

2129 3339 2644 3408 pitis,apoplexiam,
2699 3343 2981 3410 vomicam,
3027 3344 3378 3416 hydrOpisim,
3411 3347 3706 3406 inﬂamma-

2129 3431 2300 3485 tiones
2326 3447 2388 3486 ac
2416 3440 2672 3498 tumores,
2704 3435 2951 3504 millequc
2977 3436 3284 3490 morborum
3329 3438 3562 3495 aliorum
3604 3449 3706 3494 tor-

2129 3530 2326 3586 rentes,
2359 3537 2388 3576 a
2413 3523 2655 3578 delicatis
2683 3525 2814 3578 cibis
2843 3527 3161 3596 crapulaque
3188 3529 3474 3598 provenire
3499 3529 3700 3595 dicunt,

2125 3613 2277 3682 quasi
2305 3627 2332 3666 a
2361 3614 2588 3682 pessimo
2611 3616 2837 3684 quodam
2863 3614 3010 3672 fonte
3038 3633 3230 3686 pravos
3252 3619 3478 3686 rivulos,
3512 3621 3700 3675 bonam

2125 3705 2365 3773 corporis
2431 3705 2835 3776 habitudinem,
2884 3716 2942 3763 et
2983 3708 3176 3764 anima:
3228 3723 3412 3765 sanam
3466 3718 3699 3767 mentem

2124 3795 2400 3851 iredentes.

2193 3888 2247 3943 5.
2279 3888 2356 3944 Ne
2383 3890 2541 3960 igitur
2561 3890 2822 3960 jejunium
2849 3892 3128 3948 timeamus
3149 3933 3164 3960 ,
3191 3903 3269 3948 tot
3285 3909 3316 3948 a
3345 3894 3502 3950 nobis
3523 3895 3696 3951 exclu«

2120 3978 2254 4034 dens
2277 3981 2433 4035 mala.
2467 3980 2647 4051 Neque
2672 3983 2812 4036 enim
2835 3997 2934 4052 ego
2958 3999 3053 4038 vos
3073 3985 3187 4038 sine
3216 3999 3374 4039 causa
3393 3985 3446 4040 id
3465 4001 3691 4050 moneo,

2119 4071 2214 4126 sed
2245 4072 2494 4143 quoniam
2517 4073 2731 4142 quidem
2761 4074 3016 4143 plurimos
3044 4075 3202 4131 video
3250 4076 3497 4133 homines
3537 4079 3692 4149 pigri—

2119 4173 2290 4221 tantes
2310 4175 2364 4221 et
2385 4165 2746 4222 detrectantes
2770 4183 2874 4222 non
2905 4183 3061 4224 secus
3087 4185 3151 4225 ae
3178 4170 3223 4224 si
3242 4170 3472 4226 horridae
3489 4172 3689 4227 cuidam

2116 4255 2325 4314 mulieri
2347 4255 2505 4309 dandi
2535 4257 2588 4309 in
2617 4271 2804 4311 manus
2831 4255 3024 4324 forent,
3049 4259 3310 4314 ebrietate
3332 4260 3492 4316 hodie
3513 4276 3692 4330 crapu-

2115 4346 2273 4416 laque
2299 4347 2501 4417 seipsos
2547 4359 2970 4418 corrumpentes,
3004 4350 3122 4405 ideo
3151 4366 3344 4407 moneo
3371 4368 3439 4407 ne
3467 4355 3587 4423 quis
3615 4352 3689 4408 fu—

2117 4449 2286 4494 turam
2316 4455 2344 4495 a
2371 4440 2575 4510 jejunio
2613 4442 2895 4496 utilitatem
2921 4443 3040 4512 gula
3079 4443 3417 4515 ingluvieque
3443 4446 3682 4514 perimat.

2112 4530 2244 4584 Nam
2273 4531 2361 4601 qui
2384 4532 2644 4587 stomachi
2677 4533 2803 4586 vitio
2829 4533 2980 4588 cibos
3004 4532 3302 4602 fastidiunt,
3325 4550 3445 4591 cum
3472 4551 3683 4607 asperas

2111 4632 2232 4677 sunt
2255 4622 2548 4679 medicinas
2571 4624 2861 4694 accepturi,
2887 4625 2933 4680 si
2957 4625 3118 4679 nimia
3148 4640 3268 4681 sese
3283 4641 3405 4682 esca
3425 4628 3680 4698 repleam,

2109 4719 2268 4780 atque
2303 4712 2381 4766 sic
2404 4713 2718 4767 medicinam
2767 4713 3060 4786 accipiant,
3087 4716 3429 4772 acerbitatem
3475 4718 3679 4788 quidem

2110 4802 2253 4857 illam
2286 4803 2648 4871 pertulerunt,
2681 4805 2907 4860 utilitate
2951 4821 3078 4860 vero
3104 4806 3461 4874 exciderunt,
3510 4823 3680 4866 reme-

2107 4895 2196 4950 dio
2233 4894 2592 4951 difficiliorem
2635 4896 2890 4952 adversus
2942 4914 3134 4968 pravos
3161 4899 3414 4956 humores
3457 4916 3679 4972 pugnam

2107 4997 2374 5057 parantes.
2407 4987 2765 5055 Quamobrem
2791 4989 2981 5045 medici
3009 5005 3103 5046 eos
3133 4991 3427 5046 incoenatos
3451 4991 3677 5047 dormire

2100 5080 2319 5152 jubent,
2349 5097 2454 5152 quo
2482 5083 2646 5136 virtus
2677 5084 2835 5137 totius
2874 5083 3152 5138 medicina:
3197 5083 3377 5139 statim
3421 5086 3675 5140 morbosis

2104 5183 2349 5228 occurrat
2376 5174 2704 5228 humoribus.
2745 5173 2831 5228 Sic
2859 5183 2914 5228 et
2936 5173 3140 5243 jejunio
3167 5176 3460 5246 contingit:
3499 5177 3544 5232 si
3598 5189 3673 5232 te-

2103 5262 2276 5332 ipsum
2308 5263 2466 5317 hodie
2496 5264 2657 5317 multa
2684 5263 2924 5318 obrueris
2952 5264 3210 5320 ebrietate
3229 5307 3244 5332 ,
3276 5267 3504 5321 crastina
3555 5281 3671 5322 vero

2102 5369 2220 5409 eam
2249 5355 2521 5423 acceperis
2547 5353 2860 5408 medicinam
2881 5395 2896 5422 ,
2923 5353 3060 5409 hanc
3089 5354 3183 5411 tibi
3209 5353 3450 5426 profecto
3489 5372 3666 5411 vanam

2164 5559 2179 5590 ⁸
2215 5558 2287 5606 sic
2317 5555 2456 5622 savil.
2483 5562 2534 5606 et
2575 5569 2701 5622 unus
2739 5565 2854 5617 neg.
2889 5555 3052 5606 Morel.
3079 5570 3216 5617 vero,
3253 5562 3396 5621 atque
3434 5558 3670 5622 propheta

2100 5620 2280 5692 τῖες-ενα
2301 5618 2622 5692 αἱδεθνῃρνεῃι
2646 5619 2895 5692 ctmnanle:
2937 5676 2963 5692 ρ
3049 5680 3075 5692 __
3115 5686 3126 5692 _
3317 5618 3325 5621 ⁷
3397 5618 3444 5691 ,⁷
3521 5618 3546 5692 '_
3583 5682 3592 5692 ,

2163 5684 2183 5714 ²
2216 5689 2318 5733 Sav.
2348 5688 2397 5731 et
2422 5676 2546 5730 unus
2569 5687 2704 5744 αρε,
2727 5686 2860 5744 urget
2878 5676 3200 5742 inﬁrmitatem
3217 5682 3432 5745 corporis
3444 5682 3606 5734 nostri.
