3894 6226
60 377 192 430 513

57 491 449 565 inutilemque
474 494 734 558 effeceris,
765 505 817 550 et
856 495 1093 550 laborem
1119 497 1332 566 quidem
1361 501 1642 568 pertuleris
1660 541 1678 568 ,

60 581 308 638 lucrum
338 583 460 638 inde
486 585 722 639 futurum
750 601 854 640 non
897 588 1226 656 assequeris,
1257 589 1382 642 dum
1413 590 1531 659 ejus
1575 592 1682 645 vim

57 681 263 728 totam
297 674 350 730 in
377 676 576 729 malum
613 676 818 730 recenti
849 676 1107 732 ebrietate
1136 687 1344 746 partum
1373 680 1635 750 impendis
1663 700 1677 737 :

54 764 109 818 si
172 781 322 820 vero
359 766 474 821 leve
503 769 884 837 pneparaveris
921 784 1149 838 corpus,
1180 771 1463 842 sobriaque
1502 784 1682 830 mente

55 860 398 928 susceperis
447 861 801 926 medicinam,
844 878 910 916 ex
957 862 1169 918 delictis
1207 864 1476 920 veteribus
1514 867 1679 922 multa

59 949 302 1017 poteris
324 965 637 1020 expurgare.
688 951 764 1006 Ne
793 952 953 1022 igitur
983 967 1079 1022 per
1098 953 1410 1008 ebrietatem
1438 954 1504 1008 ad
1539 955 1679 1024 jeju-

56 1041 234 1096 nium
290 1057 570 1113 pergamus
593 1084 608 1108 ,
657 1059 827 1112 neque
856 1059 885 1096 a
907 1040 1113 1113 jejunio
1143 1045 1194 1098 in
1233 1045 1548 1102 ebrietatem
1577 1047 1670 1101 de-

54 1134 360 1190 clinemus
385 1175 400 1200 ,
425 1151 493 1191 ne
523 1135 660 1191 forte
683 1135 904 1206 perinde
927 1137 1136 1191 accidat
1158 1151 1221 1192 ac
1254 1138 1298 1192 si
1328 1139 1449 1207 quis
1478 1154 1678 1208 aegrum

57 1239 290 1294 corpus
315 1234 474 1296 atque
521 1242 805 1297 resurgens
832 1243 861 1280 a
891 1228 1195 1284 valetudine
1233 1229 1470 1285 calcibus
1511 1232 1680 1301 impe-

64 1324 202 1369 tens
269 1316 508 1371 velocius
537 1315 772 1386 dejiciat.
799 1317 956 1384 Quod
982 1329 1036 1372 et
1061 1319 1114 1373 in
1145 1329 1326 1373 nostra
1369 1318 1428 1374 ﬂt
1461 1321 1635 1375 anima
1655 1361 1672 1389 ,

57 1421 199 1462 cum
235 1417 468 1478 utraque
487 1409 675 1478 jejunii
711 1424 781 1465 ex
822 1422 1008 1479 parte,
1040 1411 1299 1480 principio
1326 1411 1576 1467 videlicet
1615 1429 1678 1470 ac

60 1499 182 1554 line
201 1530 225 1564 ,-
256 1502 535 1556 ebrietatis
558 1503 698 1557 nube
720 1503 1114 1558 mundationem
1158 1504 1210 1558 in
1233 1505 1387 1562 nobis
1416 1508 1483 1561 ab
1507 1506 1676 1560 absti-

58 1592 266 1645 nentia
300 1591 491 1647 tactam
519 1592 860 1648 oﬂ‘uscamus.
888 1593 1065 1648 Veluti
1093 1595 1237 1649 enim
1257 1597 1354 1667 qui
1379 1612 1502 1652 cum
1550 1597 1676 1652 leris

59 1680 390 1738 dimicaturi
413 1724 426 1747 ,
453 1683 618 1737 armis
639 1684 852 1750 multis,
891 1684 1338 1756 munimentisque
1367 1687 1675 1756 principalia

57 1787 314 1843 qumque
342 1773 580 1828 membra
606 1773 968 1840 circumdant,
999 1784 1160 1844 atque
1188 1775 1257 1830 ita
1281 1791 1406 1830 cum
1439 1778 1542 1832 illis
1564 1777 1676 1833 bel-

63 1865 186 1918 lum
213 1866 521 1934 suscipiunt
550 1883 563 1918 :
592 1867 670 1920 sic
695 1875 750 1920 et
776 1882 916 1921 nunc
939 1865 1182 1922 homines
1208 1868 1363 1922 multi
1389 1883 1510 1923 cum
1531 1868 1671 1939 jeju-

63 1957 163 2011 nio
225 1959 383 2027 quasi
426 1973 546 2013 cum
591 1959 699 2013 fera
733 1959 960 2030 quadam
1002 1959 1315 2030 pugnaturi,
1353 1961 1560 2015 ven-tris
1610 1975 1671 2016 se

58 2050 304 2118 crapula
333 2051 609 2117 muniunt,
661 2051 1160 2121 disrumpentesqne
1208 2067 1328 2107 sese
1371 2063 1425 2107 et
1449 2052 1676 2108 obtene-

61 2140 304 2193 brantes
326 2179 342 2206 ,
369 2141 533 2194 multa
561 2157 684 2196 cum
717 2142 1073 2211 imprudentia
1105 2143 1286 2197 mitem
1332 2158 1396 2198 ac
1434 2144 1668 2214 quietum

56 2231 263 2301 jejunii
298 2245 570 2304 aspectum
619 2235 934 2304 suscipiunt.
963 2237 1134 2306 Atque
1165 2237 1209 2290 si
1239 2236 1542 2308 quempiam
1591 2239 1671 2292 in-

59 2333 425 2393 terrogavero
446 2367 460 2390 ,
483 2325 648 2394 Cujus
675 2328 751 2380 rei
799 2327 968 2395 gratia
993 2328 1058 2380 ad
1089 2327 1324 2382 thermas
1351 2327 1507 2384 hodie
1547 2345 1668 2398 pro-

60 2429 230 2483 peras
263 2431 279 2469 :
312 2415 382 2472 Ut
407 2418 586 2473 abluto
613 2434 838 2488 corpore
862 2461 875 2483 ,
927 2420 1157 2490 inquies,
1183 2419 1447 2490 jejunium
1497 2422 1667 2476 susci-

61 2509 235 2576 piam.
294 2509 350 2562 Si
379 2525 508 2564 vero
557 2519 607 2564 te
653 2511 1092 2580 interrogavere,
1127 2512 1304 2578 Quare
1345 2512 1658 2580 inebriaris,

1257 386 1345 442 DE
1385 387 1850 446 POENITENTIA.
1885 391 2111 448 llOMlL.
2158 393 2245 450 Vl.

3273 406 3377 462 δη

1791 501 1983 557 iterum
2037 503 2204 571 dices,
2253 505 2513 573 Quoniam
2551 507 2812 579 jejunium
2853 525 2970 575 sum
3014 508 3374 581 ingressurus.

1788 594 2066 657 Quomodo
2097 597 2253 665 igitur
2275 614 2378 652 non
2405 613 2710 667 erroneum,
2740 617 2966 671 corpore
2983 604 3197 673 quidem
3214 621 3369 675 puro,

1788 682 1993 754 impura
2015 701 2142 740 vero
2153 687 2404 757 ebriaque
2419 690 2614 755 anima,
2631 691 3044 759 pulcherrimum
3061 696 3157 750 hoc
3174 695 3368 751 festum

1787 774 2031 843 excipere
2050 777 2064 807 '
2083 777 2104 829 ?
2121 777 2279 832 Plura
2305 777 2530 833 dicenda
2555 791 2892 850 supererant,
2921 785 3016 839 sed
3046 785 3159 840 huic
3182 786 3376 843 sobriis

1786 863 1855 918 ad
1879 867 2267 922 correctionem
2297 869 2586 925 sul‘ﬂcinnt.
2609 874 2784 940 Quare
2811 891 3031 932 necesse
3052 888 3135 933 est
3162 879 3373 936 dicendi

1784 957 1944 1012 tinent
1975 957 2183 1012 facere:
2215 975 2336 1014 nam
2359 963 2517 1030 cupio
2549 964 2716 1032 patris
2754 966 2941 1023 audire
2979 984 3161 1024 vocem
3194 989 3206 1024 :
3237 987 3370 1041 quo-

1785 1049 1928 1102 niam
1951 1051 2050 1118 ipsi
2066 1051 2278 1120 quidem
2303 1054 2454 1122 quasi
2481 1056 2772 1124 pastorales
2794 1059 2944 1127 pueri
2966 1059 3143 1115 subtili
3163 1063 3372 1118 calamo

1783 1139 2060 1194 sibilamus
2082 1181 2097 1205 ,
2131 1143 2294 1197 veluti
2317 1145 2418 1198 sub
2441 1161 2638 1215 quercu
2663 1160 2755 1202 aut
2775 1147 2899 1219 fago
2925 1152 3150 1220 quadam
3170 1154 3236 1208 ad
3260 1171 3370 1210 um-

1785 1231 1934 1285 bram
1953 1246 2226 1287 sacrorum
2245 1234 2436 1290 horum
2459 1237 2739 1305 sedentes;
2771 1239 2859 1296 hic
2873 1253 3052 1296 autem
3074 1243 3238 1300 veluti
3256 1262 3373 1300 mu-

1785 1322 1929 1378 sicus
1954 1325 2190 1394 optimus
2215 1342 2430 1383 auream
2457 1329 2717 1386 citharam
2747 1333 3074 1402 modulatus,
3115 1353 3366 1393 sonorum

1781 1427 2045 1472 concentu
2085 1419 2396 1476 universum
2425 1425 2618 1480 excitat
2649 1424 2915 1480 theatrum
2944 1445 2958 1481 :
3001 1429 3079 1483 sic
3105 1437 3160 1483 et
3211 1429 3370 1499 hujus

1783 1515 1889 1554 non
1913 1502 2264 1570 pulsationum
2281 1546 2296 1570 ,
2321 1505 2415 1560 sed
2442 1508 2723 1563 verborum
2754 1518 2809 1564 et
2837 1525 3057 1580 operum
3074 1520 3364 1567 concentus

1780 1591 2065 1660 plurimam
2105 1595 2258 1649 nobis
2292 1595 2446 1650 aﬂ‘ert
2474 1599 2776 1654 utilitatem.
2813 1601 3088 1670 Ejusmodi
3115 1611 3168 1656 et
3208 1603 3368 1657 Chri-

1779 1691 1893 1737 stus
1919 1683 2166 1740 doctores
2192 1687 2417 1754 quaerit:
2447 1689 2546 1754 Qui
2571 1690 2701 1742 enim
2723 1693 2894 1760 fecerit
2924 1701 2969 1744 et
2994 1693 3237 1756 docuerit,
3282 1693 3366 1747 in-

1777 1774 1912 1841 quit,
1934 1775 2014 1828 Iu'c
2041 1792 2253 1845 magnus
2273 1777 2528 1832 vocabitur
2551 1780 2604 1832 in
2629 1796 2783 1850 regno
2806 1781 3044 1834 cazlorum
3073 1781 3284 1852 (Matth.
3307 1783 3363 1838 5.

1724 1903 1732 1911 -
1783 1864 1892 1934 l9).
1926 1866 2200 1935 Ejusmodi
2226 1876 2310 1922 est
2353 1868 2454 1922 iste
2485 1887 2496 1921 :
2525 1879 2850 1938 quapropter
2878 1881 2932 1925 et
2962 1887 3182 1940 magnus
3203 1880 3286 1925 est
3313 1871 3366 1924 in

1773 1973 1941 2028 regno
1969 1959 2249 2014 caelorum.
2281 1961 2567 2030 Contingat
2613 1971 2792 2016 autem
2833 1971 2890 2018 et
2917 1977 3014 2015 nos
3057 1964 3205 2031 ejus,
3251 1977 3368 2015 om-

1775 2051 2028 2120 niumque
2068 2051 2352 2120 prmsulum
2375 2052 2705 2106 orationibus
2728 2067 2894 2122 regno
2914 2052 3162 2106 cazlorum
3181 2051 3367 2121 dignos

1775 2138 1914 2207 ﬁeri,
1939 2142 2105 2210 gratia
2136 2150 2190 2195 et
2209 2141 2534 2210 benignitate
2562 2143 2769 2196 Domini
2793 2145 2958 2198 nostri
2990 2143 3117 2198 Jesu
3136 2142 3360 2208 Christi,

1770 2248 1894 2288 cum
1924 2250 2030 2303 quo
2058 2235 2197 2288 Patri
2230 2235 2393 2302 gloria
2416 2276 2430 2301 ,
2462 2249 2583 2288 cum
2613 2244 2798 2289 sancto
2843 2237 3065 2305 Spiritu,
3117 2251 3258 2290 nunc
3304 2244 3359 2290 et

1771 2343 2003 2398 seraper,
2035 2339 2088 2384 et
2112 2331 2162 2384 in
2185 2331 2377 2384 saecula
2404 2330 2745 2385 surculorum.
2775 2332 2966 2385 Amen.

1834 2461 1850 2491 ι
1887 2461 1958 2530 ςίρ
1980 2467 2083 2508 Sav.
2099 2467 2162 2530 .et
2194 2473 2316 2530 unus
2354 2468 2469 2530 Reg.
2511 2467 2562 2508 tn
2585 2467 2633 2508 Β.
2658 2467 2710 2510 et
2731 2461 2855 2522 apud
2882 2459 3065 2520 ttorel.,
3090 2457 3359 2523 pulcherri-

1768 2534 1897 2570 mam
1919 2522 2041 2570 (time
2065 2521 2285 2572 virtutem
2307 2521 2568 2585 suscipere.

1288 2735 1428 2805 DE
1492 2734 2197 2822 P(ENITENTIA,

949 2903 1199 2957 ουΑιιτΑ
1239 2907 1631 2950 HEBDOMADA
1673 2905 1887 2950 SACRE
1928 2905 2466 2958 QUADRAGESIHE.

1675 3049 1762 3065 "an

402 3219 406 3228 ε
654 3170 863 3210 uomuit
907 3171 958 3208 Vl
1009 3154 1102 3224 (τι).

141 3249 196 3302 l.
237 3247 410 3314 Quam
429 3247 648 3318 jucundi
678 3246 967 3317 spiritualis
988 3245 1147 3313 hujus
1169 3243 1322 3299 nobis
1344 3243 1506 3297 maris
1529 3249 1654 3295 sunt

67 3337 286 3405 ﬂuetus,
310 3347 366 3393 et
395 3338 543 3407 ipsis,
572 3339 659 3408 qui
684 3338 734 3392 in
759 3339 944 3407 pelago
970 3347 1113 3402 sunt,
1133 3334 1500 3404 jucundiores.
1528 3332 1658 3386 Nam

67 3429 141 3482 illi
171 3429 393 3499 quidem
423 3439 700 3483 ventorum
732 3428 1040 3491 insolentia,
1073 3427 1124 3480 hi
1155 3428 1366 3480 auditus
1396 3425 1661 3480 desiderio

68 3523 375 3576 excitantur
415 3530 517 3577 :ct
571 3522 647 3576 illi
691 3521 907 3592 quidem
960 3519 1242 3575 sublimius
1293 3519 1657 3588 agglomerati,

71 3613 485 3682 trepidationem
513 3612 855 3683 gubernatori
879 3610 1158 3680 plurimam
1193 3608 1462 3664 inferunt:
1497 3609 1549 3662 hi
1571 3609 1660 3662 ubi

71 3717 452 3775 apparuerunt,
475 3705 738 3760 dicentem
760 3703 948 3759 ﬁducia
971 3705 1133 3758 multa
1159 3703 1386 3772 replent.
1414 3702 1488 3754 Illi
1520 3703 1660 3754 enim

71 3793 343 3851 furibundi
374 3798 534 3850 maris
551 3806 882 3866 argumenta,
909 3794 960 3848 hi
989 3795 1178 3848 anima:
1209 3792 1522 3848 ltetabnndae
1539 3801 1664 3846 sunt

75 3883 269 3941 indicia
302 3905 316 3940 :
353 3887 426 3940 illi
457 3887 620 3956 petris
670 3886 790 3941 illisi
821 3885 1103 3956 ignobilem
1133 3887 1362 3938 sonitum
1411 3882 1656 3947 reddunt,

74 3976 127 4031 hi
153 3993 283 4032 vero
312 3979 568 4034 doctrinm
601 3979 765 4033 verbo
793 3977 1005 4032 contriti
1026 3977 1270 4031 blandam
1293 3990 1476 4029 vocem
1503 3975 1660 4029 emit-

75 4076 212 4122 tunt.
242 4069 333 4124 Sic
353 4081 406 4124 et
433 4069 650 4142 zephyri
677 4070 833 4124 ﬂatus
859 4069 910 4123 in
933 4076 1045 4122 sata
1066 4067 1336 4130 cadentes,
1367 4074 1526 4136 atque
1548 4065 1659 4132 ipsa

75 4159 346 4228 spicarum
385 4162 557 4231 capita
601 4162 918 4216 inclinantes
955 4175 1019 4215 ac
1052 4161 1388 4223 relevantes,
1424 4158 1476 4212 in
1522 4167 1660 4212 terra

77 4252 239 4308 maris
268 4253 462 4307 ﬂuctus
509 4253 802 4308 imitantur.
832 4253 937 4307 Sed
975 4263 1030 4307 et
1065 4253 1169 4307 illis
1196 4253 1326 4306 satis
1346 4249 1661 4322 jucundiora

75 4350 198 4396 sunt
225 4342 340 4398 haec
365 4361 378 4396 :
409 4358 511 4397 non
533 4344 673 4398 enim
695 4342 910 4414 zephyri
935 4342 1111 4409 ﬂatus,
1135 4343 1227 4396 sed
1248 4342 1476 4412 Spiritus
1489 4341 1657 4411 gratia

78 4443 282 4490 vestras
315 4437 522 4490 animas
557 4440 755 4491 excitat
782 4445 836 4490 et
866 4433 1178 4500 inﬂammat,
1207 4443 1261 4488 et
1289 4435 1461 4503 ignem
1491 4434 1658 4498 illum,

77 4524 143 4582 de
167 4544 274 4596 quo
313 4529 439 4582 olim
469 4528 710 4583 Christus
745 4546 757 4580 :
793 4525 973 4597 Ignem
1012 4527 1122 4580 veni
1151 4527 1342 4579 mittere
1369 4528 1421 4579 in
1453 4537 1657 4589 terram,

78 4627 122 4669 et
149 4619 272 4689 quid
296 4620 430 4684 volo,
461 4619 559 4672 nisi
589 4628 642 4672 ut
670 4617 976 4672 accendatur
1002 4618 1020 4686 (
1044 4615 1173 4670 Luc.
1207 4615 1292 4670 12.
1325 4616 1394 4670 49
1416 4616 1482 4685 )?
1513 4617 1662 4670 Hunc

79 4709 234 4764 video
283 4711 580 4765 immissum
612 4711 996 4778 incensumque
1039 4709 1090 4762 in
1139 4709 1419 4763 animabus
1449 4709 1658 4770 vestris.

77 4803 340 4867 Quoniam
388 4805 546 4875 igitur
590 4812 668 4858 tot
694 4803 966 4872 lampades
995 4802 1148 4857 nobis
1169 4800 1365 4856 Christi
1389 4804 1548 4856 timor
1574 4817 1662 4856 aco

79 4896 275 4964 condit,
312 4898 452 4967 agite
492 4897 614 4952 hinc
663 4896 920 4951 doctrinae
961 4894 1138 4950 oleum
1175 4894 1512 4961 instillemus,
1556 4908 1662 4965 quo

81 4987 233 5044 nobis
257 4989 561 5044 diuturnior
629 4989 718 5042 lux
748 4991 855 5042 liat.

149 5079 344 5148 Jejum’i
364 5087 558 5153 fructus
581 5083 878 5152 querenda:
899 5100 918 5148 ;
941 5082 994 5136 in
1019 5080 1244 5135 studium
1264 5079 1662 5150 spectaculorum

86 5174 356 5230 inve/titur.
387 5205 457 5216 -—-
488 5176 696 5230 Etenim
717 5175 869 5230 nobis
896 5174 963 5229 de
1006 5184 1200 5229 caetero
1225 5173 1410 5243 jejunii
1454 5183 1660 5244 tempus

84 5265 145 5318 ad
162 5266 318 5321 linem
337 5278 489 5338 urget
511 5285 526 5322 :
551 5284 670 5322 nam
688 5269 752 5321 ad
775 5267 930 5322 stadii
953 5267 1184 5322 medium
1205 5266 1489 5336 progressi,
1503 5267 1658 5320 dein-

83 5371 204 5424 cvps
231 5359 296 5413 ad
321 5360 491 5430 ipsum
519 5359 676 5415 linem
705 5359 1065 5415 concedimus.
1107 5357 1254 5413 Sicut
1281 5358 1422 5413 enim
1447 5360 1534 5428 qui
1577 5357 1653 5410 in-

152 5691 222 5754 (α)
254 5697 424 5748 Collata
447 5711 556 5748 cum
581 5696 750 5746 Codice
775 5702 872 5744 Em.
893 5695 1025 5758 Card.
1048 5695 1272 5758 Qttoboni
1297 5697 1432 5758 cujus
1447 5702 1562 5743 nota
1583 5701 1660 5743 est

91 5755 235 5864 uti.
257 5757 326 5817 t6,
351 5769 401 5808 et
431 5774 539 5810 Ctttlt
571 5761 678 5807 «τω.
707 5759 985 5808 Baroeciano
1005 5756 1100 5805 212
1120 5769 1149 5806 a
1171 5763 1223 5806 υ.
1243 5755 1511 5812 WetStenio
1535 5758 1660 5805 Basi-

123 5825 135 5842 ³
170 5828 256 5865 ιω.

1769 3153 1929 3221 cepit,
1959 3152 2010 3206 in
2041 3151 2214 3206 medio
2237 3159 2351 3206 est:
2384 3152 2455 3204 ita
2473 3151 2560 3220 qui
2592 3151 2657 3206 ad
2685 3153 2916 3207 medium
2935 3153 3166 3219 devenit,
3191 3154 3351 3212 linem

1766 3241 2136 3310 apprehendit.
2170 3240 2331 3308 Igitur
2361 3251 2570 3309 tempus
2595 3241 2660 3296 ad
2687 3242 2844 3296 tinem
2876 3245 3064 3313 vergit,
3101 3256 3260 3315 atque
3289 3245 3356 3300 de

1766 3343 1964 3388 caetero
2003 3342 2212 3403 portum
2249 3332 2435 3402 cymba
2467 3332 2750 3401 prospicit;
2774 3332 2867 3387 sed
2913 3333 3052 3402 quod
3077 3335 3354 3403 quzeritur,

1768 3437 1872 3476 non
1908 3422 2017 3491 jam
2047 3431 2130 3476 est
2156 3421 2224 3476 ad
2259 3431 2470 3491 portum
2500 3423 2800 3491 pervenire,
2831 3423 2926 3478 sed
2973 3439 3163 3478 navem
3213 3424 3355 3478 haud

1768 3514 1898 3568 lucri
1922 3529 2137 3568 vacuam
2164 3515 2394 3569 trahere.
2417 3515 2524 3569 Oro
2552 3531 2646 3568 vos
2662 3530 2847 3569 omnes
2867 3528 2920 3570 et
2942 3518 3183 3580 obsecro,
3203 3531 3354 3571 suam

1766 3605 1988 3674 quisque
2005 3605 2069 3658 ad
2082 3606 2461 3660 conscientiam
2479 3606 2667 3675 jejunii
2695 3607 3102 3676 negotiationem
3121 3618 3348 3678 reputet,

1767 3717 1828 3756 ac
1855 3703 1900 3756 si
1925 3703 2138 3772 quidem
2167 3703 2376 3758 lucrum
2404 3702 2628 3757 multum
2649 3703 3036 3757 accumulatum
3065 3701 3350 3768 invenerit,

1769 3794 2113 3864 negotiationi
2151 3795 2312 3850 addat
2340 3813 2352 3848 :
2385 3795 2431 3849 si
2463 3795 2593 3849 nihil
2632 3805 3036 3864 congregatum,
3081 3796 3346 3863 reliquum

1767 3889 2021 3956 temporis
2078 3887 2423 3957 negotiationi
2480 3886 2769 3956 impendat.
2802 3886 3156 3954 Quoadusque
3207 3893 3354 3940 stant.

1768 3980 2040 4042 nundinae,
2085 3979 2416 4047 negotiantes
2445 3976 2513 4032 de
2549 3991 2740 4046 magno
2769 3977 2919 4030 lucro
2948 3975 3347 4041 contendamus,

1767 4087 1833 4124 ne
1864 4072 2041 4124 vacuis
2068 4069 2378 4123 recedamus
2409 4068 2671 4131 manibus,
2705 4068 2970 4137 nejejunii
2999 4067 3235 4122 laborem
3263 4076 3348 4122 t0-

1767 4159 2016 4224 lerantes,
2043 4159 2231 4228 jejunii
2272 4158 2576 4213 amittamus
2609 4159 2904 4228 prtemium.
2935 4159 3083 4213 Licet
3127 4159 3268 4212 enim
3295 4167 3349 4213 ct

1759 4251 1947 4320 jejunii
1976 4251 2212 4305 laborem
2241 4249 2484 4314 suﬂ‘erre,
2518 4261 2572 4305 et
2589 4250 2774 4320 jejunii
2802 4249 3030 4305 fructum
3065 4266 3170 4305 non
3213 4265 3347 4306 ceu-

1764 4343 1913 4411 sequi
1943 4360 1958 4396 :
1982 4341 2249 4411 quomodo
2270 4345 2292 4393 ‘t
2315 4340 2448 4396 Cum
2472 4341 2677 4396 scilicet
2700 4354 2822 4395 esca
2848 4341 3195 4404 abstinemus,
3221 4356 3346 4410 pec-

1765 4443 1884 4486 cato
1907 4448 2010 4487 non
2039 4433 2371 4488 abstinemus
2396 4451 2408 4486 :
2439 4448 2559 4487 cum
2577 4431 2826 4486 carnibus
2851 4432 3063 4502 quidem
3093 4448 3198 4486 non
3253 4447 3346 4486 ve-

1765 4524 1979 4590 scimur,
2002 4523 2320 4578 devoramus
2341 4531 2518 4577 tamen
2541 4537 2828 4591 pauperum
2851 4521 3062 4578 domos:
3080 4537 3200 4576 cum
3223 4521 3346 4575 vino

1764 4614 1976 4684 quidem
2005 4613 2148 4668 haud
2175 4613 2523 4679 inebriamur,
2553 4612 2880 4667 inebriamur
2908 4627 3036 4666 vero
3065 4610 3348 4667 desideriis

1765 4705 1945 4774 pravis
1970 4722 1984 4757 :
2014 4720 2134 4759 cum
2163 4703 2377 4775 quidem
2405 4704 2578 4760 inedia
2621 4713 2783 4758 totam
2816 4704 3153 4774 transigimus
3181 4703 3345 4769 diem,

1763 4805 1922 4865 atque
1940 4796 2182 4850 eamdem
2213 4795 2493 4864 impudicis
2523 4796 2579 4850 in
2605 4794 2924 4864 spectaculis
2957 4793 3344 4862 consumimus,

1765 4888 1902 4943 Ecce
1941 4889 2125 4958 jejunii
2168 4889 2340 4957 labor,
2368 4897 2424 4943 et
2465 4889 2657 4959 jejunii
2704 4887 2903 4942 fructus
2939 4902 3196 4956 nusquam
3240 4898 3344 4954 est°

1761 4996 1882 5036 cum
1922 4981 2210 5051 iniquitatis
2258 4983 2466 5036 theatra
2503 4979 2930 5035 conscendimus.
2981 4978 3098 5033 Non
3138 4978 3203 5034 ad
3249 4995 3347 5036 vos

1764 5072 1894 5126 mihi
1920 5081 2002 5127 est
2039 5087 2238 5139 sermo,
2271 5071 2392 5126 novi
2414 5072 2558 5127 enim
2587 5070 2656 5127 ab
2674 5086 2736 5126 ea
2767 5070 3106 5126 accusatione
3131 5085 3227 5124 vos
3249 5084 3343 5123 va-

1760 5179 1888 5220 cuos
1917 5179 2075 5230 esse;
2105 5163 2200 5219 sed
2240 5177 2358 5219 mos
2402 5163 2588 5218 dolore
2612 5163 2941 5233 pressisest,
2973 5177 3092 5216 cum
3119 5161 3197 5215 eis
3235 5175 3340 5214 non

1759 5255 1970 5321 adsunt,
1999 5255 2088 5324 qui
2117 5254 2319 5311 doloris
2362 5254 2490 5310 dant
2513 5269 2750 5320 causam,
2784 5255 2835 5308 in
2867 5263 3158 5324 praesentes
3209 5251 3336 5306 iram

1760 5361 2031 5402 evomere.
2077 5346 2231 5414 Quod
2269 5347 2412 5403 enim
2438 5347 2641 5402 lucrum
2667 5347 2968 5417 jejunantes
2999 5343 3204 5398 theatra
3234 5341 3340 5395 ini-

1759 5438 1973 5507 quitatis
2005 5438 2315 5507 ascendere,
2361 5438 2430 5494 ad
2464 5453 2804 5494 communem
2830 5435 3054 5495 luxuria:
3097 5431 3332 5488 scholam

1761 5529 2001 5595 introire,
2020 5531 2086 5586 ad
2105 5533 2372 5602 publicum
2391 5530 2786 5587 incontinentiae
2800 5526 3152 5599 gymnasium,
3176 5537 3338 5593 super

1757 5621 2067 5676 cathedram
2116 5623 2301 5678 sedere
2329 5619 2788 5692 pestilentiarum?
2816 5616 3028 5672 Etenim
3062 5625 3117 5672 et
3147 5615 3336 5670 cathe-

1757 5713 1906 5768 dram
1930 5713 2262 5784 pestilentias,
2293 5722 2347 5769 et
2373 5708 2770 5767 incontinentiae
2795 5707 3152 5781 gymnasium,
3173 5705 3334 5761 scho-

1759 5808 1970 5877 lamque
2017 5806 2257 5873 luxurizr,
2289 5815 2340 5860 et
2369 5804 2545 5860 omnia
2578 5801 2880 5874 turpissima
2921 5799 3248 5856 orchestram
3289 5799 3335 5854 si
