3894 6226
533 411 639 467 513

535 538 657 590 quis
680 522 893 588 dixerit,
922 521 1058 576 haud
1086 519 1402 591 peccaverit,
1430 521 1718 592 pessimum
1744 520 1887 574 illum
1909 520 2105 582 locant,

536 615 988 686 plurimornmque
1010 614 1315 668 morborum
1344 614 1580 684 plenum,
1603 613 1979 684 Babylonicam
2008 611 2115 666 for-

536 720 743 760 nacem.
768 705 900 760 Nam
931 706 1071 760 velut
1096 705 1147 758 in
1180 706 1445 760 fornacem
1475 704 1757 774 quamdam
1779 703 2109 772 compellens

537 794 591 849 in
623 794 885 850 theatrum
925 794 1170 850 diabolus
1197 795 1406 860 urbem,
1456 795 1533 849 sie
1559 794 1627 847 ab
1657 792 1765 846 imo
1808 792 2109 859 succendit,

538 902 642 939 non
678 889 787 956 jam
818 887 1091 942 malleolos
1118 887 1434 943 submittens
1454 928 1469 953 ,
1495 886 1659 941 veluti
1696 895 1819 941 tunc
1860 884 2118 942 barbarus

540 977 652 1042 ille,
684 992 856 1047 neque
883 979 1197 1048 naphtham,
1229 990 1404 1048 neque
1445 988 1677 1048 stupam,
1709 992 1882 1047 neque
1904 978 2113 1046 picem;

534 1068 630 1121 Sed
652 1066 736 1121 his
760 1068 927 1123 multo
951 1069 1176 1140 pejora’,
1211 1069 1524 1124 fornicarios
1546 1070 1716 1133 visus,
1741 1068 1909 1138 turpia
1930 1069 2114 1136 verba,

535 1160 773 1214 membra
804 1160 1036 1215 molliter
1068 1159 1206 1215 ﬂexa
1229 1202 1244 1226 ,
1293 1170 1453 1230 atque
1490 1161 1667 1215 omnis
1689 1160 1872 1229 plenos
1902 1159 2117 1214 malitia

535 1259 743 1305 cantus.
774 1251 920 1305 Illam
977 1253 1135 1322 igitur
1174 1252 1440 1307 fornacem
1482 1251 1772 1306 barbarica:
1811 1266 1998 1304 manus
2029 1266 2118 1305 ae-

535 1342 852 1408 cenderunt,
870 1344 1002 1396 banc
1020 1353 1196 1397 autem
1213 1343 1484 1398 fornacem
1513 1343 1862 1413 cOgitationes
1879 1342 2117 1396 barbaris

536 1434 937 1504 insipientiores
961 1436 1258 1491 accendunt
1288 1452 1303 1488 :
1335 1436 1450 1490 hate
1479 1436 1564 1490 illa
1596 1436 1766 1504 pejor,
1796 1435 2118 1505 quandoqui-

534 1526 658 1580 dem
705 1525 840 1596 ignis
866 1526 1117 1593 deterior,
1168 1542 1274 1580 non
1302 1528 1390 1596 qui
1422 1527 1665 1594 corporis
1709 1534 1971 1588 naturam,
2021 1526 2115 1580 sed

539 1618 626 1688 qui
652 1617 843 1672 bonam
869 1618 1061 1672 animae
1080 1617 1433 1690 depopulatur
1456 1618 1818 1673 habitudinem
1850 1636 1863 1672 :
1887 1627 1941 1673 et
1974 1617 2117 1697 quod

537 1710 817 1765 nocentius
860 1720 960 1773 est,
998 1725 1170 1779 neque
1201 1708 1303 1778 ipsi
1328 1710 1417 1779 qui
1452 1710 1855 1776 comburuntur,
1887 1710 2115 1779 idipsurn

537 1794 808 1864 Sentium;
837 1800 881 1854 si
909 1801 1051 1854 enim
1073 1800 1352 1864 sentirent,
1382 1813 1485 1853 non
1503 1799 1612 1868 jam
1643 1798 1866 1853 etfusum
1888 1800 2033 1853 illum
2062 1800 2115 1855 in

540 1889 623 1944 his
643 1891 806 1945 risum
848 1892 1173 1946 emitterent.
1206 1891 1368 1960 igitur
1397 1891 1449 1945 id
1477 1892 1558 1945 vel
1584 1893 1976 1960 pessimum-cst
2006 1908 2118 1947 ma-
2146 1917 2154 1926 -

537 1981 668 2048 lum,
699 1998 819 2037 cum
844 1984 964 2052 quis
985 1982 1301 2050 inﬁrmatur,
1330 1997 1502 2052 neque
1528 1982 1754 2052 idipsum
1780 1982 1919 2053 quod
1966 1985 2115 2037 inlir-

537 2081 714 2127 matur
754 2073 942 2128 novit:
984 2080 1037 2127 et
1074 2071 1271 2128 misere
1314 2071 1509 2126 ardens
1541 2079 1598 2128 et
1634 2086 1968 2136 aerumnose,
2011 2088 2115 2128 non

537 2164 700 2219 sentit
730 2163 1054 2218 incendium.
1097 2164 1350 2232 Quanam
1373 2162 1560 2233 jejunii
1599 2164 1816 2228 utilitas,
1849 2164 1935 2220 die
1963 2165 2112 2232 mihi,

534 2268 657 2308 cum
689 2254 904 2324 quidem
931 2268 1123 2323 corpus
1143 2268 1295 2310 arces
1317 2254 1553 2324 legitimo
1577 2268 1608 2308 a
1635 2255 1979 2321 nutrimento,
2013 2255 2118 2309 ini-

535 2363 696 2415 quum
725 2363 852 2402 vero
881 2348 1268 2403 nutrimentum
1308 2348 1503 2402 animae
1533 2347 1784 2402 inducis?
1811 2362 1931 2403 cum
1975 2349 2117 2404 diem

537 2438 647 2492 illic
673 2440 836 2492 trabis
878 2440 1090 2503 sedens,
1132 2454 1469 2495 communem
1509 2448 1753 2493 naturam
1785 2441 2116 2510 deturpatam

538 2534 752 2588 intuens
802 2550 863 2589 ac
894 2536 1210 2603 traductam,
1242 2535 1598 2604 mulieresque
1620 2533 1951 2599 fornicarias,
1978 2532 2120 2589 adul-

540 2624 672 2677 teria
722 2635 1165 2691 repraesentantes
1217 2626 1323 2680 illic
1350 2640 1466 2692 eos,
1497 2626 1583 2694 qui
1633 2625 1890 2696 cujusque
1926 2625 2118 2679 domus

537 2714 673 2767 mala
704 2714 957 2784 colligunt
984 2716 1007 2768 ‘i
1034 2715 1166 2769 Nam
1198 2726 1251 2770 et
1300 2716 1680 2770 fornicationes
1710 2716 1893 2771 videre
1937 2715 2116 2782 datur,

537 2813 592 2858 et
613 2804 800 2859 audire
828 2805 1203 2875 biasphemias,
1235 2821 1340 2875 quo
1369 2815 1423 2861 et
1452 2821 1545 2875 per
1569 2805 1775 2872 oculos,
1801 2816 1854 2860 et
1895 2821 1990 2875 per
2017 2821 2115 2860 au-

535 2896 704 2951 ditum
735 2899 831 2967 ipsi
861 2900 1051 2954 anima:
1076 2900 1292 2954 morbus
1316 2899 1593 2968 procedat:
1618 2901 1819 2953 alienas
1846 2899 2120 2954 imitantur

535 2989 883 3056 calamitates,
935 2991 1076 3046 unde
1100 3000 1154 3045 et
1183 2991 1310 3061 ipsis
1338 2990 1679 3060 turpitudinis
1716 3007 1909 3046 nomen
1950 2992 2121 3062 impo-

535 3080 696 3133 situm
749 3090 851 3134 est.
880 3081 1029 3148 Quod
1075 3082 1234 3152 igitur
1271 3083 1461 3152 jejunii
1514 3084 1716 3138 lucrum
1762 3084 1936 3139 anima
1986 3084 2118 3139 cibis

536 3169 795 3239 ejusmodi
822 3174 1018 3225 nutrita
1042 3172 1066 3224 ?
1089 3172 1280 3238 quibus
1309 3172 1481 3227 oculis
1516 3189 1738 3228 uxnrem
1768 3175 1869 3228 illis
1913 3189 1944 3228 a
1990 3190 2117 3245 spe-

535 3260 759 3314 ctaculis
788 3261 989 3315 videbis
1013 3261 1038 3313 ?
1064 3261 1254 3331 quibus
1280 3264 1448 3318 oculis
1478 3263 1681 3319 videbis
1711 3263 2118 3335 lilium?quibus

537 3349 934 3406 domesticum?
963 3353 1154 3422 quibus
1182 3355 1411 3408 amicum
1437 3354 1461 3408 Ἰ
1484 3354 1713 3409 Necesse
1734 3365 1908 3410 autem
1936 3357 2119 3411 dicen-

538 3447 644 3493 tem
678 3439 785 3494 iilic
811 3450 956 3510 gesta
983 3443 1323 3513 turpitudine,
1356 3454 1449 3498 aut
1473 3453 1733 3499 tacentem
1765 3446 1958 3500 rubore
1986 3462 2116 3501 con-

537 3527 701 3583 fundi.
736 3528 840 3585 Sed
872 3531 995 3586 hinc
1024 3546 1129 3586 non
1157 3533 1235 3587 sic
1254 3532 1369 3587 abis
1395 3550 1408 3587 :
1433 3533 1612 3587 licebit
1631 3548 1759 3589 vero
1782 3536 1924 3589 domi
1953 3537 2115 3589 multa

535 3632 659 3673 cum
708 3618 901 3674 ﬁducia
957 3622 1199 3675 universa
1250 3637 1488 3685 narrare,
1548 3622 1885 3693 pmphcticas
1938 3640 2112 3691 voces,

535 3711 825 3779 apostolica
851 3712 1117 3781 dogmata,
1153 3714 1295 3781 leges
1318 3713 1638 3778 Dominicas,
1666 3728 1879 3767 omnem
1903 3715 2115 3771 virtutis

535 3813 773 3854 mensam
791 3814 1077 3870 apponere,
1097 3817 1424 3873 uxoremque
1444 3803 1834 3857 narrationibus
1853 3804 2115 3870 ejusmodi

536 3891 866 3960 pudiciorem
915 3893 1157 3959 reddere,
1215 3894 1615 3963 prudentiorem
1663 3893 1853 3960 filium,
1881 3895 2114 3950 benevo-

535 3981 816 4036 lentioretn
871 3984 1246 4049 domesticum,
1301 3986 1608 4039 amiciorem
1665 3986 1917 4051 amicum,
1957 3995 2115 4057 atque

536 4072 710 4144 ipsum
756 4074 1026 4128 inimicum
1061 4075 1404 4144 persuadebis
1427 4077 1609 4129 odium
1645 4075 1934 4145 deponere.

604 4164 661 4217 2.
711 4164 839 4218 Vera
864 4166 1042 4234 icjunii
1082 4167 1213 4220 ratio
1239 4181 1373 4236 qure-
1421 4195 1492 4206 —-
1523 4166 1682 4220 Vides
1710 4166 1974 4236 quomodo
2002 4166 2116 4224 hate

533 4256 749 4327 quidem
799 4258 999 4327 ubique
1048 4259 1299 4313 salutaria
1348 4258 1619 4328 dogmata,
1653 4258 1740 4312 illa
1773 4274 1899 4312 vero
1925 4273 2115 4314 acroa-

536 4357 676 4402 mata
725 4349 916 4418 ubique
966 4349 1218 4403 inutilia?
1260 4349 1390 4416 Qua:
1437 4350 1596 4419 igitur
1638 4349 1824 4418 jejunii
1876 4351 2112 4415 utilitas,

534 4454 735 4509 quaaso,
789 4455 908 4493 cum
959 4454 1184 4509 corpore
1232 4439 1446 4510 quidem
1487 4438 1716 4509 jejunas,
1771 4440 1939 4494 oculis
1987 4456 2116 4495 vero

537 4531 867 4585 mtecltaris?
894 4531 1223 4586 Adulterium
1253 4534 1394 4587 enim
1416 4539 1497 4585 est
1524 4547 1628 4585 non
1662 4533 1770 4600 ipSa
1803 4531 1961 4585 modo
1982 4546 2116 4586 con-

536 4623 814 4693 glutinatio
857 4633 948 4677 aut
992 4623 1181 4691 copula
1230 4621 1474 4692 corporis
1502 4663 1517 4685 ,
1573 4622 1667 4676 sed
1712 4631 1767 4675 et
1821 4621 2118 4691 impudicus

534 4714 698 4768 visus.
729 4715 858 4780 Quae
881 4714 1079 4768 utilitas
1100 4729 1219 4767 cum
1249 4713 1372 4768 illuc
1400 4713 1521 4767 hinc
1545 4712 1705 4766 abis
1740 4713 1850 4780 Ego
1886 4713 2114 4780 corrigo,

536 4805 624 4859 ille
666 4805 959 4873 corrumpit
991 4823 1004 4858 :
1032 4819 1132 4874 ego
1180 4803 1472 4859 medicinas
1519 4803 1708 4857 morbo
1749 4802 1998 4869 adhibeo,
2030 4803 2118 4858 ille

535 4906 751 4949 causam
795 4895 962 4949 morbi
1014 4895 1319 4949 ministrat:
1350 4908 1448 4964 ego
1478 4904 1682 4947 natura:
1709 4892 1978 4947 ﬂammam
2020 4909 2116 4948 ex-

536 4988 782 5056 stinguo,
836 4988 924 5042 ille
972 4987 1202 5041 libidinis
1232 4985 1496 5040 flammam
1544 4984 1806 5038 accendit.
1859 4984 1988 5049 Qua:
2011 4985 2117 5038 uti-

537 5077 656 5132 litas
684 5118 699 5143 ,
749 5078 835 5132 dic
880 5078 1060 5133 mihi?
1105 5077 1246 5132 Unus
1271 5077 1530 5144 aediﬁcem
1581 5084 1627 5129 et
1652 5092 1781 5130 unus
1805 5076 2062 5129 destruent:
2098 5091 2117 5128 :

533 5171 655 5240 quid
705 5171 893 5224 lurrati
940 5179 1057 5225 sunt
1118 5171 1232 5241 plus
1292 5185 1445 5239 quam
1514 5156 1706 5222 labores
1755 5165 1966 5239 (Eccli.
2024 5167 2111 5221 54.

532 5261 670 5334 28).
726 5261 840 5316 Non
883 5279 1009 5333 ergo
1038 5262 1123 5316 hic
1174 5270 1229 5317 et
1256 5261 1404 5325 illic,
1476 5258 1572 5313 sed
1623 5258 1710 5313 hic
1764 5258 1935 5312 solum
1986 5271 2116 5312 cono

535 5367 830 5418 versemur,
851 5369 957 5423 quo
986 5353 1275 5416 fructuose,
1302 5366 1408 5421 quo
1433 5366 1540 5404 non
1570 5349 1622 5403 in
1645 5363 1841 5402 .vanutn
1873 5347 1978 5413 hic,
2010 5362 2116 5418 quo

533 5458 641 5497 non
670 5445 944 5507 inntiiiter,
960 5458 1136 5515 neque
1159 5443 1223 5499 ad
1240 5442 1633 5497 damnationem
1657 5458 1670 5496 :
1694 5438 1836 5495 Unus
1855 5440 2117 5508 aediﬁca»:

534 5548 582 5589 et
607 5549 738 5590 unus
752 5538 1055 5591 destructis:
1082 5534 1204 5606 quid
1234 5533 1415 5588 lurrati
1433 5542 1548 5588 sunt
1576 5532 1688 5601 plus
1707 5548 1860 5604 quant
1880 5531 2117 5586 labores?

541 5626 608 5681 Et
632 5630 872 5698 quamvis
901 5628 1051 5683 multi
1081 5628 1403 5684 mdiﬁcantes
1429 5625 1624 5694 forent,
1648 5639 1785 5681 unus
1831 5640 1964 5681 vero
2013 5624 2112 5680 de-

602 5782 616 5813 ι
655 5782 809 5846 Verba
830 5794 988 5846 usque
1010 5781 1089 5839 ad,
1108 5781 1211 5832 hac
1238 5780 1326 5832 illa
1346 5780 1500 5846 pejor,
1518 5780 1919 5832 desiderabantur
1937 5793 1987 5832 tn
2008 5777 2117 5831 Edi-

536 5841 625 5903 tis;
649 5844 739 5891 sed
758 5856 822 5891 ea
843 5841 1003 5892 Ottob.
1029 5851 1081 5892 et
1102 5849 1288 5893 Barocc.
1310 5841 1536 5895 restituta
1557 5850 1687 5895 sunt.

1203 409 1258 466 S.
1299 408 1576 466 JOANNIS
1613 403 2079 464 CHRYSOSTOMI
2114 407 2429 464 ARCHIEP.
2467 409 2994 468 CONSTANTINOP.

3710 416 3737 433 ρ

3709 414 3800 469 υισ

2220 528 2453 587 struens,
2476 522 2726 578 facilitate
2745 526 3108 583 subversionis
3131 528 3509 584 aediﬁcandum
3522 527 3806 584 multitude

2218 610 2468 666 vincitur.
2502 613 2701 684 Magnae
2743 616 2983 686 profecto
3015 620 3355 690 turpitudinis
3397 630 3452 676 et
3489 622 3723 690 juvenes
3757 630 3810 674 et

2221 716 2380 758 senes
2409 703 2499 758 ad‘
2519 706 2625 760 tale
2678 707 2915 762 studium
2960 707 3238 766 featinare.
3269 710 3375 779 Sed
3403 712 3608 766 utinam
3642 724 3810 780 usque

2224 791 2293 847 ad
2324 795 2701 864 turpitudinem
2727 807 2871 853 esset
2899 800 3097 855 malum
3127 818 3141 856 :
3168 803 3378 857 tametsi
3420 802 3472 857 id
3503 801 3714 857 homini
3745 802 3810 855 li-

2220 884 2351 939 bero
2377 884 2708 943 intolerabile
2734 889 2956 945 fortasse
2982 891 3211 960 videtur,
3229 903 3282 949 et
3309 893 3567 948 damnum
3579 893 3814 948 cordata

2221 977 2532 1043 maximum,
2556 979 2598 1031 si
2625 979 2948 1048 turpitudine
2967 991 3021 1036 et
3037 983 3324 1053 ignominia
3345 993 3594 1045 notetur;
3620 999 3814 1039 verum

2221 1080 2325 1119 non
2352 1065 2417 1119 ad
2443 1066 2785 1137 ignominiam
2804 1085 2971 1140 usque
3000 1080 3200 1127 tantum
3228 1089 3381 1143 pmna
3408 1072 3678 1144 procedit,
3716 1076 3815 1127 sed

2222 1154 2352 1210 ultio
2379 1156 2562 1227 ingens
2588 1172 2651 1212 ac
2676 1160 2992 1230 supplicium
3018 1162 3259 1218 imminet
3286 1181 3301 1218 :
3324 1178 3542 1219 necesse
3558 1172 3649 1219 est
3664 1164 3814 1219 enim

2221 1246 2327 1301 illic
2346 1248 2592 1303 sedentes
2611 1261 2826 1317 peccato
2838 1251 3083 1308 adulterii
3099 1269 3288 1309 omnes
3307 1256 3495 1319 teneri,
3517 1269 3627 1309 non
3656 1254 3811 1324 quod

2220 1336 2292 1390 ibi
2343 1338 2655 1395 mulieribus
2699 1340 3035 1407 c0pulentur,
3078 1343 3173 1398 sed
3200 1343 3344 1414 quod
3384 1343 3669 1413 impudicis
3715 1357 3818 1398 ea

2222 1426 2524 1482 intueantur
2563 1429 2750 1484 oculis.
2795 1430 3004 1487 Etenim
3053 1432 3153 1487 hos
3174 1447 3387 1503 quoque
3422 1448 3647 1489 necesse
3685 1447 3819 1488 esse

2220 1520 2483 1575 adulterio
2505 1523 2669 1576 teneri
2696 1532 2754 1577 ut
2775 1523 3098 1594 intelligatis,
3120 1541 3225 1579 non
3247 1541 3421 1581 meum
3445 1526 3599 1580 vobis
3628 1523 3815 1580 dicam

2220 1627 2543 1681 sermonem,
2580 1630 2649 1671 ne
2694 1615 2829 1671 forte
2856 1616 3183 1688 despiciatis,
3222 1619 3317 1674 sed
3360 1618 3592 1673 divinam
3633 1617 3817 1687 legem

2219 1703 2518 1772 explicabo,
2538 1705 2624 1759 ubi
2652 1705 2925 1775 despectui
2951 1720 3280 1777 nequaquam
3310 1707 3482 1763 locus.
3512 1706 3653 1775 Quid
3677 1721 3818 1776 ergo

2219 1793 2396 1849 divina
2413 1795 2499 1850 lex
2520 1796 2717 1866 inquit?
2736 1798 2960 1852 Audistis
2972 1798 3091 1870 quia
3114 1798 3298 1853 dictum
3315 1808 3386 1853 est
3403 1797 3625 1868 antiquis
3643 1813 3665 1852 :
3688 1796 3821 1851 Non
3872 1832 3873 1870 ξ

2219 1885 2540 1940 munitet-is
2564 1852 2753 1957 (lima.
2775 1887 2865 1943 20.
2895 1852 3026 1959 Hi;
3053 1905 3146 1960 ego
3169 1852 3469 1945 autemidico
3490 1852 3653 1956 vobis,
3676 1889 3822 1959 quod

2220 1977 2518 2047 quicumque
2565 1977 2743 2032 viderit
2779 1979 3036 2034 mulierem
3077 1981 3146 2034 ad
3185 1981 3648 2050 concupiscendum
3672 1999 3817 2045 eam,

2210 2068 2325 2138 jam
2354 2070 2627 2126 machum:
2651 2080 2724 2125 est
2746 2088 2859 2126 eam
2882 2073 2934 2127 in
2962 2070 3114 2129 cerde
3136 2091 3227 2128 suo
3267 2074 3475 2144 (Matth.
3504 2076 3559 2130 5.
3579 2072 3814 2146 27.28).

2223 2159 2413 2214 Vidisti
2431 2160 2752 2217 adulterium
2767 2173 3194 2218 consummatum
3222 2165 3245 2219 ?
3274 2165 3448 2220 vidisti
3476 2167 3818 2235 completum

2220 2261 2492 2321 peceatum
2511 2254 2534 2306 ’ἶ
2554 2262 2609 2309 et
2623 2254 2761 2323 quod
2782 2254 3036 2322 deterius,
3062 2256 3113 2311 in
3135 2257 3394 2312 adulterio
3412 2257 3817 2327 deprehensum

2219 2345 2538 2414 adulterum,
2566 2362 2671 2401 non
2704 2348 2956 2416 humano,
2969 2349 3063 2404 sed
3093 2349 3272 2404 divino
3298 2351 3398 2406 sub
3421 2350 3629 2419 judicio
3653 2350 3819 2405 adul-

2219 2436 2340 2490 terii
2360 2452 2508 2491 reum
2536 2452 2675 2504 esse,
2706 2439 2795 2495 ubi
2834 2440 3159 2496 immortales
3183 2450 3307 2495 sunt
3334 2456 3525 2511 panic.
3560 2441 3818 2507 Quicum-
3871 2416 3873 2567 ‘

2219 2544 2314 2567 nam
2342 2529 2471 2567 ροιὸηθ
2500 2530 2675 2567 nidoris
2700 2531 2956 2567 mulina-pm
2979 2533 3044 2567 nd
3062 2533 3509 2567 ι-ιιηι-ηηὸιρριυιυηι
3538 2549 3651 2567 nam
3707 2535 3816 2567 in...

2218 2544 2314 2595 que
2341 2529 2473 2582 enim
2500 2530 2675 2583 uiderit
2700 2531 2957 2585 mulierem
2978 2533 3044 2585 ad
3060 2533 3512 2601 concupiscendum
3536 2549 3675 2593 eam.
3696 2535 3817 2602 jam

2220 2620 2493 2673 moechatus
2534 2630 2603 2674 est
2637 2637 2751 2675 eum
2788 2622 2838 2675 in
2868 2623 3017 2676 corde
3037 2639 3155 2677 suo.
3183 2623 3296 2677 Non
3337 2626 3494 2677 modo
3535 2625 3813 2686 morbum,
3871 2642 3873 2739 γ

2221 2710 2312 2739 Ant.
2354 2720 2403 2739 ne
2446 2712 2613 2739 ..κη-ιιι
2667 2713 2898 2739 -ιιιιέΑΑ-υι
2942 2714 3114 2739 -..λιιει
3140 2731 3153 2739 .
3185 2714 3331 2739 --.ςιὲ-
3371 2715 3507 2739 Αηέ...
3558 2714 3813 2739 -,1--1.,.-τξ

2220 2710 2314 2765 sed
2353 2720 2407 2765 et
2446 2712 2615 2765 morbi
2667 2713 2900 2768 radicem
2939 2714 3155 2780 evellit;
3185 2714 3334 2768 radix
3367 2715 3510 2769 enim
3557 2714 3813 2769 adulterii

2220 2802 2642 2872 concupiscentia
2684 2805 2947 2872 impudica
2993 2822 3006 2857 :
3056 2819 3223 2875 quare
3264 2820 3368 2858 non
3410 2803 3571 2858 modo
3626 2804 3814 2874 plectit

2220 2892 2556 2959 adulterium,
2572 2894 2664 2951 sed
2685 2905 2737 2951 et
2753 2897 3230 2967 concupiccentiam
3246 2938 3262 2964 ,
3289 2896 3533 2951 adulterii
3557 2908 3813 2952 matrem.

2220 2987 2307 3043 Sic
2326 2996 2379 3042 et
2403 2988 2592 3043 medici
2641 2988 2859 3055 faciunt,
2892 3004 2995 3043 non
3022 2988 3085 3042 ad
3119 2988 3334 3043 morbos
3368 2988 3569 3043 instant
3610 2990 3814 3056 solum,

2220 3078 2314 3134 sed
2346 3078 2417 3133 ad
2446 3095 2633 3135 causas
2659 3081 2817 3135 etiam
2860 3081 3120 3136 tollendas
3146 3098 3158 3133 ε
3189 3080 3332 3150 quod
3361 3081 3405 3135 si
3454 3090 3813 3149 aagmtantem

2219 3078 2314 3134 sed
2346 3078 2417 3133 ad
2446 3095 2633 3135 causas
2659 3081 2817 3135 etiam
2860 3081 3120 3136 tollendas
3146 3098 3158 3133 ε
3189 3080 3332 3150 quod
3361 3081 3405 3135 si
3454 3090 3813 3149 aagmtantem

2220 3169 2429 3223 oculum
2454 3169 2701 3236 viderint,
2732 3185 2949 3239 pravum
2980 3171 3252 3225 humorem
3280 3171 3515 3242 desuper
3538 3186 3569 3224 a
3600 3180 3815 3242 tempo-

2218 3258 2365 3314 ribus
2385 3271 2731 3328 compescuut
2755 3278 2767 3313 :
2799 3261 2876 3315 sic
2898 3270 2953 3315 et
2975 3260 3223 3316 Christus
3240 3259 3382 3317 facit.
3413 3260 3647 3315 Caecitas
3674 3261 3815 3316 mala
3860 3244 3874 3503 1

2218 3357 2301 3404 est
2337 3349 2688 3415 adulterium;
2730 3351 3005 3405 oculorum
3032 3360 3115 3406 est
3144 3350 3382 3412 morbus,
3411 3365 3521 3405 non
3560 3352 3814 3421 corporis

2218 3439 2413 3503 solum,
2461 3439 2556 3495 sed
2593 3441 2782 3494 anima:
2810 3442 2988 3503 prius:
3018 3440 3364 3503 idcircoinde
3387 3442 3692 3503 compescit
3726 3442 3814 3496 hu-

2218 3357 2301 3404 est
2337 3349 2688 3415 adulterium;
2730 3351 3005 3405 oculorum
3032 3360 3115 3406 est
3144 3350 3382 3412 morbus,
3411 3365 3521 3405 non
3560 3352 3814 3421 corporis

2218 3439 2413 3503 solum,
2461 3439 2556 3495 sed
2593 3441 2782 3494 anima:
2810 3442 2988 3511 prius:
3018 3440 3364 3507 idcircoinde
3387 3442 3692 3511 compescit
3726 3442 3814 3496 hu-

2219 3545 2423 3585 morem
2455 3530 2801 3599 impudicitia:
2843 3546 2936 3600 per
2981 3531 3226 3586 timorem
3266 3531 3433 3601 legis;
3477 3546 3653 3601 quare
3706 3548 3811 3585 non

2218 3621 2379 3677 modo
2405 3622 2722 3677 adulterium
2742 3622 2917 3691 punit,
2960 3621 3054 3677 sed
3080 3622 3567 3692 concupiscentiam
3592 3637 3814 3692 quoque

2220 3714 2506 3768 ulciscitur.
2539 3712 2663 3767 lam
2687 3714 2961 3769 moechatus
3001 3725 3073 3769 est
3099 3731 3210 3769 eam
3231 3717 3282 3768 iu
3308 3716 3458 3769 corde
3480 3732 3593 3768 suo.
3631 3715 3814 3771 Corde

2217 3815 2394 3860 autem
2420 3814 2690 3875 corrupto,
2717 3822 2837 3876 qua:
2866 3805 3117 3876 deinceps
3142 3806 3340 3861 utilitas
3367 3807 3419 3860 in
3447 3808 3663 3876 reliquo
3691 3824 3814 3863 cor-

2219 3894 2870 3964 poreiQuemadmodum
2923 3897 3065 3950 enim
3111 3897 3162 3950 in
3191 3898 3384 3966 plantis
3423 3905 3478 3951 et
3524 3898 3712 3968 lignis,
3768 3901 3809 3953 si

2217 3986 2432 4057 quando
2460 4001 2555 4041 cor
2578 4001 2793 4041 exesum
2821 3986 3082 4050 videmus,
3108 3988 3366 4058 reliquam
3386 3987 3454 4042 de
3483 3998 3691 4044 caetero
3720 4005 3813 4045 re-
3862 3982 3874 4113 ‘

2221 4078 2501 4113 ηιιιὶἰιιηιιια
2535 4087 2737 4113 ηανιιιηι
2767 4096 2778 4107 -
2803 4079 2881 4113 εἰη
2906 4087 2956 4113 nl
2989 4080 3039 4113 in
3068 4080 3280 4113 hamum
3306 4093 3426 4113 num
3470 4079 3521 4113 id
3560 4082 3788 4113 ηΑ-ιξΔ-ἶι

2221 4078 2503 4148 pudiamus
2535 4087 2739 4146 partem
2766 4096 2778 4133 :
2803 4079 2882 4134 sic
2906 4087 2961 4133 et
2988 4080 3040 4132 in
3068 4080 3281 4133 honune
3306 4093 3427 4133 cum
3470 4079 3523 4132 id
3560 4082 3809 4149 perierit,
3864 4078 3873 4125 π

2219 4169 2482 4224 incassum
2497 4180 2577 4224 eat
2593 4168 2714 4224 inde
2727 4169 2927 4239 reliqua
2941 4170 3179 4239 corporis
3191 4172 3409 4226 sanitas.
3429 4172 3628 4242 Auriga
3649 4175 3811 4242 perit,

2219 4259 2436 4325 fractus,
2451 4262 2687 4331 dejectus
2703 4272 2803 4328 est,
2820 4261 3014 4317 frustra
3041 4263 3092 4317 in
3110 4272 3380 4332 posterum
3400 4263 3521 4332 equi
3542 4274 3809 4319 currunt:

2220 4353 2483 4408 laboriosa
2528 4354 2612 4408 lex
2647 4363 2702 4409 et
2749 4355 2972 4409 multum
2996 4354 3176 4409 oneris
3216 4354 3377 4409 habet
3405 4372 3420 4409 :
3446 4354 3525 4409 sic
3562 4355 3732 4425 igitur
3760 4368 3816 4412 et

2220 4460 2465 4515 magnam
2500 4445 2659 4501 habet
2682 4461 2955 4501 coronam.
2996 4446 3269 4515 Ejusmodi
3297 4455 3420 4501 sunt
3440 4447 3585 4500 enim
3618 4462 3710 4502 res
3741 4448 3818 4502 la-

2219 4535 2447 4590 boriosa:
2471 4553 2486 4602 ;
2511 4552 2729 4607 magnas
2776 4537 2974 4591 habent
3018 4537 3415 4592 retributiones.
3446 4535 3527 4591 'l‘u
3551 4553 3689 4592 vero
3718 4555 3815 4594 ne-

2219 4644 2480 4700 quaquam
2494 4629 2726 4684 laborem
2742 4629 2958 4684 attende
2974 4670 2988 4693 ,
3022 4629 3114 4685 sed
3133 4629 3536 4685 retributionem
3550 4632 3814 4687 conside-

2219 4739 2279 4779 ra
2304 4740 2320 4779 :
2352 4723 2429 4778 sic
2451 4731 2504 4779 et
2529 4724 2582 4777 in
2606 4723 2728 4777 vita:
2748 4724 2906 4778 rebus
2927 4721 3004 4778 fit.
3032 4722 3087 4777 Si
3112 4722 3255 4776 enim
3282 4721 3516 4776 laborem
3541 4720 3816 4777 bonorum

2219 4833 2441 4887 operum
2474 4819 2831 4887 prospexeris,
2862 4833 3022 4888 grave
3047 4825 3207 4887 atque
3230 4831 3516 4871 onerosum
3548 4831 3567 4880 ;
3597 4817 3648 4871 si
3680 4831 3814 4870 vero
3872 4786 3873 4851 ι

2221 4910 2624 4964 retributionem
2653 4909 2989 4979 cogitaveris,
3014 4909 3132 4962 leve
3154 4916 3208 4963 et
3245 4907 3398 4963 facile
3426 4906 3566 4977 quod
3597 4908 3813 4962 subest.
3868 4904 3873 4979 ί

2220 5002 2308 5058 Sic
2338 5010 2391 5055 et
2413 5000 2755 5070 gubernator,
2778 5001 2821 5054 si
2845 4999 3040 5054 ﬂuctus
3069 4998 3262 5054 viderit
3286 4998 3482 5061 solum,
3510 5012 3814 5066 numquam

2220 5111 2252 5148 e
2280 5103 2430 5164 portu
2472 5093 2669 5162 scapha
2716 5092 3065 5163 digredietur,
3106 5091 3201 5146 sed
3246 5091 3290 5144 si
3329 5099 3592 5160 quaestum
3637 5090 3810 5160 prius,

2221 5201 2376 5255 quam
2395 5185 2585 5240 ﬂuctus
2605 5186 2917 5254 respexerit,
2938 5193 3064 5239 tunc
3079 5184 3394 5238 immensum
3412 5181 3562 5235 adire
3581 5181 3811 5254 pelagus
3868 5218 3874 5295 Α

2228 5293 2239 5295 _
2309 5278 2321 5295 .
2361 5287 2374 5295 .
2429 5279 2507 5295 m,
2564 5287 2600 5295 ,.
3137 5273 3625 5295 ψιηηηηηηε,
3682 5290 3782 5295 μη,

2220 5278 2400 5333 audet.
2429 5279 2517 5333 Sic
2548 5287 2607 5333 et
2632 5279 2783 5332 miles
2807 5278 2852 5332 si
2880 5278 3095 5331 vulnera
3128 5274 3410 5345 credesque
3433 5273 3649 5341 viderit,
3682 5290 3810 5328 nus-

2220 5387 2377 5440 quam
2398 5371 2580 5425 induet
2595 5370 2867 5425 thoracem
2888 5386 2903 5435 ;
2927 5370 2970 5424 si
2985 5384 3113 5423 vero
3133 5368 3427 5437 triumphos
3445 5367 3808 5436 victoriasque
3870 5378 3873 5471 1

3868 4330 3874 4545 Ι

3868 4926 3873 5137 1

2223 5465 2389 5532 prius,
2415 5479 2570 5533 quam
2601 5464 2838 5526 vulnera,
2872 5472 3143 5531 tamquam
3190 5460 3256 5515 ad
3298 5467 3505 5530 pratum
3532 5461 3706 5513 currit
3742 5458 3805 5511 ad

2220 5554 2486 5624 praelium.
2516 5554 2646 5621 Quae
2674 5538 2826 5609 {enim
2868 5564 3055 5607 natura
3093 5553 3294 5623 gravia,
3342 5553 3421 5606 sic
3449 5550 3594 5606 levia
3653 5553 3801 5615 ﬁunt,

2220 5659 2340 5700 cum
2359 5646 2469 5714 jam
2500 5660 2605 5698 non
2637 5644 2846 5699 labores
2890 5644 3206 5714 cogitamus,
3259 5642 3353 5698 sed
3385 5642 3533 5712 ipsos
3558 5642 3799 5697 laborum

2221 5736 2421 5792 fructus
2445 5735 2867 5791 consideramus.
2895 5735 3179 5789 Discerene
3205 5733 3288 5789 vis
3313 5732 3584 5802 quomodo
3618 5741 3798 5786 natura

2223 5827 2423 5900 gravia,
2456 5827 2591 5883 levia
2622 5825 2792 5883 fiunt?
2820 5824 3042 5884 Paulum
3074 5823 3198 5882 audi
3241 5823 3540 5895 dicentem;
3572 5820 3718 5879 Nam
3755 5828 3795 5876 rt

3864 5796 3874 6093 Ι
