3894 6226
106 351 206 407 615

107 483 268 524 τατον
318 467 498 522 έκεῖνο
547 466 746 540 χωρίον
794 465 886 521 καὶ
929 467 1249 542 νοσημάτων
1296 469 1465 540 γέμον
1509 467 1775 524 παντοδα-

105 553 259 620 πῶν,
293 553 447 626 [518]
479 554 580 626 τὴν
611 553 1002 608 ΒαϐυλωνίανΙΙ
1060 556 1310 626 κάμινον.
1363 555 1629 627 Καθάπερ
1668 555 1776 627 7&9

103 643 189 706 είς
222 642 459 715 κάμινόν
498 660 623 698 τινα
665 646 746 708 είς
781 644 843 698 τὸ
872 643 1101 717 θέατρον
1126 647 1226 717 τὴν
1264 646 1419 702 πόλιν
1463 645 1716 718 ἐμϐαλὼν
1750 647 1780 700 ὀ

104 729 381 797 διάϐολος,
415 730 559 785 οὕτω
595 732 842 786 κάτωθεν
873 732 1144 797 ύποκαίει,
1181 734 1243 787 οὐ
1272 733 1606 806 κληματίδας
1647 734 1779 787 61:0-

103 817 301 884 τιθεὶς,
333 819 586 892 καθάπερ
613 820 642 873 ὁ
673 819 950 893 βάρϐαρος
981 821 1101 875 τότε
1128 822 1367 889 ἐκεῖνος,
1397 822 1517 876 οὐδὲ
1547 822 1774 891 νάφθαν,

105 906 231 961 οὐδὲ
263 908 589 972 στυππεῖον,
630 906 753 961 οὐδὲ
796 908 1032 977 πίσσαν,
1066 909 1202 963 ἀλλὰ
1242 910 1312 964 τά
1358 907 1537 981 πολλῷ
1573 909 1778 963 τούτων

108 993 469 1067 χαλεπώτερα
496 996 546 1060 δ,
580 996 846 1065 πορνικάς
873 995 1027 1067 ὄψεις
1046 1038 1062 1065 ,
1090 998 1292 1071 αίσχρά
1317 1000 1567 1070 ῥήματα,
1596 999 1777 1052 διακε-

110 1082 395 1153 κλασμένα
452 1083 589 1155 μέλη
611 1123 628 1150 ,
685 1083 871 1154 πάσης
926 1084 1168 1155 γέμοντα
1212 1086 1479 1157 πονηρίας
1537 1086 1775 1158 ᾅσματα.

122 1167 371 1240 Ἐκείνην
409 1171 508 1242 μὲν
552 1167 646 1225 οὖν
676 1170 1012 1244 βαρϐαρικαὶ
1049 1173 1151 1245 τὴν
1199 1173 1433 1245 κάμινον
1466 1176 1647 1247 χεῖρες
1685 1176 1779 1229 ἀν-

106 1256 280 1329 ῆψαν,
297 1258 504 1329 ταύτην
518 1258 579 1312 δὲ
603 1259 702 1330 τὴν
731 1260 963 1331 κάμινον
993 1261 1336 1333 ἀνοητότεροι
1360 1262 1471 1317 τῶν
1489 1262 1780 1335 βαρϐάρων

107 1344 341 1399 ἀπτουσι
365 1344 645 1416 λογισμοί·
674 1346 1032 1418 χαλεπωτέρα
1050 1347 1189 1419 αῦτη
1207 1348 1442 1420 ἐκείνης,
1471 1349 1658 1422 ἐπειδὴ
1683 1350 1780 1405 καὶ

106 1431 172 1484 τὸ
207 1432 320 1503 πῦρ
363 1432 770 1506 χαλεπώτερον·
820 1436 883 1488 ού
922 1436 1033 1507 γὰρ
1087 1436 1357 1508 σωμάτων
1406 1437 1550 1490 καίει
1594 1438 1776 1505 φύσιν,

106 1519 247 1573 ἀλλά
288 1520 472 1591 ψυχῆς
512 1521 729 1586 εὐεξίαν
760 1521 1113 1593 λυμαίνεται⁹
1138 1524 1234 1578 καὶ
1271 1525 1333 1578 τὸ
1375 1523 1776 1596 χαλεπώτερον,

107 1607 197 1661 ὅτι
240 1608 364 1662 οὐδὲ
402 1607 747 1664 αἰσθάνονται
789 1612 840 1665 οἰ
876 1612 1188 1683 καιόμενον
1222 1615 1272 1665 εἰ
1308 1613 1418 1685 7&9
1461 1612 1775 1684 ᾐσθάνοντο,

105 1697 214 1750 οὐκ
260 1697 329 1751 ἀν
364 1694 573 1752 πλατὺν
607 1699 824 1769 γέλωτα
870 1699 965 1753 ἐπὶ
1012 1703 1127 1764 τοῖς
1165 1701 1479 1771 γενομένοις
1519 1702 1777 1773 ἠφίεσαν·

107 1784 253 1855 ὅπερ
280 1779 373 1839 οὖν
397 1786 514 1839 ἐστι
546 1785 962 1856 χαλεπώτατον,
993 1789 1123 1843 ὅταν
1166 1807 1253 1853 τις
1287 1790 1458 1845 νοσῶν
1486 1790 1619 1862 μηδὲ
1651 1791 1784 1846 αὐτὸ

107 1870 273 1925 τοῦτο
296 1867 437 1927 οἶδεν
471 1874 554 1927 ὅτι
583 1877 761 1939 νοσεῖ,
789 1877 883 1929 καὶ
916 1876 1204 1948 καιόμενος
1232 1877 1433 1942 ἀθλίως
1464 1877 1559 1933 καὶ
1589 1879 1782 1933 ταλαι-

109 1958 349 2031 πώρως,
382 1961 481 2014 οὐκ
510 1961 825 2015 αἰσθάνεται
856 1963 966 2017 τῶν
1003 1964 1370 2035 ἐμπρησμῶν.
1408 1965 1473 2018 Τί
1504 1965 1566 2018 τδ
1592 1965 1783 2037 ὄφελος

105 2050 213 2117 τῆς
240 2050 498 2121 νηστείας
517 2089 533 2114 ,
565 2051 694 2105 ὅταν
741 2050 803 2104 τὸ
837 2051 937 2122 μὲν
971 2051 1130 2122 σῶμα
1155 2052 1406 2126 κωλύσῃς
1434 2054 1533 2123 τῆς
1571 2071 1786 2125 νενομι-

109 2138 322 2209 σμένης
362 2138 586 2209 τροφῆς,
627 2140 692 2209 τῇ
742 2138 799 2191 δὲ
850 2138 996 2211 ψυχῇ
1037 2140 1319 2214 προσάγῃς
1337 2141 1435 2213 τὴν
1470 2143 1787 2215 παράνομον

105 2227 354 2297 τροφήν;
386 2226 513 2280 ὅταν
542 2226 912 2301 διημερεύσῃς
942 2231 1060 2284 ἐκεῖ
1087 2231 1418 2299 καθήμενος,
1451 2229 1661 2301 βλέπων
1685 2230 1784 2303 τὴν

106 2313 302 2386 κοινὴν
337 2313 500 2383 φύσιν
529 2314 950 2385 ἀσχημονοῦσαν
982 2317 1076 2370 καὶ
1116 2316 1779 2389 παραδειγματιζομένην,

105 2403 383 2467 γυναῖκας
412 2403 854 2475 πορνευομένας,
894 2405 1137 2476 μοιχείας
1177 2405 1636 2476 ὑποκρινομένους
1670 2408 1786 2459 ἐκεῖ

104 2487 236 2551 τοὺς
259 2498 282 2527 ο
314 2488 380 2541 τά
416 2489 653 2560 ἑκάστης
695 2491 871 2555 οἰκίας
915 2493 1059 2546 κακά
1094 2492 1487 2560 συλλέγονταςς
1536 2495 1648 2547 Καὶ
1676 2494 1784 2566 7&9

109 2577 206 2630 καὶ
248 2575 505 2647 πορνείας
542 2579 636 2630 καὶ
678 2578 924 2648 μοιχείας
958 2583 1104 2641 ἔστιν
1138 2582 1296 2646 ἰδεῖν,
1320 2579 1414 2635 και
1442 2577 1785 2650 βλασφημίας

108 2662 378 2726 ἀκοῦσαι,
426 2663 515 2718 ῖνα
544 2665 637 2718 καὶ
675 2664 742 2719 δι’
786 2665 1081 2738 ὀφθαλμῶν
1113 2667 1209 2720 καὶ
1242 2669 1308 2722 δι’
1343 2667 1516 2738 ἀκοῆς
1564 2664 1597 2739 ἠ
1631 2668 1785 2732 νόσος

108 2751 332 2819 ὲπεισίῃ
377 2754 444 2822 τῇ
472 2750 615 2821 ψυχῇ
636 2769 648 2781 ·
682 2750 977 2823 μιμοῦνται
1008 2753 1106 2817 τὰς
1138 2754 1423 2824 ἀλλοτρίας
1465 2754 1782 2825 συμφορὰς,

106 2835 234 2889 ὅθεν
264 2838 448 2900 αὐτοῖς
497 2839 593 2891 καὶ
624 2839 685 2891 τὸ
728 2839 899 2910 ὄνομα
947 2840 1045 2911 τῆς
1077 2840 1338 2911 αἰσχύνης
1385 2840 1676 2896 ἐπίκειται.
1720 2844 1785 2895 Τί

106 2920 207 2977 οῦν
233 2923 298 2977 τδ
337 2924 525 2995 κέρδος
552 2925 653 2995 τῆς
698 2927 982 2996 νηστείας,
1016 2928 1242 2981 τοιαῦτα
1270 2928 1368 2997 τῆς
1399 2929 1575 2999 ψυχῆς
1607 2944 1785 2981 σιτου-

112 3012 321 3083 μένης;
377 3012 554 3076 ποίοις
595 3012 896 3083 ὀφθαλμοῖς
943 3014 1065 3084 ὄψει
1114 3015 1214 3086 τὴν
1259 3019 1493 3084 γυναῖκα
1534 3016 1641 3069 ἀπὸ
1677 3016 1788 3069 τῶν

109 3100 407 3170 θεαμάτων
465 3101 724 3167 ἐκείνων;
773 3102 942 3166 ποίοις
997 3103 1281 3176 δμμασινά
1312 3105 1433 3174 ὄψει
1487 3105 1581 3158 τὸν
1641 3106 1783 3168 υἰδν,

110 3186 295 3250 ποίοις
322 3187 415 3240 τὸν
438 3188 686 3259 οἰκέτην,
733 3189 905 3254 ποίοις
927 3190 1019 3244 τὸν
1052 3192 1235 3260 φίλον;
1292 3193 1525 3264 Ἀνάγκη
1561 3194 1669 3265 γὰρ
1693 3193 1785 3247 λέ‹-

111 3290 284 3342 γοντα
311 3274 382 3328 τά
406 3276 524 3329 ἐκεῖ
562 3278 822 3347 γινόμενα
849 3279 1181 3349 ἀσχημονεῖν
1198 3322 1210 3344 ,
1245 3280 1276 3351 ἢ
1306 3282 1462 3353 σιγᾷν
1501 3281 1595 3335 καὶ
1618 3299 1786 3336 κατα-

109 3360 339 3415 δύεσθαι
372 3362 730 3434 ἐρυθριῶντα.
780 3364 918 3417 Ἀλλ’
954 3367 1055 3418 οὐκ
1085 3367 1333 3421 ἐντεῦθεν
1361 3368 1532 3433 οὔτως
1577 3370 1787 3440 ἀναχω-

112 3450 232 3521 ρεῖς
253 3489 268 3514 ,
299 3449 414 3503 ἀλλ’
444 3446 587 3516 ἐξεις
634 3452 692 3503 ἐν
724 3455 791 3522 τῇ
834 3451 982 3525 οἰκίᾳ
1024 3454 1164 3523 μετά
1199 3455 1400 3525 πολλῆς
1442 3456 1541 3527 τῆς
1572 3459 1788 3528 παρρη-

112 3535 239 3599 σίας
269 3537 448 3590 πάντα
470 3538 538 3592 τά
559 3539 826 3608 λεγόμενα
848 3539 1175 3610 διηγεῖσθαι,
1208 3544 1552 3613 προφητικπ
1579 3544 1788 3613 φωνὰς,

110 3625 455 3679 ἀποστολικά
485 3626 758 3697 δόγματα,
792 3626 994 3698 νόμους
1026 3627 1401 3694 δεσποτικοὺς,
1432 3630 1649 3686 ἀπασαν
1689 3634 1788 3703 τῆς

111 3711 326 3781 ἀρετῆς
349 3713 707 3784 παρατιθέναι
730 3713 828 3789 τὴν
855 3713 1161 3786 τράπεζαν,
1193 3717 1287 3770 καὶ
1320 3720 1549 3785 γυναῖκα
1578 3735 1789 3789 σωφρο-

111 3800 381 3870 νεστέραν
402 3804 574 3865 ποιεῖς
600 3804 711 3865 τοῖς
742 3802 991 3857 ἐντεῦθεν
1012 3803 1364 3875 διηγήμασιν,
1392 3808 1486 3859 καὶ
1517 3806 1631 3858 υἰδν
1660 3823 1787 3860 συν-

112 3887 388 3958 ετώτερον
427 3888 665 3963 ἐργάζῃ,
694 3891 789 3944 καὶ
834 3892 1052 3962 οἰκέτην
1091 3893 1470 3964 εὐνούστερον,
1518 3895 1609 3948 καὶ
1637 3894 1788 3963 φίλον

114 3972 505 4047 φιλικώτερον,
535 3978 631 4031 καὶ
660 3977 753 4032 τὸν
784 3977 976 4050 ἐχθρὸν
994 3979 1052 4033 δέ
1078 3980 1242 4033 αὐτὸν
1265 3979 1470 4045 πείθεις
1490 3967 1790 4037 καταλῦσαι

111 4063 223 4133 τὴν
250 4061 472 4134 ἔχθραν.

194 4149 260 4219 β’.
292 4150 453 4222 Ὁρᾷς
468 4152 542 4217 ὡς
558 4151 731 4207 ταῦτα
761 4153 864 4225 μὲν
880 4154 1155 4225 πανταχοῦ
1185 4159 1425 4229 σωτήρια
1439 4156 1507 4212 τὰ
1520 4156 1786 4230 δόγματα,

114 4239 309 4291 ἐκεῖνα
354 4238 411 4292 δέ
452 4238 700 4313 ἀχρηστα
732 4242 1010 4313 πανταχοῦ
1042 4244 1110 4297 τὰ
1139 4244 1492 4315 ἀκούσματα;
1523 4246 1587 4300 Τί
1612 4247 1790 4300 τοίνυν

114 4323 317 4393 ὄφελος
366 4326 652 4396 νηστείας,
701 4326 823 4380 εἰπέ
869 4344 991 4398 μοι,
1043 4329 1171 4381 ὅταν
1198 4328 1276 4400 τῷ
1306 4329 1517 4402 σώματι
1558 4332 1656 4401 μὲν
1695 4350 1793 4404 νη-

117 4412 359 4483 στεύῃς,
400 4413 489 4466 διά
530 4414 587 4467 δέ
628 4413 738 4467 τῶν
779 4414 1075 4486 ὀφθαλμῶν
1121 4416 1411 4488 μοιχεύῃς;
1443 4419 1655 4489 μοιχεία
1684 4420 1792 4493 γάρ

114 4503 275 4554 ἐστιν
317 4501 378 4554 οὐ
410 4502 697 4573 συμπλοκὴ
743 4502 902 4574 μόνον
921 4544 936 4569 ,
970 4502 1090 4556 ούδέ
1132 4504 1318 4574 ὁμιλία
1349 4507 1628 4575 σώματος,
1656 4508 1792 4562 ἀλλὰ

118 4589 222 4642 καλ⁵
252 4587 374 4656 ὅψις
403 4588 729 4654 ἀκόλαστος·
777 4589 832 4644 τί
861 4591 921 4643 τὺ
967 4589 1157 4660 ὄφελος
1187 4592 1315 4644 ὅταν
1345 4602 1368 4630 ο
1402 4593 1635 4646 ἐνταῦθα
1684 4611 1792 4648 πα-

119 4675 329 4748 ραγίνῃ
368 4677 562 4742 κάκεϊς
609 4677 750 4747 Ἐγὼ
785 4678 1046 4742 παιδεύω,
1079 4679 1285 4741 ἐκεῖνος
1312 4678 1647 4753 διαφθείρει’
1682 4682 1795 4752 ἐγὼ

117 4766 398 4837 φάρμακα
432 4769 622 4837 ἐπάγω
655 4771 720 4840 τῇ
756 4769 898 4841 νόσῳ
918 4811 931 4834 ,
964 4772 1169 4834 ἐκεῖνος
1202 4769 1558 4843 προστίθησιν
1597 4772 1794 4828 ὑπόθε-

119 4870 216 4909 σιν
258 4856 325 4926 τῇ
385 4854 559 4926 νόσῳ·
612 4855 723 4925 ἐγὼ
772 4856 1013 4912 σϐεννύω
1056 4858 1158 4929 τὴν
1186 4858 1361 4928 φλόγα
1399 4859 1499 4931 τῆς
1541 4861 1791 4931 φύσεως,

118 4942 338 5004 ἐκεῖνος
364 4940 591 4996 ἀνάπτει
620 4942 720 5014 τὴν
748 4942 921 5013 φλόγα
946 4945 1045 5015 τῆς
1072 4945 1386 5017 ἐπιθυμίας.
1415 4948 1480 5001 Τί
1496 4948 1555 5002 τὸ
1582 4947 1795 5018 ὄφελος,

118 5028 255 5083 εἰπέ
301 5045 425 5099 μοι;
461 5029 502 5080 Ε
510 5024 564 5095 ῖς
584 5029 919 5098 οἰκοδομῶν
946 5031 1045 5085 καί
1084 5031 1163 5098 εἷς
1208 5032 1534 5101 καθαιρῶν
1567 5036 1626 5088 τί
1651 5035 1798 5105 ὠφέ-

117 5119 341 5186 λησαν
396 5116 587 5171 πλέον
632 5116 671 5186 ἢ
722 5118 988 5184 κόπους;
1048 5116 1138 5193 Μὴ
1190 5119 1367 5173 τοίνυν
1418 5121 1650 5177 ἐνταῦθα
1705 5123 1800 5177 καὶ

120 5205 287 5269 ἐκεῖ,
317 5204 431 5258 ἀλλ’
463 5203 702 5259 ἐνταῦθα
736 5206 894 5278 μόνον
942 5205 1336 5278 διατρίϐωμεν,
1383 5208 1469 5261 ῖνα
1513 5210 1800 5281 χρησίμως

124 5290 397 5360 ἐνταῦθα,
424 5292 511 5347 ἵνα
531 5294 603 5364 μὴ
639 5295 815 5366 μάτην
852 5294 1104 5358 ἐνταῦθα,
1137 5295 1224 5349 ἵνα
1250 5297 1324 5369 μὴ
1359 5297 1499 5369 εἰκῆ,
1543 5298 1676 5369 μηδὲ
1705 5299 1798 5353 ἐπὶ

124 5380 463 5451 κατακρίσει
485 5398 497 5411 ’
527 5376 631 5447 Εἷς
658 5378 986 5451 οἰκοδομῶν
1006 5382 1107 5439 καὶ
1126 5378 1214 5450 εἵς
1231 5382 1557 5453 καθαιρῶν
1583 5386 1641 5438 τί
1654 5384 1801 5455 ὠφέ-

121 5473 341 5539 λησαν
364 5469 553 5525 πλέον
573 5471 610 5539 ἢ
638 5469 787 5544 [519]
813 5472 1075 5540 κόπους;
1108 5471 1300 5528 Καίτοι
1327 5490 1391 5541 γε
1420 5477 1469 5527 εἰ
1496 5475 1589 5528 καὶ
1615 5475 1800 5531 πολλοὶ

197 5584 218 5652 ξ
242 5585 401 5652 Ambo
422 5584 804 5652 Βαϐυλωνιακήν.
824 5587 1041 5652 Utraque
1065 5588 1214 5638 leclio
1239 5590 1462 5652 quadrag.

196 5648 229 5690 b
250 5648 368 5712 Hagc
390 5660 546 5712 usque
566 5649 625 5712 εει
644 5648 1610 5712 χαλεπωτέραεεαυεηε,όέεὶόετσὴεηῐυιτ
1629 5653 1677 5700 in
1701 5653 1804 5703 edi-

127 5713 206 5819 }is
218 5709 432 5819 εἳὲθξέ
454 5707 622 5758 Ollob.
645 5707 704 5758 ἐι
726 5707 924 5759 Barocé.
950 5707 1339 5795 τεεξίιυιιιέυιιι,
1364 5719 1415 5763 el
1434 5714 1494 5763 ab
1525 5715 1802 5777 interprete

154 5785 216 5819 ec
438 5805 450 5817 .
1032 5785 1043 5795 υ

131 5775 534 5897 “efﬁngam;
559 5830 786 5897 ἐκεῖμτοῦς
803 5831 967 5882 deest.
990 5832 1159 5886 Ottob.
1183 5838 1350 5888 autem
1388 5835 1539 5889 habet
1579 5833 1795 5897 ἐκείνους.

198 5893 228 5935 ιι
254 5891 421 5956 ()llob.
440 5893 714 5956 ρφθαλμοῖς.

205 5960 231 5993 ο
253 5955 339 6009 Sic
363 5951 664 6019 amb6581av
682 5957 828 6009 deest
852 5951 906 6008 in
929 5953 1094 6011 editis.

1340 350 1432 408 DE
1471 348 1936 406 ΡΟΕΝΙΤΕΝΤΙΑ.
1969 348 2198 406 HOMIL.
2240 350 2329 403 Vl.

3443 353 3547 409 ἷ-Ιϐ

1886 467 1932 518 οί
1958 462 2367 536 οἰκοδομοῦντες
2388 458 2497 518 εἶεν
2513 504 2529 529 ,
2554 460 2632 527 εἷς
2657 461 2712 515 δὲ
2732 464 2760 515 ὁ
2783 463 3081 535 καθαιρῶν,
3114 467 3239 537 νικᾷ
3264 466 3363 538 τὴν
3382 468 3551 524 πολυ-

1885 550 2096 623 χειρίαν
2120 551 2230 605 τῶν
2252 548 2680 621 οἰκοδομούντων
2706 551 2740 622 ἡ
2774 549 2994 604 εὐκολία
3020 551 3119 622 τῆς
3143 554 3546 625 καταστροφῆς.

1884 639 2109 711 Μεγάλη
2143 638 2313 702 ὅντως
2345 637 2575 710 αἰσχύνη
2605 638 2701 692 καί
2729 636 3019 703 νεάζοντας
3045 641 3141 694 καὶ
3169 640 3548 713 γεγηρακότας

1887 727 1982 779 ἐπὶ
2006 724 2104 795 τὴν
2152 723 2411 794 τοιαύτην
2456 724 2674 797 τρέχειν
2722 725 2975 797 σπουδήν.
3022 726 3161 779 Ἀλλ’
3194 726 3305 781 είθε
3356 727 3550 800 μέχρις

1885 812 2147 883 αίσχύνης
2188 807 2258 884 ἦν
2297 811 2361 866 τὸ
2409 810 2613 865 κακόν·
2650 812 2827 867 καίτοι
2872 829 2935 882 γε
2980 812 3102 866 οὐδὲ
3125 813 3285 867 τοῦτο
3314 815 3552 887 φορητὸν

1886 898 2039 969 ἀνδρὶ
2065 897 2339 970 ἐλευθέρῳ
2360 937 2376 963 ,
2419 897 2534 952 ἀλλ’
2562 899 2763 970 ἐσχάτη
2799 898 2973 971 ζημία
2997 899 3075 971 τῷ
3100 899 3225 954 νοῦν
3253 900 3431 972 ἔχοντι
3455 910 3552 956 και

1886 984 2231 1054 κατάγνωσις
2263 985 2359 1039 καὶ
2406 984 2637 1056 αἰσχύνη
2660 1002 2674 1017 ο
2711 985 2826 1040 ἀλλ’
2862 987 2925 1041 ού
2961 987 3123 1059 μέχρι
3161 988 3262 1058 τῆς
3290 987 3553 1061 αἰσχύνης

1883 1072 1945 1126 τδ
1986 1072 2293 1143 ἐπιτίμιον,
2334 1070 2472 1127 ἀλλά
2516 1072 2610 1126 καὶ
2648 1072 2869 1137 κόλασις
2905 1074 3178 1129 ἐπίκειται
3211 1075 3422 1146 μεγάλη
3453 1079 3552 1130 καὶ

1883 1160 2144 1231 τιμωρία.
2193 1161 2430 1232 ’Δνάγκη
2480 1160 2591 1231 7&9
2635 1161 2762 1225 τοὺς
2787 1161 2905 1214 ἐκεῖ
2938 1160 3280 1232 καθημένους
3308 1162 3553 1234 μοιχείας

1886 1246 2132 1319 ἁμαρτίᾳ.
2178 1247 2387 1312 πάντας
2424 1247 2773 1314 ἁλίσκεσθαι,
2801 1248 2901 1302 ούκ
2938 1248 3124 1320 ἐπειδὴ
3149 1249 3550 1320 συμπλέκονται

1884 1347 2006 1408 ταῖς
2037 1344 2154 1398 ἐκεῖ
2190 1344 2467 1413 γυναιξὶν,
2509 1345 2624 1398 ἀλλ’
2669 1345 2857 1418 ἐπειδὴ
2890 1344 3209 1408 ἀκολάστοις
3265 1345 3552 1417 βλέπουσιν

1887 1440 2056 1504 αύτάς
2098 1440 2417 1511 ὀφθαλμοῖς.
2466 1442 2588 1495 Ὀτι
2620 1442 2730 1513 γάρ
2779 1442 2876 1496 καὶ
2915 1440 3136 1506 τούτους
3182 1443 3394 1514 ἀνάγκη
3436 1460 3554 1515 μοι·

1886 1536 2010 1609 χείᾳ
2042 1536 2392 1601 ἁλίσκεσθαι,
2433 1538 2531 1590 ούκ
2561 1537 2692 1607 ἐμὸν
2724 1538 2853 1608 ὑμῖν
2886 1536 2995 1608 ἐρῶ
3021 1536 3197 1607 λόγον,
3234 1538 3318 1592 ἵνα
3347 1538 3422 1609 μὴ
3451 1556 3555 1593 κα-

1885 1627 2303 1696 ταφρονήσητε,
2345 1623 2483 1678 ἀλλά
2535 1624 2680 1678 θεῖον
2740 1624 2871 1696 ὑμῖν
2921 1622 3307 1697 ἀναγνώσομαι
3357 1628 3552 1698 νόμονο

1890 1709 2124 1766 ἐνταῦθα
2173 1712 2283 1784 7&9
2337 1711 2520 1765 οὐκέτι
2571 1711 2935 1781 καταφρονεῖν
2981 1711 3225 1766 δυνατόν.
3274 1711 3340 1767 Τί
3387 1710 3480 1768 οὖν
3525 1715 3556 1768 ὁ

1889 1788 2031 1864 θεῖοέ
2075 1799 2239 1870 νόμος
2282 1799 2480 1871 φησίνς
2534 1798 2855 1853 Ἠκούσατε
2903 1797 2994 1852 ὅτι
3046 1797 3248 1867 ὲρῤἐθη
3304 1800 3429 1868 τοῖς
3453 1802 3558 1869 ἀρ-

1887 1886 2103 1958 χαίοις,
2138 1888 2220 1942 Οὐ
2239 1887 2587 1956 μοιχεύσεις
2609 1901 2624 1917 ·
2654 1885 2769 1955 ἐγὼ
2789 1885 2857 1939 δὲ
2877 1884 3033 1955 λέγω
3067 1886 3231 1956 ὑμῖν,
3268 1887 3356 1940 ἔτι
3384 1887 3502 1954 πᾶς
3523 1890 3559 1942 ὁ

1889 1973 2194 2043 ἐμϐλέψας
2222 1973 2479 2045 γυναῖκα
2516 1974 2666 2043 πρὸς
2693 1973 2760 2028 τὸ
2788 1974 3157 2045 ἐπιθυμῆσαι
3180 1972 3402 2043 αὐτῆς,
3439 1974 3557 2043 ἤδη

1889 2063 2248 2132 ἐμοίχευσεν
2278 2063 2475 2129 αὐτὴν
2505 2062 2577 2116 ἐν
2612 2061 2690 2131 τῇ
2724 2062 2938 2130 καρδίᾳ
2967 2062 3173 2117 αὐτοῦ.
3202 2059 3354 2127 Εἶδες
3379 2064 3559 2133 ἀλιτηρ⁸

1890 2149 2141 2220 τισμένον
2175 2146 2266 2201 τὸν
2297 2147 2523 2218 μοιχόν;
2572 2143 2711 2211 εἶδες
2744 2146 3184 2218 πεπληρωμένην
3231 2148 3330 2219 τὴν
3380 2148 3561 2219 ἀμαρ-

1889 2234 2045 2302 τίανς
2094 2233 2271 2289 καὶτὸ
2294 2231 2706 2304 χαλεπώτερον,
2735 2233 2827 2286 τὸν
2862 2233 3049 2303 μοιχὸν
3085 2233 3330 2304 μοιχείας
3362 2234 3559 2289 ἁλόντα

1890 2322 1990 2375 οὐκ
2013 2322 2072 2376 ἐν
2102 2321 2459 2393 ἀνθρωπίνῳ,
2505 2321 2624 2374 ἀλλ’
2659 2321 2718 2375 ἐν
2767 2320 2897 2391 θείῳ
2929 2320 3266 2392 δικαστηρίῳ
3297 2320 3400 2391 τῆς
3437 2339 3527 2392 μοι
3547 2349 3559 2361 ο

1891 2408 2043 2481 χείας
2074 2409 2359 2480 γινόμενον
2392 2407 2711 2472 ὑπεύθυνον,
2742 2408 2871 2462 ἔνθα
2894 2407 3139 2462 ἀθάνατα
3162 2408 3230 2461 τά
3252 2407 3360 2462 τῶν
3388 2426 3560 2479 τιμωο

1893 2493 2045 2568 ριῶν.
2078 2494 2206 2561 Πᾶς
2236 2498 2269 2550 ό
2295 2494 2605 2565 ἐμϐλέψας
2635 2495 2891 2565 γυναῖκα
2919 2495 3068 2563 πρὸς
3099 2495 3167 2548 τὸ
3193 2495 3559 2566 ἐπιθυμῆσαι

1892 2577 2102 2652 αὐτῆς,
2130 2581 2252 2651 ἤδη
2294 2583 2655 2652 ἐμοίχευσεν
2685 2581 2883 2650 αὐτὴν
2907 2583 2978 2636 ἐν
3004 2582 3079 2652 τῇ
3111 2582 3322 2653 καρδίῃ
3349 2582 3557 2637 αὑτοῦ.

1893 2670 1967 2723 Ub
1998 2672 2059 2723 τὸ
2099 2671 2344 2741 νόσημα,
2375 2671 2509 2724 ἀλλά
2557 2670 2652 2724 καὶ
2696 2670 2796 2742 τὴν
2840 2668 2996 2740 ῥίζαν
3028 2671 3242 2741 ἀναιρεῖ
3283 2669 3375 2723 τοῦ
3405 2671 3562 2741 voci}-

1895 2774 2098 2828 ματοςο
2133 2757 2258 2829 ῥίζα
2299 2758 2411 2829 7&9
2442 2758 2689 2828 μοιχείας
2724 2756 2989 2828 ἐπιθυμία
3020 2758 3345 2820 ἀκόλαστοςο
3391 2751 3473 2811 διὸ
3497 2758 3560 2811 οὐ

1896 2846 2140 2915 μοιχείαν
2170 2845 2389 2908 κολάζει
2441 2844 2602 2915 μόνον
2622 2885 2637 2911 ,
2666 2843 2802 2897 ἀλλά
2841 2844 2937 2896 καὶ
2976 2843 3302 2913 ἐπιθυμίαν,
3332 2841 3432 2915 τὴν
3462 2842 3527 2911 τί
3534 2860 3564 2905 ς

1896 2933 2142 3002 μοιχείας
2167 2933 2400 3003 μητέρα.
2430 2932 2588 2985 Οὕτω
2613 2932 2710 2985 καὶ
2732 2933 2780 2984 οί
2812 2931 2986 3002 ίατροὶ
3015 2931 3261 2984 ποιοῦσιν
3280 2947 3294 2961 ·
3324 2930 3386 2984 οὐ
3423 2928 3561 3000 πρὸς

1891 3020 1959 3074 τὰ
1983 3021 2266 3089 νοσήματα
2306 3020 2552 3072 ἵστανται
2586 3019 2776 3089 μόνον,
2809 3017 2947 3070 ἀλλά
2975 3017 3232 3089 καὶπρὸς
3258 3016 3360 3081 τὰς
3386 3016 3562 3081 αἰτίας

1892 3107 2062 3171 αὑτάς
2084 3124 2100 3140 ο
2140 3107 2243 3160 κᾶν
2275 3106 2456 3158 ἴδωσιν
2500 3103 2811 3175 ὀφθαλμοὺς
2858 3103 3151 3169 νοσοῦντας
3173 3143 3187 3169 ,
3217 3105 3279 3158 τὸ
3328 3106 3565 3178 πονηρὸν

1896 3195 2073 3268 ῥεῦμα
2119 3193 2325 3248 ἀνωθεν
2375 3193 2483 3246 ἀπὸ
2531 3191 2642 3246 τῶν
2694 3190 2987 3262 κροτάφων
3048 3192 3463 3246 ἀναστέλλουσιν
3496 3194 3516 3232 τ
3545 3210 3561 3228 ·

1893 3282 2034 3335 οὕτω
2065 3281 2158 3335 καὶ
2185 3282 2214 3334 ὁ
2240 3279 2475 3351 Χριστὸς
2516 3280 2677 3333 ποιεῖ.
2721 3277 3028 3357 Ὀφθαλμία
3063 3279 3275 3351 χαλεπὴ
3312 3281 3560 3351 μοιχεία⁹

1893 3368 2003 3421 τῶν
2051 3367 2346 3438 ὀφθαλμῶν
2389 3368 2505 3420 ἐστι
2552 3366 2614 3419 τὸ
2658 3365 2893 3438 νόσημα,
2921 3366 2981 3418 οὐ
3012 3364 3122 3418 τῶν
3145 3366 3238 3419 τοῦ
3268 3367 3562 3437 σώματος,

1894 3456 2028 3509 ἀλλὰ
2068 3456 2333 3525 πρότερον
2370 3453 2477 3507 τῶν
2511 3454 2608 3520 τῆς
2642 3452 2856 3522 ψυχῆςο
2895 3451 2982 3505 διὰ
3015 3450 3173 3505 τοῦτο
3229 3452 3437 3506 ἐκεῖθεν
3470 3455 3566 3508 ἀν-

1896 3541 2100 3596 έστειλε
2141 3542 2204 3595 τὸ
2238 3540 2417 3613 ῥεῦμα
2452 3540 2552 3610 τῆς
2582 3539 2878 3603 ἀκολασίας
2898 3580 2913 3602 ,
2934 3538 3013 3609 τῷ
3046 3537 3196 3609 φόϐῳ
3236 3537 3331 3592 τοῦ
3357 3539 3524 3612 νόμου
3547 3555 3563 3571 ·

1894 3630 1981 3683 διὰ
2008 3629 2165 3683 τοῦτο
2197 3629 2318 3701 οὐχὶ
2360 3629 2606 3700 μοιχείαν
2645 3629 2805 3698 μόνον
2834 3627 3114 3690 ἐκόλασεν,
3148 3626 3286 3682 ἀλλὰ
3319 3628 3412 3682 καὶ
3445 3629 3568 3681 ἐπι-

1896 3717 2097 3788 θυμίαν
2151 3717 2552 3789 ἐτιμωρήσατο.
2589 3714 2734 3782 Ἤδη
2761 3715 3117 3784 ἐμοίχευσεν
3152 3713 3347 3785 αὐτὴν
3392 3715 3462 3769 ἐν
3491 3714 3569 3785 τῇ

1895 3805 2109 3874 καρδίᾳ
2136 3805 2321 3859 αὐτοῦ
2343 3819 2357 3834 °
2408 3803 2506 3874 τῆς
2537 3803 2595 3856 δὲ
2634 3802 2864 3872 καρδίας
2903 3801 3308 3874 διεφθαρμένης
3328 3843 3343 3868 ,
3375 3803 3431 3856 τί
3459 3802 3568 3858 λοι-

1897 3892 1998 3946 πὸν
2030 3891 2221 3959 δφελος
2251 3889 2345 3944 τοῦ
2370 3887 2559 3942 λοιποῦ
2591 3887 2877 3959 σώματος;
2901 3889 3113 3958 Ὠσπερ
3134 3889 3244 3961 7&9
3264 3891 3357 3943 ἐπὶ
3384 3889 3567 3958 φυτῶν

1899 3981 1993 4033 καὶ
2028 3977 2230 4044 ξύλων,
2259 3979 2390 4030 ὅταν
2422 3977 2623 4046 ἴδωμεν
2664 3975 2764 4047 τὴν
2791 3975 3021 4047 καρδίαν
3052 3975 3471 4048 διαϐρωθεῖσαν,
3505 3978 3571 4033 τὸ

1899 4066 2083 4120 λοιπὸν
2105 4062 2583 4134 ἀποδοκιμάζομεν
2609 4063 2778 4135 μέρος
2794 4078 2808 4093 ’
2828 4061 2971 4116 οὕτω
2989 4062 3085 4116 καὶ
3114 4064 3208 4116 ἐπὶ
3234 4062 3329 4116 τοῦ
3356 4063 3568 4137 ἀνθρώο

1900 4172 2003 4210 που
2038 4155 2166 4207 ὅταν
2207 4152 2392 4223 ἐκείνη
2427 4151 2695 4217 ἀπόληται
2715 4190 2731 4215 ,
2762 4150 2884 4221 είκῆ
2912 4150 3099 4206 λοιπὸν
3128 4151 3163 4223 ή
3197 4149 3292 4205 τοῦ
3315 4149 3568 4222 σώματος

1901 4242 2099 4313 ὑγίεια.
2143 4241 2201 4295 '0
2224 4241 2432 4313 ἡνίοχος
2457 4239 2723 4304 ἀπόλωλε,
2754 4238 3074 4311 διέφθαρται
3105 4240 3201 4294 καὶ
3227 4241 3568 4313 καταϐέϐλη-

1898 4345 2016 4393 ται,
2053 4327 2227 4399 μάτην
2264 4327 2548 4400 τρέχουσιν
2573 4329 2621 4381 οἰ
2653 4327 2809 4381 ἵπποι
2834 4326 3019 4380 λοιπόν
3038 4344 3052 4358 ο
3078 4326 3334 4392 ἐπίπονος
3355 4329 3385 4381 ὁ
3406 4329 3571 4399 νόμος

1902 4419 1995 4472 καὶ
2016 4418 2148 4472 πολὺ
2188 4417 2251 4471 τὸ
2266 4416 2521 4489 φορτικὸν
2551 4416 2686 4487 ἔχει,
2709 4416 2899 4487 ὥσπερ
2918 4408 3013 4471 οῦν
3034 4415 3128 4469 καὶ
3154 4415 3326 4486 μέγαν
3346 4415 3571 4487 ἔχειτὸν

1907 4507 2190 4575 στέφανον.
2224 4502 2461 4558 Τοιαῦτα
2488 4504 2599 4574 γὰρ
2643 4502 2713 4557 τὰ
2740 4502 2969 4556 ἐπίπονα
2989 4541 3005 4567 ,
3056 4501 3299 4572 μεγάλας
3330 4502 3443 4572 έχει
3469 4504 3573 4569 τὰς

1905 4593 2158 4664 ἀμοιϐάς.
2184 4594 2256 4646 Σὺ
2277 4589 2334 4645 δὲ
2360 4591 2432 4663 μὴ
2460 4588 2537 4660 τῷ
2567 4590 2715 4661 πόνῳ
2740 4590 2977 4661 πρόσεχε
2994 4629 3009 4653 ,
3046 4588 3183 4643 ἀλλά
3211 4587 3308 4661 τὴν
3338 4589 3572 4663 ἀμοιϐὴν

1907 4680 2076 4735 ἐννόει
2095 4698 2108 4710 ο
2136 4677 2277 4733 οὕτω
2301 4678 2411 4750 γάρ
2433 4679 2526 4732 καὶ
2545 4676 2765 4731 ἐπὶτῶν
2790 4677 3060 4749 βιωτικῶν
3080 4676 3290 4745 γίνεται
3312 4677 3574 4750 πραγμά-

1904 4784 2034 4823 των.
2072 4767 2170 4820 "Av
2203 4766 2302 4837 μὲν
2341 4766 2450 4836 γὰρ
2482 4763 2572 4819 τὸν
2600 4766 2761 4818 πόνον
2801 4765 2918 4836 ίδῃς
2957 4764 3066 4819 τῶν
3097 4763 3572 4838 κατορθωμάτων,

1908 4855 2047 4928 βαρὺ
2070 4854 2165 4909 καὶ
2197 4853 2453 4926 φορτικόν
2472 4870 2486 4885 ·
2514 4850 2581 4907 ἂν
2608 4850 2665 4907 δὲ
2686 4852 2788 4925 τὴν
2808 4852 3043 4925 ἀμοιϐὴν
3079 4852 3219 4926 ίδῃς,
3246 4851 3448 4924 κοῦφον
3477 4854 3574 4909 καὶ

1908 4947 2103 5016 ῥᾷστον
2139 4941 2201 4995 τὸ
2247 4941 2627 5014 προκείμενον.
2682 4939 2839 4995 Οὖτω
2882 4941 2979 4995 καὶ
3020 4940 3363 5014 κυϐερνήτης
3393 4941 3460 4996 ἂν
3501 4942 3573 4996 τά

1905 5031 2127 5104 κύματα
2164 5028 2338 5101 βλέπῃ
2379 5029 2572 5100 μόνον,
2598 5028 2854 5082 οὐδέποτε
2896 5026 3105 5095 ἐξέλκει
3141 5029 3235 5082 τοῦ
3268 5027 3489 5100 λιμένος
3511 5027 3576 5082 τὸ

1909 5120 2148 5188 σκάφος,
2198 5116 2334 5172 ἀλλὰ
2374 5116 2482 5190 πρὸ
2508 5115 2624 5171 τῶν
2678 5115 2938 5186 κυμάτων
2983 5116 3084 5186 τὴν
3117 5113 3265 5187 [520]
3301 5112 3575 5185 ἐμπορίαν

1906 5208 2071 5281 ὁρῶν,
2104 5205 2245 5261 οὕτω
2286 5205 2382 5259 καὶ
2428 5203 2663 5260 ἀπλέτου
2712 5202 3031 5275 κατατολμᾷ
3073 5203 3364 5271 πελάγους.
3414 5200 3575 5254 Οὕτω

1907 5297 2002 5349 καὶ
2028 5292 2368 5366 στρατιώτης
2391 5291 2462 5348 ’ἂν
2482 5292 2550 5345 τά
2569 5291 2859 5364 τραύματα
2876 5290 3068 5363 βλέπῃ,
3096 5288 3191 5342 καὶ⁸
3211 5286 3311 5352 τὰς
3334 5287 3572 5357 σφαγὰς,

1908 5382 2165 5437 οὐδέποτε
2199 5381 2479 5436 ἐνδύσεται
2507 5379 2734 5453 θώρακα
2754 5395 2767 5408 ·
2798 5377 2865 5432 ἂν
2890 5377 2949 5432 δὲ
2978 5377 3084 5448 πρὸ
3111 5374 3221 5429 τῶν
3238 5376 3575 5447 τραυμάτων

1905 5469 1975 5525 τὰ
2006 5471 2243 5541 τρόπαια
2292 5471 2467 5540 σκοπῇ
2513 5468 2608 5521 καὶ
2651 5467 2751 5531 τὰς
2781 5466 2964 5528 νίκας,
3006 5463 3195 5534 ὥσπερ
3220 5463 3302 5527 εἰς
3329 5460 3575 5534 λειμῶνα.

1906 5558 2197 5631 δραμεῖται
2231 5555 2328 5628 τὴν
2376 5553 2703 5628 παράταξιν.
2756 5553 2838 5605 Τά
2859 5551 2968 5622 γὰρ
2999 5548 3160 5621 φύσει
3194 5547 3391 5622 βαρέα,
3428 5548 3577 5605 οὕτω

1908 5644 2090 5716 κοῦφα
2117 5645 2349 5714 γίνεται,
2382 5644 2510 5697 ὅταν
2543 5643 2618 5714 μὴ
2649 5640 2775 5702 τοὺς
2812 5635 3009 5702 πόνους
3039 5637 3405 5709 λογιζώμεθα,
3437 5637 3576 5694 ἀλλά

1908 5733 2128 5796 καὶτὰς
2167 5731 2405 5802 ἀμοιϐάς
2440 5729 2618 5783 αὐτῶν
2651 5724 2962 5798 σκοπῶμεν.
3000 5725 3190 5780 Βούλει
3231 5727 3423 5798 μαθεῖν
3452 5723 3574 5789 πῶς

1911 5820 1982 5876 τὰ
2018 5818 2179 5890 φύσει
2225 5817 2399 5890 βαρέα
2427 5815 2610 5886 κοῦφα
2644 5816 2893 5885 γίνεται;
2945 5814 3177 5871 ἄκουσον
3223 5814 3316 5869 τοῦ
3359 5812 3575 5874 Παύλοῦ

1970 5956 1994 5998 ί
2013 5955 2176 6019 ΔωΒο
2206 5967 2321 6009 mss.
2349 5955 2634 6013 ἀνέστειλεν.
