3862 6232
326 357 430 413 517

326 472 575 540 λέγοντος
596 489 608 502 ·
663 470 732 525 Τὸ
763 470 872 539 γὰρ
900 470 1233 537 παραυτίκα
1260 468 1525 536 ἐλαφρόν
1554 485 1661 534 της
1695 467 1977 534 θλίψεως,

325 559 456 614 καθ’
486 557 830 625 ὑπερϐολὴν
852 560 938 621 είς
960 554 1304 623 ὑπερϐολὴν
1329 555 1567 608 αἰώνων
1586 553 1773 622 ,Βάρος
1801 551 1985 618 δόξης

324 650 473 720 ἡμῖν
516 647 942 718 κατεργάζεται.
991 647 1229 716 Αἴνιγμά
1279 645 1342 699 τὸ
1379 644 1669 716 εἰρημένον
1720 642 1902 695 ἐστίν’
1935 643 1983 694 εἰ
2016 690 2021 695 ,

326 738 588 808 θλίψεωςο,
624 738 742 800 πῶς
780 736 1049 807 ἐλαφρόνς
1091 737 1140 789 εἰ
1190 735 1454 806 ἐλαφρὸν,
1503 733 1620 797 πῶς
1666 732 1896 801 θλίψεως
1920 744 1981 796 ³;

324 825 499 881 ταῦτα
525 826 633 897 γάρ
658 825 893 877 ἐναντία.
938 824 1077 876 Ἀλλ’
1108 824 1264 876 έλυσε
1288 823 1349 876 τὸ
1370 822 1597 889 αἴνιγμα
1628 823 1692 890 τῇ
1723 820 1982 888 ἐπαγωγῇ

326 911 506 978 δείξας
562 911 822 982 ἐλαφρόν·
883 910 1038 976 πῶς;
1095 909 1191 977 Μὴ
1242 908 1636 962 σκοπούντων
1688 903 1860 973 ἡμῶν
1914 905 1987 957 τὰ

322 999 694 1067 βλεπόμενα.
735 997 937 1069 Ἔθηκε
964 998 1055 1050 τὸν
1079 998 1339 1066 στέφανον
1358 1037 1373 1061 ,
1402 998 1494 1051 καὶ
1532 994 1730 1063 κοῦφον
1762 992 1984 1063 ἐποίησε

324 1086 420 1141 τὸν
452 1085 637 1154 ἀγῶνα
657 1105 672 1118 σ
707 1085 874 1149 ἔδειξε
903 1086 963 1139 τὸ
994 1085 1264 1156 βραϐεῖον,
1295 1085 1388 1137 καί
1412 1081 1836 1154 παρεμυθήσατο
1860 1080 1986 1142 τοὺς

330 1174 576 1238 ἱδρῶτας.
615 1172 726 1226 Καὶ
769 1173 834 1224 σὺ
867 1173 1043 1225 τοίνυν
1072 1174 1200 1226 ὅταν
1243 1173 1358 1243 ῐδῃς
1386 1173 1620 1238 γυναῖκα
1668 1168 1985 1239 λάμπουσαν

327 1262 436 1315 ἀπὸ
462 1261 563 1331 τῆς
607 1260 782 1329 ὅψεως
804 1303 819 1327 ,
859 1260 1091 1330 φαιδρὰν
1132 1260 1237 1312 ἀπὸ
1263 1259 1361 1327 τῆς
1400 1256 1611 1326 στολῆς,
1645 1255 1762 1326 ἴδῃς
1794 1254 1986 1307 ἐπιθυ-

330 1349 461 1419 μίαν
507 1347 945 1418 γαργαλίζουσαν
963 1346 1013 1411 δ,
1078 1347 1193 1417 ῑδῃς
1236 1346 1335 1416 τὴν
1387 1344 1566 1415 ψυχὴν
1615 1342 1985 1412 ἐπιθυμοῦσαν

325 1436 429 1505 τῆς
472 1435 735 1505 θεωρίας·
796 1434 1096 1504 ἀνάϐλεψον
1153 1433 1287 1503 πρὸς
1339 1432 1430 1484 τὸν
1476 1432 1587 1486 ἄνω
1620 1448 1702 1483 σοι
1737 1430 1986 1499 κείμενον

330 1522 623 1591 στέφανον,
678 1523 764 1575 ἵνα
807 1521 1170 1592 παραδράμῃς
1215 1520 1312 1590 τὴν
1364 1517 1616 1589 τοιαύτην
1649 1517 1792 1586 ὄψιν.
1831 1513 1986 1577 Εἶδες

329 1608 656 1679 συνδούληνς
696 1609 946 1679 ἐννόησον
975 1608 1064 1660 τὸν
1092 1606 1367 1676 Δεσπότην
1387 1647 1400 1671 ,
1453 1605 1549 1658 καί
1577 1606 1790 1667 πάντως
1819 1620 1987 1657 κατα-

327 1696 559 1759 παύσεις
606 1695 668 1747 16
714 1695 947 1766 νόσημα.
993 1695 1059 1749 Εἰ
1087 1694 1195 1765 γάρ
1247 1693 1430 1747 παιδία
1479 1691 1810 1761 παιδαγωγῷ
1856 1692 1986 1745 ἀκοο

325 1786 618 1841 λουθοῦντα
638 1787 697 1839 οὐ
722 1785 1192 1856 περιστρέφονται,
1217 1785 1277 1837 οὐ
1301 1785 1613 1853 κεχήνασιν,
1634 1782 1732 1835 οὐκ
1758 1782 1987 1852 ἐπτόην-

326 1892 439 1938 ται,
480 1873 658 1944 πολλῷ
708 1873 906 1944 μᾶλλον
949 1873 1011 1925 σὺ
1041 1872 1132 1925 τὸν
1176 1871 1410 1943 Χριστὸν
1440 1870 1505 1924 ἂν
1536 1870 1651 1943 ἴδῃς
1686 1872 1796 1932 τοῖς
1838 1869 1987 1936 λογι-

332 1964 489 2031 σμοῖς
522 1961 788 2031 παρόντα,
809 1960 957 2013 οὐδὲν
986 1959 1149 2030 πείσῃ
1166 1957 1425 2012 τοιοῦτον.
1470 1960 1525 2009 Ὀ
1546 1957 1849 2026 ἐμϐλέψας
1878 1977 1985 2029 γυ-

328 2049 509 2103 ναῖκα
540 2047 691 2117 πρὸς
727 2048 794 2100 τὸ
820 2047 1220 2116 ἐπιθυμῆσαι,
1252 2045 1368 2115 ἤδη
1396 2047 1750 2117 ἐμοίχευσεν
1792 2048 1988 2116 αὐτὴν

327 2136 398 2189 ἐν
425 2136 500 2203 τῇ
532 2136 744 2203 καρδίᾳ
770 2134 979 2189 αὑτοῦ.
1033 2134 1232 2198 Ἡδέως
1264 2136 1358 2188 καὶ
1392 2136 1770 2207 συνεχέστερον
1799 2137 1988 2205 ἀναγι-

325 2220 521 2276 νώσκω
566 2222 663 2275 τοῦ
711 2222 872 2292 νόμου
909 2220 979 2274 τὰ
1027 2220 1361 2291 γράμματα·
1406 2221 1518 2275 είθε
1550 2222 1644 2275 καὶ
1679 2222 1766 2275 διά
1806 2223 1987 2295 πάσης

326 2311 427 2381 τῆς
454 2310 666 2381 ἡμέρας
703 2306 770 2381 ἦν
794 2309 951 2363 τοῦτο
978 2308 1156 2378 λέγειν
1185 2310 1318 2377 πρὸς
1359 2312 1530 2381 ὑμᾶς,
1559 2312 1757 2381 μᾶλλον
1782 2312 1840 2366 δὲ
1862 2315 1987 2384 οὐχ).

327 2397 463 2467 πρὸς
494 2399 669 2467 ὑμᾶς,
716 2397 851 2450 ἀλλὰ
884 2397 1019 2467 πρὸς
1056 2398 1182 2459 τοὺς
1216 2398 1545 2462 ὑπευθύνους
1586 2402 1697 2462 τοῖς
1736 2401 1987 2473 ἁμαρτή-

330 2500 496 2553 μασιν
517 2483 675 2546 ὄντας
693 2499 707 2513 ·
744 2484 941 2553 μᾶλλον
969 2484 1023 2536 δὲ
1058 2484 1153 2536 κα)⁸
1190 2484 1324 2552 πρὸς
1355 2485 1500 2555 ὑμᾶς
1519 2503 1532 2517 ⁸
1562 2487 1656 2540 καὶ
1692 2488 1800 2561 γάρ
1830 2490 1987 2560 ὑμεῖς

326 2569 719 2638 ἀσφαλέστεροι
780 2568 1000 2635 ἔσεσθε,
1046 2570 1098 2621 οἱ
1135 2569 1191 2622 δὲ
1234 2572 1293 2623 ἐν
1319 2574 1383 2641 τῇ
1417 2572 1557 2642 νόσῳ
1590 2573 1740 2638 ὄντες
1777 2576 1987 2646 ταχέως

330 2656 466 2725 πρὸς
500 2657 598 2727 τὴν
630 2656 840 2723 ὑγίειαν
874 2655 1249 2726 ἐπανήξουσιν.
1301 2658 1363 2709 '0
1405 2659 1707 2728 ἐμϐλέψας
1734 2662 1988 2729 γυναῖκα

327 2738 478 2807 πρὸς
513 2736 580 2790 τὸ
617 2736 979 2806 ἐπιθυμῆσαι
1011 2737 1226 2808 αὐτῆς,
1264 2738 1380 2809 ἤδη
1412 2740 1766 2809 ἐμοίχευσεν
1794 2742 1988 2813 αὐτὴν

325 2823 397 2877 ἐν
420 2823 494 2892 τῇ
520 2824 729 2893 καρδίᾳ
754 2826 959 2880 αὐτοῦ.

398 2918 467 2980 γ’.
502 2914 688 2985 Ἀρκεῖ
711 2914 884 2965 πᾶσαν
908 2913 1007 2984 τῆς
1037 2915 1311 2986 ἁμαρτίας
1332 2914 1430 2985 τὴν
1460 2917 1727 2973 σηπεδόνα
1751 2920 1988 2991 καθᾶραι

327 2996 458 3067 ψιλὰ
490 2998 899 3068 ἀναγνωσθέντα
924 3000 994 3052 τὰ
1029 3002 1264 3071 ῥήματα.
1305 3001 1463 3055 Ἀλλά
1495 3003 1799 3072 σύγγνωτε·
1825 3007 1990 3077 τραύ-

333 3102 479 3155 ματα
511 3086 867 3157 καθαίρομεν,
899 3086 990 3140 τὸν
1010 3086 1065 3138 δέ
1090 3087 1378 3159 τραύματα
1400 3090 1748 3161 καθαίροντα,
1776 3092 1987 3165 ἀνάγκη

330 3172 425 3226 καὶ
445 3172 615 3244 πικρά
644 3173 941 3227 ἐπιτιθέναι
970 3177 1266 3246 φάρμακα·
1297 3177 1513 3248 ὅσῳπερ
1539 3177 1605 3231 ἀν
1628 3180 1885 3251 ἐνέγκητε
1920 3183 1990 3235 τὰ

331 3259 582 3329 ῥήματα,
616 3260 866 3314 τοσοῦτον
912 3261 1111 3332 μᾶλλον
1152 3263 1536 3334 ἐκκαθαίρεται
1568 3266 1596 3316 6
1646 3267 1741 3330 ἰός.
1779 3268 1989 3341 Ὠσπερ

330 3344 438 3415 γάρ
463 3346 556 3398 τοῦ
585 3348 755 3417 πυρὸς
780 3350 813 3418 ἡ
854 3349 1043 3418 φύσις,
1077 3350 1295 3421 ὅσῳπερ
1328 3350 1393 3403 ἂν
1421 3353 1675 3405 ἐπιπλέον
1697 3365 1720 3394 ε
1751 3355 1990 3429 ὁμιλήσῃ

329 3434 398 3503 τῇ
425 3431 521 3486 τοῦ
554 3434 756 3506 χρυσοῦ
783 3435 964 3505 φύσει,
1004 3436 1255 3491 τοσοῦτον
1286 3438 1486 3507 μᾶλλον
1515 3440 1730 3513 δαπανᾷ
1759 3443 1850 3495 τὸν
1877 3444 1951 3495 ἰόν
1972 3460 1984 3472 ·

330 3519 473 3574 οὕτω
498 3523 594 3575 καὶ
620 3523 728 3576 τῶν
752 3525 1010 3594 ῥημάτων
1044 3525 1246 3580 τούτων
1281 3529 1309 3580 6
1334 3527 1517 3596 φόϐος,
1542 3529 1757 3601 ὅσῳπερ
1794 3531 1860 3585 ἂν
1905 3533 1963 3586 ἐν
1979 3562 1993 3574 -

328 3607 508 3678 ηχηθῇ
533 3610 600 3678 τῇ
627 3610 869 3680 ὑμετέρᾳ
891 3611 1131 3681 διανοίᾳ,
1156 3612 1394 3683 τοσούτῳ
1427 3614 1623 3683 μᾶλλον
1656 3616 1873 3669 ἃπασαν
1896 3620 1986 3670 ἐκ-

331 3694 584 3766 καθαριεῖ
608 3697 707 3766 τῆς
734 3696 1028 3758 ἀκολασίας
1054 3696 1153 3767 τὴν
1186 3698 1481 3769 ἁμαρτίαν.
1513 3700 1860 3771 Πυριῦσωμεν
1888 3704 1988 3755 αύ-

330 3782 431 3853 τὴν
455 3776 558 3836 ὦδε
593 3783 672 3854 τῷ
702 3784 847 3853 λόγῳ
874 3783 971 3854 τῆς
1001 3783 1379 3850 διδασκαλίας,
1404 3785 1491 3839 ἴνα
1531 3786 1606 3857 μὴ
1632 3787 1990 3856 ἀναγκασθῶ-

335 3885 436 3939 μεν
457 3870 627 3941 αὐτὴν
654 3871 771 3924 ἐκεῖ
798 3871 1046 3943 πυρῶσαι
1071 3870 1150 3942 τῷ
1183 3873 1318 3944 πυρὶ
1342 3872 1443 3943 τῆς
1477 3875 1721 3947 γεέννης.
1760 3875 1870 3946 Τὴν
1893 3878 1990 3947 μὲν

330 3956 439 4029 γὰρ
469 3957 717 4012 ἐντεῦθεν
751 3957 1090 4013 ἀπελθοῦσαν
1127 3959 1372 4030 καθαρὰν
1400 3961 1555 4015 οὐδὲν
1590 3963 1765 4016 ἐκεῖνο
1799 3961 1989 4033 βλάψει

329 4044 391 4097 τὸ
419 4044 529 4117 πῦρ
550 4062 564 4077 ·
598 4046 695 4117 τὴν
725 4045 781 4098 δὲ
819 4046 957 4115 μετά
990 4048 1402 4118 ἁμαρτημάτων
1439 4048 1778 4104 ἀπελθοῦσαν
1805 4052 1987 4105 ἐντεῦ-

330 4132 423 4186 θεν
460 4135 634 4187 ἐκεῖνο
668 4134 876 4199 δέξεται
918 4136 981 4189 τὸ
1031 4135 1162 4205 πῦρ.
1222 4122 1513 4190 Ἐκὰστοὺ
1550 4136 1681 4207 γὰρ,
1718 4140 1883 4210 φησί,
1923 4140 1989 4193 τὸ

329 4219 508 4291 ἔργον
545 4221 757 4276 ὁποῖόν
785 4223 916 4276 ἐστι
958 4223 1025 4277 τὸ
1062 4224 1183 4292 πῦρ
1215 4222 1549 4292 δοκιμάσει.
1598 4226 1990 4299 Δοκιμάσωμεν

330 4304 556 4366 ἑαυτοὺς
571 4304 664 4357 νῦν
680 4304 846 4375 χωρὶς
867 4305 1079 4375 ὀδύνης,
1098 4307 1184 4360 ἴνα
1201 4305 1276 4377 μὴ
1289 4306 1701 4377 δοκιμασθῶμεν
1716 4309 1835 4362 τότε
1854 4310 1991 4380 μετά

329 4388 541 4457 ὀδύνης.
578 4388 729 4461 [521]
753 4389 893 4442 Ὅσα
933 4389 999 4443 ἂν
1030 4390 1213 4462 εἴπῃς,
1245 4391 1438 4461 φησὶν,
1467 4391 1721 4456 ἐπίπονος
1747 4395 1774 4446 6
1805 4394 1986 4464 νόμος.

330 4476 397 4529 Τί
441 4472 566 4543 οὖνς
602 4476 838 4531 ἀδύνατα
879 4479 1010 4548 ἡμῖν
1041 4481 1069 4532 6
1112 4479 1244 4544 Θεὸς
1284 4481 1642 4550 προστάττει;
1688 4480 1762 4533 Οὔ
1807 4499 1948 4553 φημι
1972 4500 1987 4516 ο

329 4563 684 4635 ἐπιστομίζου
700 4563 750 4629 ά,
778 4564 852 4636 μὴ
883 4566 1178 4637 κατηγόρει
1196 4565 1289 4620 τοῦ
1312 4568 1581 4623 Δεσπότου
1597 4584 1611 4599 ⁸
1638 4569 1700 4622 οὺ
1716 4568 1823 4642 γάρ
1845 4572 1990 4626 ἐστιν

332 4648 628 4719 ἀπολογίας
649 4651 847 4721 τρόπος
867 4692 882 4717 ,
922 4651 1057 4705 ἀλλά
1089 4653 1360 4725 ἁμαρτίας
1386 4655 1669 4728 προσθήκη
1712 4658 1812 4729 τῆς
1859 4675 1991 4730 προ-

327 4735 493 4807 τέρας
531 4737 907 4810 χαλεπωτέρα.
962 4739 1085 4793 Ὅτι
1117 4740 1169 4793 δὲ
1213 4743 1325 4804 τοῖς
1368 4741 1577 4806 πολλοῖς
1604 4742 1712 4797 τῶν
1740 4744 1990 4815 ἁμαρτα-

328 4821 531 4876 νόντων
560 4821 678 4888 ἔθος
704 4824 797 4876 ἐπὶ
837 4825 928 4878 τὸν
965 4826 1239 4899 Δεσπότην
1284 4828 1462 4897 ἀφίειν
1488 4840 1512 4869 ε
1538 4829 1606 4884 τὰ
1646 4831 1987 4904 ἐγκλήματα,

329 4909 582 4966 ἄκουσον.
632 4911 943 4983 Προσῆλθεν
984 4916 1192 4980 ἐκεῖνος
1229 4917 1258 4969 6
1306 4915 1375 4970 τά
1416 4918 1576 4971 πέντε
1622 4918 1860 4974 τάλαντα
1901 4938 1989 4974 πιο

331 4997 610 5064 στευθεὶς,
646 4998 741 5052 καὶ
781 5002 1153 5073 προσήνεγκεν
1199 5002 1333 5057 ἀλλα
1382 5003 1542 5058 πέντε
1567 5020 1581 5036 ·
1630 5006 1934 5076 προσῆλθεν
1961 5008 1992 5061 6

328 5089 397 5143 τὰ
425 5089 519 5143 δύο
543 5089 781 5144 τάλαντα
813 5091 1140 5157 πιστευθεὶς,
1174 5092 1267 5145 καὶ
1295 5098 1667 5165 προσήνεγκεν
1695 5094 1830 5149 ἀλλα
1858 5096 1953 5150 δύο
1971 5113 1985 5127 ο

330 5177 632 5249 προσῆλθεν
681 5178 709 5230 6
736 5179 798 5232 τὸ
827 5178 1089 5234 τάλαντον
1121 5178 1457 5245 πιστευθεὶς,
1495 5183 1588 5235 καὶ
1630 5182 1817 5254 ἐπειδὴ
1862 5182 1988 5237 ἀλλο

391 5332 417 5362 ⁸
441 5331 596 5400 Ambo
614 5334 899 5400 116,9011'4114.
919 5333 1045 5400 "Mog
1066 5341 1172 5400 p93!
1210 5334 1408 5400 ἐλαφρόν
1434 5349 1651 5400 sequens
1672 5342 1881 5400 uterque
1906 5352 1986 5389 co-

330 5392 426 5460 de}
452 5394 508 5442 16
530 5402 613 5460 τῆς
633 5392 847 5459 θλίψεως.
870 5399 973 5460 πῶς
990 5395 1072 5445 οὖν
1093 5392 1455 5460 ἐστινέλὰῷρὸν.
1473 5392 1600 5456 πὶῦςς

391 5453 419 5521 ᾗ)
441 5453 594 5504 Ambo
614 5453 731 5521 mss:
749 5458 1118 5521 γαργαλίζουσιν.
1164 5454 1294 5521 Edit_.
1317 5453 1727 5521 γαργαλιζομένην.
1751 5458 1876 5511 Infra
1897 5460 1988 5512 Οἰ-

334 5513 435 5583 ξςῴε
461 5513 825 5583 καταπαύσατάί
849 5513 931 5583 σοι
948 5518 1004 5566 τὸ
1029 5517 1232 5582 νόσημα.
1256 5513 1548 5579 Qu'e'léclio
1572 5513 1982 5583 hon'spernenda.

334 5570 435 5642 [Mli
442 5576 638 5642 .AOltpb.
661 5580 977 5642 παιδαγωγόν.

394 5634 423 5706 ξ
626 5641 784 5706 πλέον.
812 5634 871 5690 Εἰ
887 5634 999 5706 inp;
1022 5641 1171 5697 Idem,
1185 5642 1275 5706 καὶ
1296 5640 1483 5689 ἐπὶτῶν
1509 5642 1617 5706 ῥημ.

396 5690 425 5761 ξ
448 5693 611 5761 ριιοζ).
635 5700 853 5761 εὐφήμει,
876 5703 956 5749 καὶ
976 5690 1295 5761 ἐπιστομίζου,
1321 5714 1416 5750 non
1439 5690 1582 5753 ma'lé:

398 5720 425 5733 ι·
448 5720 611 5745 υιιυυ.
640 5720 853 5761 ευφημει,
876 5720 956 5749 και
976 5720 1140 5751 επιστο
1179 5720 1295 5758 ιςου,
1321 5720 1416 5750 non
1439 5720 1554 5753 ηιειε

398 5757 424 5787 ⁸
445 5755 593 5804 Savil.
635 5759 899 5820 legendum
925 5762 1120 5823 conjicil
1140 5720 1394 5828 ΐναφέοειν.
1426 5763 1554 5813 Enn.

1082 354 1140 410 ὃ.
1178 355 1459 409 JOANNIS
1496 351 1980 407 (ZIIRYSUSTOM!
2016 350 2334 408 ABCIIIEP.
2371 357 2913 414 CONSTANT.NOP.
3677 356 3770 413 513

2096 466 2358 523 τάλαντον
2392 476 2777 543 προσενεγκεῖν
2797 472 2896 526 οὐκ
2914 468 3079 544 εἶχεν,
3098 470 3218 526 ἀντί
3235 471 3511 525 ταλάντου
3540 488 3769 542 κατηγο-

2094 553 2217 625 ρίαν
2259 559 2622 628 προσήνεγκε.
2655 559 2779 621 Πῶς
2820 576 3016 631 φησιν;
3049 560 3279 629 Ἔτνων
3302 574 3383 613 σε
3406 559 3428 597 ί
3458 557 3555 611 ὅτι
3578 562 3772 625 σκλη-

2085 640 2199 707 ρὸς
2249 643 2323 697 εἷ.
2377 644 2443 695 Ὢ
2493 645 2884 715 ἀγνωμοσύνης
2932 644 3173 699 οἰκέτοω
3221 646 3326 697 οὐκ
3386 646 3652 716 ἀρκεῖται
3706 647 3771 716 τῇ

2093 729 2359 801 ἁμαρτίᾳ,
2391 729 2526 783 άλλά
2554 732 2647 785 καὶ
2685 732 3019 804 κατηγορίαν
3044 733 3251 802 εἰσάγει
3274 732 3419 787 κατὰ
3447 731 3548 785 τοῦ
3576 732 3775 784 δεσπό-

2090 833 2183 869 του
2206 831 2218 844 ·
2252 817 2497 884 Θερίζων
2522 818 2674 873 ὅπου
2698 822 2809 874 οὐκ
2838 822 3141 890 ἔσπειρας,
3171 820 3271 874 καί
3302 819 3602 889 συνάγων
3634 820 3775 873 ὅθεν

2088 906 2160 957 οὐ
2198 903 2651 973 διεσκόρπισας.
2694 908 2851 962 Οὕτω
2892 910 2987 963 καὶ
3040 910 3099 962 ἐν
3135 908 3214 980 τῷ
3254 909 3490 979 παρόντι
3519 908 3627 977 βίῳ
3658 908 3774 963 ὅσοι

2097 991 2265 1062 μηδὲν
2292 990 2613 1061 ἐργάζονται
2645 995 2869 1064 ἀγαθὸν,
2903 996 3222 1067 προσθήκην
3262 996 3373 1049 τῶν
3408 995 3603 1049 κακῶν
3640 997 3773 1048 ἐαυ-

2092 1076 2202 1129 τῶν
2236 1078 2513 1134 ποιοῦνται
2540 1079 2639 1151 τὴν
2675 1083 3008 1154 κατηγορίαν
3034 1082 3126 1136 τοῦ
3158 1082 3457 1136 Δεσπότου.

2167 1161 2254 1234 Μὴ
2302 1165 2478 1218 τοίνυν
2524 1167 2818 1239 κατηγόρει
2868 1169 2965 1222 τοῦ
3010 1169 3310 1221 Δεσπότουο
3349 1169 3453 1221 οὑκ
3503 1166 3776 1232 ἐπέταξεν

2096 1249 2354 1307 ἀδύνατα.
2399 1253 2587 1307 Βούλει
2638 1255 2828 1325 μαθεῖν
2874 1256 2957 1309 ὅτι
3006 1256 3106 1310 οὐκ
3155 1254 3417 1320 ἐπέταξεν
3484 1254 3768 1319 ἁδύνατας

2093 1337 2284 1392 Πολλοὶ
2326 1339 2395 1393 τὰ
2432 1342 2826 1411 προστάγματα
2870 1343 3316 1414 ὑπερϐαίνουσιν,
3366 1344 3470 1396 οὐκ
3499 1342 3567 1396 ἂν
3598 1341 3693 1404 δὲ,
3722 1343 3774 1394 εἰ

2095 1423 2328 1478 ἀδύνατα
2368 1421 2467 1497 ῆν,
2494 1428 2840 1500 ὑπερέϐησαν
2864 1429 2923 1494 ἐξ
2950 1430 3153 1493 οἰκείας
3184 1430 3587 1502 προαιρέσεως.
3622 1428 3773 1498 Παρ-

2094 1507 2275 1564 θενίαν
2312 1513 2414 1567 οὐκ
2457 1516 2709 1582 ἐπέταξε,
2760 1518 2855 1571 καὶ
2895 1516 3214 1587 κατορθοῦσι
3248 1516 3470 1570 πολλοί·
3519 1517 3771 1584 ἀκτημο-

2095 1596 2259 1669 σύνην
2307 1600 2406 1654 οὐκ
2443 1602 2709 1669 ἐπέταξε,
2758 1606 2854 1658 καὶ
2892 1604 3075 1657 πολλοὶ
3106 1602 3175 1657 τά
3224 1602 3435 1656 ἐαυτῶν
3483 1602 3767 1674 ῥίπτουσι,

2093 1685 2181 1738 διὰ
2212 1686 2321 1740 τῶν
2353 1688 2529 1759 ἔργων
2566 1691 2969 1764 μαρτυροῦντες
3007 1690 3205 1762 πολλὴν
3238 1689 3493 1743 εὐκολίαν
3519 1691 3641 1751 τοῖς
3668 1689 3768 1756 τῆς

2093 1772 2363 1843 ἐπιταγῆς
2403 1775 2617 1844 νόμοις·
2659 1777 2719 1830 οὐ
2749 1777 2857 1847 γὰρ
2907 1776 2973 1832 ἂν
3014 1776 3360 1847 ὑπερέϐησαν
3390 1773 3568 1836 αὐτὰ,
3613 1772 3768 1842 εἰμὴ

2092 1858 2233 1912 αῦτά
2274 1859 2345 1913 τὰ
2378 1862 2705 1931 ἐπιταγέντα
2746 1864 2945 1918 εὔκολα
2990 1860 3077 1936 ἦν.
3120 1864 3235 1916 Οὐκ
3270 1860 3507 1928 ἐπέταξε
3557 1858 3769 1930 παρθε-

2092 1944 2211 2000 νίαν
2231 1959 2245 1974 ⁸
2283 1948 2312 2000 6
2354 1948 2454 2018 μὲν
2492 1950 2598 2021 γάρ
2632 1951 2891 2016 ἐπιτάξας
2932 1951 3227 2021 παρθενίαν
3256 1948 3363 2002 ὑπὸ
3384 1948 3481 2018 τὴν
3514 1946 3769 2015 ἀνάγκην

2092 2032 2216 2103 ἄγει
2247 2035 2341 2088 τοῦ
2369 2036 2533 2108 νόμου
2556 2038 2758 2092 καὶτὸν
2791 2038 2865 2109 μὴ
2895 2038 3214 2108 βουλόμενον
3233 2054 3248 2068 ·
3274 2039 3303 2090 6
3329 2036 3387 2088 δὲ
3416 2034 3769 2105 παραινέσας

2092 2120 2280 2193 κύριον
2316 2125 2509 2194 ἀφίησι
2553 2126 2649 2197 τῆς
2692 2126 2953 2196 αἱρέσεως
2994 2126 3084 2179 τὸν
3131 2124 3431 2195 ἀκροατήν.
3463 2122 3570 2174 Διὰ
3606 2120 3771 2174 τοῦτο

2093 2209 2186 2260 καὶ
2224 2210 2253 2261 6
2283 2210 2495 2275 Παῦλός
2538 2228 2692 2283 φησι,
2715 2212 2853 2280 Περὶ
2881 2211 2948 2265 δὲ
2972 2210 3089 2265 τῶν
3124 2210 3435 2279 παρθένων
3464 2206 3770 2277 ἐπιταγὴν

2092 2296 2314 2363 Κυρίου
2356 2300 2466 2351 οὐκ
2500 2299 2647 2368 ἔχω,
2677 2299 2918 2368 γνώμην
2951 2297 3019 2350 δὲ
3049 2296 3274 2366 δίδωμι.
3321 2296 3486 2366 Ὁρᾷς
3513 2294 3619 2347 οὐκ
3647 2294 3766 2345 ἐπι·

2094 2382 2285 2453 ταγὴν,
2302 2383 2435 2437 ἀλλά
2468 2386 2809 2456 συμϐουλήν;
2838 2387 2967 2456 ὁρᾷς
2989 2384 3047 2438 οὐ
3070 2384 3419 2455 πρόσταγμα,
3446 2381 3591 2435 ἀλλά
3626 2398 3764 2449 παρ-

2092 2468 2330 2536 αίνεσιν;
2390 2471 2529 2525 Πολὺ
2578 2473 2635 2525 δέ
2706 2473 2779 2543 τὸ⁶
2831 2473 3024 2542 μέσονο
3085 2470 3145 2525 τὸ
3203 2471 3303 2541 μὲν
3350 2470 3462 2541 γάρ
3511 2468 3763 2537 ἀνάγκης

2094 2556 2261 2621 ἐστὶν,
2289 2558 2350 2610 τὸ
2378 2557 2435 2610 δὲ
2461 2559 2846 2631 προαιρέσεως.
2879 2560 2991 2614 Οὐκ
3015 2559 3311 2621 ἐπιτάσσω,
3338 2556 3532 2627 φησὶν,
3576 2556 3668 2608 ῐνα
3693 2554 3758 2624 μῆ

2096 2640 2318 2713 βαρήσω
2342 2659 2355 2675 ⁸
2416 2646 2666 2717 παραινῶ
2715 2647 2807 2699 καὶ
2850 2645 3199 2715 συμϐουλεύω
3220 2646 3276 2709 ⁸,
3342 2644 3431 2697 ἵνα
3474 2643 3756 2709 ἐναγάγω.

2094 2726 2249 2781 Οὕτω
2273 2729 2366 2782 καὶ
2391 2732 2418 2783 6
2440 2732 2671 2801 Χριστός
2696 2748 2710 2762 ’
2738 2732 2838 2785 οὐκ
2860 2728 3002 2797 εἷπε,
3034 2732 3242 2796 Πάντες
3270 2731 3329 2784 δὲ
3350 2728 3756 2800 παρθενεύετε·

2093 2815 2143 2866 εἰ
2195 2815 2293 2884 μὲν
2353 2815 2463 2887 γὰρ
2510 2816 2742 2883 ἐπέταξε
2793 2819 3141 2888 παρθενεύειν
3171 2821 3419 2880 ἅπαντας
3465 2817 3566 2869 καὶ
3600 2817 3760 2884 νόμον

2093 2900 2312 2973 ἐποίησε
2355 2905 2416 2957 τὸ
2454 2906 2809 2979 πρόσταγμα,
2849 2907 2975 2961 οὔτε
3031 2907 3384 2978 κατορθώσας
3436 2907 3507 2961 ἂν
3561 2906 3762 2975 πολλῆς

2094 2990 2369 3046 ἀπέλαυσε
2397 2995 2562 3065 τιμῆς
2597 2998 2728 3067 ὅσης
2761 2996 2885 3062 νῦν,
2912 2998 3004 3051 καὶ
3026 2999 3054 3050 ὀ
3087 2996 3441 3068 παρακούσας
3470 2995 3578 3065 τὴν
3600 2994 3761 3064 ἐσχά-

2092 3099 2192 3149 την
2217 3084 2280 3137 ἂν
2314 3085 2478 3139 ἔδωκε
2516 3087 2690 3159 δίκην.
2728 3084 2879 3153 Εἶδες
2907 3090 3024 3152 πῶς
3051 3089 3207 3160 ἡμῶν
3246 3091 3277 3142 6
3303 3086 3610 3157 νομοθέτης
3648 3085 3761 3154 φεί-

2093 3170 2273 3238 δεται;
2315 3173 2433 3237 πῶς
2476 3175 2696 3245 κήδεται
2739 3177 2839 3247 τῆς
2871 3177 3139 3251 ἡμετέρας
3177 3175 3482 3246 corruptae;
3523 3175 3620 3241 Μὴ
3658 3175 3761 3243 γὰρ

2094 3260 2194 3312 ούκ
2227 3260 2446 3315 ἐδύνατο
2491 3263 2582 3316 καὶ
2620 3262 2777 3316 τοῦτο
2819 3263 3099 3333 ἐπίταγμα
3132 3261 3392 3332 ποιῆσαι,
3433 3261 3534 3315 καὶ
3587 3262 3762 3314 εἰπεῖν

2094 3347 2173 3399 ὅτι
2204 3344 2270 3402 Ol
2305 3348 2403 3419 μὲν
2448 3350 2868 3422 παρθενεύοντες
2906 3350 3286 3421 τιμάσθωσαν,
3316 3351 3369 3403 οἰ
3411 3348 3472 3403 δὲ
3504 3348 3585 3419 μὴ
3623 3365 3765 3421 παρ·

2096 3434 2404 3500 θενεύοντες
2452 3437 2890 3505 κολαζέσθωσανς
2956 3438 3094 3491 Ἀλλ’
3151 3437 3340 3507 ἐϐάρει
3396 3437 3499 3507 τὴν
3563 3437 3763 3504 φύσιν

2096 3522 2332 3590 φείδεται
2373 3524 2471 3595 τῆς
2508 3523 2722 3593 φύσεως
2754 3525 2854 3595 τῆς
2887 3524 3178 3595 ἡμετέρας.
3239 3524 3479 3593 ’Δφῆκεν
3525 3522 3642 3589 ἔξω
3657 3522 3764 3575 τῶν

2098 3609 2343 3675 σταδίων,
2368 3612 2576 3682 ἀφῆκεν
2598 3611 2855 3682 ἀνωτέρω
2893 3610 3001 3665 τῶν
3035 3609 3261 3679 ἀγώνων
3279 3610 3379 3682 τὴν
3421 3609 3760 3680 παρθενίαν,

2096 3696 2183 3750 ἵνα
2234 3699 2329 3751 καὶ
2376 3699 2425 3751 οί
2475 3698 2866 3770 κατορθοῦντες
2925 3697 3022 3768 τὴν
3072 3697 3278 3751 οἰκείαν
3346 3697 3764 3767 μεγαλοψυχίαν

2095 3783 2494 3849 ἐπιδείξωνται,
2551 3786 2645 3838 καὶ
2692 3786 2743 3837 οἰ
2794 3785 2868 3856 μὴ
2920 3783 3311 3856 κατορθοῦντες
3358 3787 3462 3854 τῆς
3514 3783 3766 3852 συγγνὼ-

2099 3882 2203 3939 μης
2250 3870 2595 3924 ἀπολαύσωσι
2641 3870 2736 3925 τοῦ
2786 3872 3077 3925 Δεσπότον.
3127 3869 3282 3924 οὕτω
3331 3870 3429 3923 καὶ
3486 3870 3622 3942 περί¹
3670 3870 3763 3940 τῆς

2094 3956 2478 4028 ἀκτημοσύνης
2502 3958 2601 4011 οὐκ
2626 3958 2846 4028 ἐποίησε
2870 3958 2930 4011 τὸ
2958 3960 3190 4029 πρᾶγμα
3222 3956 3529 4028 ἐπίταγμα,
3558 3958 3635 4010 Οὐ
3658 3959 3764 4027 γὰρ

2100 4042 2286 4107 ἁπλῶς
2312 4039 2432 4097 εἷπε
2453 4083 2467 4108 ,
2500 4045 2803 4113 Πώλησόν
2835 4061 2951 4099 σου
2984 4045 3056 4099 τὰ
3099 4044 3483 4113 ὑπάρχοντα,
3514 4043 3633 4097 ἀλλ’
3652 4085 3667 4109 ,
3699 4046 3765 4097 El

2095 4128 2287 4197 θέλεις
2313 4131 2539 4197 τέλειος
2566 4129 2737 4195 εἷναι,
2762 4132 2972 4202 ὕπαγε,
3003 4132 3295 4201 πώλησόν
3323 4148 3446 4187 σου
3479 4131 3555 4185 τὰ
3577 4132 3762 4199 ὑπάρ-

2094 4234 2298 4286 χοντα.
2358 4219 2445 4271 Ἐν
2493 4222 2559 4291 τῇ
2605 4218 2766 4293 βουλῇ
2816 4220 3016 4274 κείσθω
3051 4222 3117 4290 τῇ
3164 4222 3268 4289 σῇ,
3300 4219 3498 4290 κύριος
3540 4219 3633 4273 ἔσο
3667 4220 3761 4289 τῆς

2094 4304 2317 4375 γνώμης
2336 4320 2349 4333 ·
2380 4304 2480 4358 οὐκ
2505 4305 2817 4373 ἀναγκάζω,
2840 4307 2959 4360 οὺδέ
2979 4305 3151 4377 βαρῶ,
3173 4304 3310 4358 ἀλλά
3333 4306 3762 4376 κατορθώσαντι⁵

2100 4392 2197 4461 μὲν
2245 4392 2528 4463 στεφανῶ,
2580 4393 2654 4464 μὴ
2690 4393 3108 4464 κατορθώσαντα
3128 4391 3282 4464 [322]
3318 4392 3378 4445 δέ
3419 4394 3483 4446 οὐ
3526 4393 3757 4456 κολάζω.

2098 4481 2140 4531 Τ
2144 4479 2177 4533 ἀ
2218 4480 2317 4548 μὲν
2348 4480 2456 4552 γάρ
2491 4480 2551 4545 ἐξ
2580 4483 2842 4553 ἐπιταγῆς
2881 4482 3137 4553 γινόμενα
3180 4482 3275 4535 καὶ
3304 4481 3364 4547 ἐξ
3402 4481 3655 4551 δφειλῆς,
3699 4482 3754 4534 οὗ

2096 4567 2347 4620 τοσοῦτον
2395 4567 2507 4637 ἔχει
2547 4568 2766 4639 μισθόν·
2806 4564 2883 4622 τὰ
2907 4568 2963 4622 δὲ
2987 4569 3051 4620 ἐκ
3078 4567 3455 4639 προαιρέσεως
3482 4570 3581 4621 καί⁵
3604 4569 3663 4635 ἐξ
3685 4569 3757 4618 οἰ-

2095 4656 2250 4719 κείας
2291 4655 2599 4726 φιλοτιμίας
2646 4656 2931 4727 λαμπροὺς
2968 4655 3082 4725 ἔχει
3120 4654 3245 4718 τοὺς
3292 4656 3619 4722 στεφάνους.
3658 4656 3758 4708 Καὶ

2095 4743 2299 4799 τούτων
2334 4743 2548 4797 Παῦλον
2586 4744 2820 4816 παράγω
2864 4742 3143 4814 μάρτυρα·
3200 4740 3340 4795 Ἐὰν
3378 4740 3757 4812 εὐαγγελίζω-

2088 4849 2216 4903 μαι,
2252 4834 2446 4903 φησὶν,
2472 4834 2583 4886 οὐκ
2608 4832 2739 4885 ἐστι
2765 4848 2866 4901 μοι
2905 4831 3202 4900 καύχημα.
3234 4828 3339 4883 Διά
3367 4829 3462 4898 τίς
3506 4829 3753 4898 Ἀνάγκη

2094 4920 2205 4990 γάρ
2229 4938 2329 4990 μοι
2349 4920 2653 4974 ἐπίκειται.
2678 4918 2825 4987 Οὐαί
2850 4918 2917 4972 δέ
2930 4919 3036 4987 μοί
3056 4920 3245 4980 ἐστιν,
3266 4916 3379 4970 ἐὰν
3401 4916 3496 4987 μὴ
3523 4919 3753 4987 warra-

2093 5007 2355 5075 λίζωμαι.
2392 5006 2586 5078 Ὁρᾷς,
2629 5007 2689 5058 ἐν
2732 5008 2845 5068 τοῖς
2873 5004 3059 5077 νόμοις
3081 5004 3111 5056 6
3136 5002 3237 5074 μὲν
3268 5002 3635 5073 κατορθώσας
3662 5004 3753 5059 οὐκ

2094 5093 2206 5165 ἔχει
2233 5094 2400 5147 πολὺν
2440 5093 2657 5164 μισθόν·
2704 5092 2916 5162 ἀνάγκη
2951 5091 3058 5161 γάρ
3082 5091 3263 5143 ἐστιν·
3298 5090 3327 5141 ὁ
3367 5089 3428 5143 δὲ
3463 5089 3543 5161 μὴ
3568 5105 3751 5161 κατορ-

2094 5179 2269 5242 θώσας
2295 5180 2592 5243 ὑπεύθυνός
2616 5182 2732 5232 ἐστι
2758 5180 2825 5249 τῇ
2852 5177 3068 5232 κολάσει
3096 5175 3191 5229 καί
3220 5177 3287 5246 τῇ
3310 5177 3581 5249 τιμωρίᾳ.
3616 5176 3749 5231 Οὐαὶ

2092 5269 2201 5340 γάρ
2220 5286 2323 5338 μοι
2342 5308 2357 5329 ,
2385 5267 2547 5338 φησὶν
2568 5307 2583 5332 ,
2608 5266 2718 5320 ἐὰν
2748 5266 2833 5335 μὴ
2875 5260 3352 5335 εὐαγγελίζωμαι.
3400 5264 3531 5317 Ἐπὶ
3564 5263 3622 5318 δὲ
3648 5264 3747 5316 τῶν

2093 5357 2266 5414 ἀλλων
2298 5358 2396 5427 οὐχ
2426 5355 2622 5421 οὕτως,
2662 5354 2757 5409 ἐπὶ¹
2788 5353 2896 5406 τῶν
2940 5355 3002 5405 ἐκ
3041 5350 3435 5422 προαιρέσεως,
3475 5351 3617 5406 ἀλλά
3671 5351 3744 5418 τίς

2099 5447 2187 5511 Τίς
2219 5440 2333 5501 οὖν
2360 5444 2466 5514 μοί
2504 5443 2674 5497 ἐστιν
2710 5444 2743 5496 ό
2777 5441 3029 5511 μισθός;
3062 5440 3193 5495 Ἵνα
3226 5438 3749 5510 εὐαγγελιζόμενος

2091 5532 2403 5586 ἀδάπανον
2428 5533 2592 5596 θήσω
2621 5530 2688 5583 τὸ
2710 5526 3075 5597 Εὑαττέλιον
3101 5526 3210 5582 τοῦ
3240 5526 3416 5594 Θεοῦ,
3439 5529 3531 5595 εἰς
3567 5526 3634 5581 τὸ
3664 5522 3741 5596 μὴ

2158 5702 2177 5740 ί
2206 5699 2370 5761 Ollob.
2397 5706 2451 5750 et
2475 5699 2677 5761 Barocc._
2710 5697 2871 5761 ᾝδειν
2896 5714 2952 5761 σε
2974 5696 3066 5747 δτι.

2158 5765 2184 5803 σ
2209 5760 2375 5814 Οῐίοι).
2399 5761 2615 5825 παραινῶ
2638 5759 2690 5808 δὲ
2709 5759 2791 5808 καὶ
2815 5759 2955 5809 auus.
