3862 6232
293 259 401 314 317

1432 259 1519 313 DE
1556 259 2018 321 PtENlTENTIA.
2061 267 2285 326 HOMIL.
2336 271 2420 328 Vl.

291 380 464 444 ipsum
492 380 893 427 momentariam:
918 380 967 425 et
988 371 1097 426 lere
1120 370 1455 426 tribulationis
1484 385 1670 429 nostra:
1692 425 1695 428 .
1716 392 1872 445 supra

291 469 501 522 modum
525 469 578 520 in
603 464 926 529 sublimitate,
948 475 1190 518 uernum
1218 466 1398 535 gloriw
1422 467 1618 531 pondus
1638 479 1874 537 operatur

3450 290 3552 347 518

1984 394 2089 436 non
2114 392 2394 442 contentus
2424 396 2639 456 peccato
2663 389 2822 447 etiam
2849 402 3033 450 contra
3061 394 3335 455 dominum
3372 406 3554 459 statuit

1980 479 2369 534 accusationem
2399 499 2413 535 :
2442 481 2639 538 Metens
2677 486 2765 540 ubi
2806 503 2907 541 non
2952 490 3243 560 seminasti,
3283 503 3329 547 et
3374 494 3553 550 tollens

285 566 346 616 in
368 563 506 616 nobis
529 558 606 630 (2.
632 560 755 617 Cor.
780 560 833 613 4.
868 560 974 629 17).
1007 557 1253 628 Enigma
1280 567 1363 612 est
1387 559 1531 628 quod
1556 559 1749 652 dicitur
1772 578 1797 652 7:
1828 576 1873 616 sn
1977 567 2112 634 quod
2135 584 2234 622 non
2264 570 2539 638 dispersisti
2562 572 2712 644 (Luc.
2736 577 2824 632 19.
2844 575 2957 649 21).
3000 577 3089 634 Sic
3123 588 3181 636 et
3220 557 3274 636 in
3304 586 3551 652 presenti

291 652 665 716 tribulationis,
696 651 963 720 quomodo
993 652 1109 704 leve
1134 651 1221 705 isi
1254 650 1385 715 leve,
1417 650 1862 720 quomodotribu-

288 744 548 799 lationis?
588 746 703 798 lucc
740 743 881 798 enim
909 749 1224 811 repugnant.
1286 740 1392 795 Sed
1422 740 1580 796 solvit
1618 741 1867 812 tenigma,

1978 655 2083 711 vita
2128 669 2386 730 quotquot
2431 663 2561 718 nihil
2607 677 2895 735 cperantur
2937 669 3083 733 beni,
3131 671 3547 729 additamentum

1975 747 2231 803 tnalorum
2282 765 2500 806 suorum
2555 752 2755 811 faciunt
2783 798 2799 824 ,
2848 760 3241 817 accusationem
3290 763 3549 822 adversus

283 853 409 893 cum
449 852 541 905 per
575 834 897 889 additionem
937 832 1171 886 ostendit
1201 832 1786 898 levitatem.Quomodo
1811 832 1868 887 ‘i
1972 836 2277 897 Dominum.

285 929 413 982 Non
437 931 542 982 lucc
571 943 683 998 qua:
715 928 944 983 uidentur
964 927 1106 980 nobis
1129 927 1393 981 dumtth
1412 927 1863 981 considerantibus.

283 1023 549 1076 Coronam
601 1019 913 1088 proposuit.
965 1033 1029 1072 ac
1085 1029 1354 1073 certamen
1413 1018 1529 1072 leve
1571 1017 1801 1072 reddidit
1846 1035 1859 1072 :

278 1112 520 1167 ostendit
542 1112 802 1175 bravium,
820 1119 874 1164 et
894 1108 1241 1163 desudantem
1267 1109 1467 1164 solatus
1486 1118 1586 1163 est.
1606 1108 1684 1162 Tu
1709 1122 1858 1178 ergo,

275 1219 406 1259 cum
434 1204 707 1257 mulierem
737 1200 932 1256 videris
958 1199 1265 1265 formosam,
1301 1199 1448 1253 vultu
1468 1200 1856 1267 splendentem,

2039 927 2181 984 Deus
2209 933 2408 987 nonnisi
2442 936 2701 1006 possibilia
2724 940 2951 994 mandat.
2973 971 3045 982 —
3068 941 3412 1014 Nequaquam
3447 947 3546 1018 igi-

1967 1026 2056 1073 tur
2093 1019 2377 1078 Dominum
2428 1025 2637 1082 incuses
2673 1044 2687 1082 :
2724 1028 2864 1084 haud
2912 1031 3127 1087 mandat
3176 1034 3540 1103 impossibilia.

1971 1108 2061 1163 Vis
2093 1110 2303 1168 discere
2329 1114 2504 1185 ipsum
2540 1132 2648 1172 non
2677 1120 2931 1176 mandare
2970 1123 3359 1192 impossibilia?
3393 1127 3540 1183 Multi

1963 1209 2017 1255 et
2042 1201 2154 1272 ipsa
2180 1216 2432 1274 superant
2454 1210 2737 1278 mandata;
2768 1221 2824 1267 at
2847 1214 2891 1268 si
2918 1200 3264 1284 impossibilia
3290 1219 3536 1282 fuissent.

275 1305 527 1348 ornatam
573 1292 731 1357 stola,
762 1307 883 1346 cum
917 1290 1114 1345 videris
1142 1289 1411 1344 libidinem
1457 1289 1775 1354 titillant'em,
1806 1298 1859 1344 et
1962 1309 2067 1348 non
2111 1311 2208 1352 sua
2248 1307 2440 1369 sponte
2476 1313 2837 1371 superassent.
2866 1305 3233 1376 Virginitatem
3275 1324 3536 1381 nusquam

273 1394 498 1454 aspectu
541 1384 1005 1452 concupiscentem
1054 1380 1289 1435 animam
1336 1396 1350 1432 :
1391 1379 1596 1450 respice
1627 1380 1858 1450 desuper
1961 1387 2197 1456 mandat,
2230 1399 2286 1444 et
2309 1391 2451 1445 illam
2479 1393 2630 1449 multi
2658 1406 2872 1452 servant
2904 1416 2918 1453 :
2952 1399 3004 1452 in
3034 1398 3189 1455 bonis
3212 1400 3340 1455 nihil
3367 1379 3537 1472 possi-

270 1486 506 1529 stantem
542 1489 814 1537 coronam,
848 1486 954 1542 quo
982 1473 1083 1526 tale
1135 1471 1493 1540 Spectaculum
1542 1481 1852 1540 praetereas.

1956 1475 2085 1532 dere
2111 1494 2370 1549 nusquam
2397 1484 2647 1552 mandat,
2674 1496 2732 1541 et
2752 1501 2782 1540 a
2811 1501 2871 1542 se
2893 1490 3159 1559 propriam
3188 1491 3532 1548 substantiam

279 1569 466 1623 Vidisti
490 1567 825 1621 conservam?
845 1566 1123 1618 Dominum
1135 1563 1434 1630 considera,
1454 1572 1612 1632 atque
1635 1562 1854 1618 omnino
1958 1567 2109 1620 multi
2134 1568 2406 1639 abjiciunt,
2435 1573 2565 1642 ipsis
2590 1576 2839 1646 cperibus
2862 1578 3143 1635 reddentes
3172 1581 3530 1638 testimonium

282 1661 528 1713 morbum
558 1657 792 1713 curabis.
835 1654 892 1710 Si
940 1655 1078 1710 enim
1111 1655 1200 1724 qui
1242 1654 1487 1725 discipuli
1513 1654 1851 1724 pmdagogum

266 1759 586 1819 sequuntur,
612 1762 717 1802 non
743 1756 1137 1816 vagantur,non
1163 1746 1271 1799 otio
1291 1754 1523 1814 torpent,
1551 1762 1657 1799 non
1674 1745 1850 1800 studio

267 1841 571 1894 desistunt:
604 1839 769 1892 multo
822 1839 989 1907 magis
1019 1846 1095 1901 tu,
1136 1836 1182 1891 si
1212 1835 1485 1891 Christum
1530 1836 1677 1905 quasi
1708 1851 1847 1906 prte-

270 1941 483 1986 sentem
505 1930 916 2000 cogitationibus
941 1929 1214 1994 intuearis,
1239 1929 1369 2001 nihil
1393 1927 1584 1982 horum
1609 1929 1844 1998 patieris.

277 2024 380 2088 Qui
396 2024 653 2077 mulierem
676 2022 850 2075 uiderit
875 2021 944 2074 ad
958 2020 1411 2091 concupiscendum
1435 2037 1567 2085 eaut,
1588 2020 1703 2090 jam
1726 2035 1848 2073 mas-

262 2117 447 2170 chatus
474 2126 545 2170 est
574 2131 682 2168 eam
705 2115 757 2167 in
781 2114 931 2168 corde
954 2130 1045 2167 suo
1065 2113 1275 2186 (Matth.
1294 2115 1349 2168 5.
1373 2113 1489 2182 28).
1513 2112 1753 2169 iucunde
1780 2127 1846 2170 ac

269 2209 468 2276 saepius
494 2206 626 2276 legis
659 2207 853 2275 scripta
892 2206 1048 2275 lego:
1081 2205 1280 2260 utinam
1310 2215 1365 2261 et
1392 2220 1488 2276 per
1513 2216 1678 2261 totum
1698 2206 1842 2262 diem

261 2300 333 2354 ad
360 2314 453 2352 vos
481 2297 670 2352 eadem
710 2297 868 2353 verba
896 2295 1075 2351 facere
1098 2311 1342 2366 possem:
1373 2297 1481 2352 imo
1505 2311 1611 2351 non
1636 2297 1704 2352 ad
1724 2312 1839 2362 vos,

260 2391 360 2445 sed
412 2389 481 2444 ad
508 2404 601 2444 eos
624 2389 715 2459 qui
763 2390 995 2459 peccatis
1042 2397 1170 2443 sunt
1198 2388 1415 2443 obnoxii
1443 2406 1458 2454 ;
1490 2390 1598 2444 imo
1650 2390 1718 2444 ad
1745 2404 1841 2446 vos

260 2495 511 2550 quoque:
538 2495 657 2534 nam
679 2494 777 2534 vos
799 2480 1061 2533 lirmiores
1088 2481 1298 2546 essetis,
1331 2489 1387 2534 et
1413 2480 1501 2550 qui
1530 2481 1721 2534 morbo
1762 2481 1843 2535 la-

260 2573 476 2639 borant,
506 2571 573 2626 ad
601 2576 882 2626 sanitatem
910 2571 1070 2626 citius
1108 2572 1364 2626 redirent.
1398 2572 1498 2639 Qui
1516 2560 1699 2626 iriderit
1723 2588 1839 2625 mu-

261 2664 435 2718 lierem
460 2664 527 2716 ad
544 2664 993 2733 concupiscendum
1012 2679 1143 2728 eant,
1180 2663 1297 2733 jam
1334 2665 1609 2719 manuatus
1631 2672 1704 2718 est
1729 2679 1839 2718 eain

259 2758 313 2811 in
332 2757 485 2811 corde
509 2773 620 2810 suo.

333 2850 389 2902 5.
431 2848 712 2903 Sufﬁciunt
743 2847 810 2902 ad
845 2864 1055 2902 omnem
1086 2847 1286 2918 peccati
1315 2848 1560 2904 morbum
1602 2865 1836 2920 purgan-

260 2942 387 2996 dum
419 2940 557 2994 nuda
583 2940 696 2993 haec
716 2941 872 2994 verba
902 2941 1143 2994 recitata.
1170 2939 1273 2994 Sed
1300 2941 1556 3009 ignoscite
1582 2957 1598 2994 :
1621 2942 1837 2996 vulnera

264 3049 571 3105 purgamus,
601 3034 819 3088 vulnera
850 3046 972 3088 vero
999 3041 1306 3102 purgantem
1337 3048 1556 3088 necesse
1584 3042 1667 3088 est
1689 3049 1837 3089 ama-

260 3142 351 3182 ras
386 3127 677 3182 medicinas
719 3128 1013 3196 imponere.
1058 3127 1264 3192 Quanto
1292 3140 1418 3180 vero
1446 3126 1613 3195 magis
1656 3136 1835 3196 porta-

258 3219 384 3274 bilis
409 3219 571 3273 verba
595 3259 612 3284 ,
645 3225 791 3271 tanto
834 3217 1000 3287 magis
1026 3216 1333 3287 purgabitur
1360 3217 1524 3271 virus.
1569 3217 1834 3284 Quemad—

196 3360 203 3367 .
260 3309 476 3363 modum
503 3310 645 3363 enim
676 3309 812 3378 ignis
840 3320 1025 3362 natura
1055 3317 1251 3377 quanto
1289 3309 1456 3378 magis
1483 3309 1597 3362 auri
1633 3319 1836 3362 natura:

256 3398 569 3460 cohaerebit.
618 3406 766 3452 tanto
799 3400 967 3469 magis
1011 3400 1304 3468 rubiginem
1344 3404 1607 3456 consumit
1634 3419 1651 3454 :
1679 3402 1756 3457 sic
1783 3412 1837 3457 et

258 3489 514 3543 horumce
541 3489 822 3544 verborum
852 3490 1012 3542 timor
1038 3499 1235 3559 quanto
1264 3492 1431 3561 magis
1454 3502 1645 3546 vestra:
1669 3492 1834 3548 menti

258 3580 611 3649 imprimetur,
647 3589 791 3635 tanto
829 3581 998 3650 magis
1038 3590 1309 3651 peccatum
1343 3583 1684 3651 impudicitiae
1708 3600 1835 3655 pur-

254 3671 421 3739 gabit.
451 3671 549 3725 Hie
577 3672 698 3740 igne
723 3674 1108 3736 examinemus,
1138 3675 1301 3729 verbo
1326 3675 1528 3731 scilicet
1551 3676 1828 3745 doctrinae,

254 3763 565 3830 quo-minus
605 3763 774 3831 ipsum
798 3777 1052 3833 cogamur
1076 3764 1380 3820 examinare
1403 3767 1661 3835 gehennae
1690 3769 1827 3839 igne.

253 3855 389 3910 Nam
416 3867 686 3925 purgatam
711 3857 939 3911 animam
966 3857 1089 3912 hinc
1113 3859 1395 3914 abeuntem
1426 3861 1513 3915 ille
1539 3876 1644 3915 non
1674 3862 1832 3918 laedet

253 3947 393 4017 ignis
417 3964 431 4013 ;
458 3963 575 4002 eam
605 3958 780 4003 autem
807 3964 926 4018 qua:
949 3965 1068 4004 cum
1099 3952 1330 4019 peccatis
1355 3952 1478 4008 hinc
1502 3955 1711 4021 abierit,
1743 3957 1830 4013 ille

255 4039 393 4109 ignis
420 4041 671 4109 excipiet.
706 4038 1109 4110 Uniuscujusque
1134 4043 1265 4096 enim
1289 4060 1416 4113 opus
1443 4047 1610 4114 quale,
1638 4046 1826 4117 inquit,

251 4130 320 4182 sit
337 4170 354 4194 ,
384 4130 516 4200 ignis
544 4130 771 4198 probabit
797 4130 873 4205 (l.
898 4131 1015 4184 Cor.
1040 4130 1093 4184 5.
1120 4132 1245 4203 15).
1278 4133 1570 4190 Probemus
1595 4147 1829 4192 nosmet-

253 4223 399 4294 ipsos
441 4238 580 4276 nunc
623 4222 738 4277 sine
782 4222 999 4287 dolore,
1029 4238 1132 4293 quo
1180 4240 1279 4278 nec
1319 4240 1440 4280 eum
1477 4227 1660 4283 dolore
1703 4237 1828 4285 tunc

254 4312 558 4380 probemur.
583 4310 845 4380 Quidquid
865 4311 1087 4376 dixeris,
1111 4314 1296 4383 inquit,
1320 4315 1581 4371 laboriosa
1606 4327 1689 4373 est
1713 4319 1824 4374 lex.

248 4402 387 4470 Quid
426 4403 583 4472 igitur
602 4405 627 4453 ‘t
673 4404 1014 4472 impossibilia
1058 4407 1267 4460 mandat
1305 4410 1457 4463 nobis
1483 4411 1621 4465 Deus
1640 4411 1664 4465 ’ἶ
1684 4411 1824 4480 Non,

248 4496 462 4564 inquam
487 4495 826 4559 ;ohmutesce
850 4498 892 4558 ⁸,
925 4510 1096 4564 neque
1123 4496 1399 4552 Dominum
1428 4515 1643 4557 accuses
1672 4520 1685 4555 :
1718 4519 1823 4558 non

246 4586 392 4639 eiiim
421 4585 505 4639 hic
528 4586 885 4640 excusationis
913 4586 1119 4654 modus,
1145 4587 1239 4641 sed
1269 4591 1469 4657 peccati
1494 4592 1826 4648 additamen-

249 4684 362 4729 tum
408 4676 570 4744 priori
616 4675 783 4744 pejus.
828 4676 980 4742 Qnod
1026 4685 1202 4732 autem
1234 4690 1568 4748 peccatorum
1612 4683 1824 4753 plurimi

244 4766 626 4820 consueverint
668 4767 719 4820 in
750 4767 1031 4821 Dominum
1076 4782 1201 4825 suas
1245 4772 1610 4830 accusationes
1648 4785 1821 4832 retor-

243 4871 430 4926 quere,
461 4857 606 4910 audi.
651 4859 888 4912 Accessit
915 4858 1005 4913 ille
1043 4861 1126 4915 cui
1156 4861 1350 4916 talenta
1378 4866 1606 4936 quinque
1633 4869 1821 4923 tradita

245 4948 487 5014 fuerant,
513 4958 569 5004 et
591 4949 693 5003 alia
730 4952 961 5020 quinque
986 4952 1161 5006 attulit
1189 4971 1204 5007 :
1230 4956 1456 5010 accessit
1480 4959 1561 5011 cui
1600 4959 1737 5025 duo,
1767 4969 1822 5015 et

242 5039 349 5093 alia
372 5038 479 5094 duo
503 5040 678 5095 attulit
708 5058 721 5094 :
753 5043 978 5097 accessit
1002 5045 1085 5097 cui
1116 5059 1277 5098 unum
1306 5045 1403 5100 fuit
1430 5049 1689 5104 creditum
1710 5092 1725 5117 ,
1765 5060 1820 5106 et

246 5129 498 5196 quoniam
527 5144 637 5184 non
666 5130 849 5186 habuit
877 5132 1128 5187 talentum
1154 5135 1294 5189 aliud
1319 5138 1458 5205 quod
1485 5139 1645 5195 ferret
1663 5181 1677 5206 ,
1721 5157 1820 5211 pro

244 5219 446 5273 talento
468 5221 859 5276 accusationem
880 5223 1075 5277 attulit.
1103 5223 1416 5290 Quomodo?
1441 5226 1599 5296 Noui,
1625 5231 1814 5301 inquit,

234 5310 376 5376 quod
400 5320 629 5364 austeras
653 5312 722 5365 sis
744 5310 954 5377 (Matth.
975 5313 1065 5369 25.
1085 5314 1200 5386 21).
1228 5315 1273 5371 0
1297 5317 1435 5372 servi
1462 5322 1812 5388 proterviaml

304 5483 322 5512 ι
342 5486 667 5552 Among-sig
689 5483 859 5552 legunt,
881 5484 1010 5552 hunc
1027 5483 1183 5552 locum
1208 5488 1451 5552 :osteudit
1473 5487 1721 5547 levitatem.
1746 5495 1815 5545 lc-

235 5542 782 5617 ruatern‘trgbulationis.
799 5545 1038 5607 Quomodo
1050 5545 1197 5609 igitur
1213 5555 1282 5597 est
1298 5549 1612 5603 tribulationis
1632 5542 1812 5617 levitas,

235 5603 474 5664 attonde
489 5604 515 5654 Ρ

300 5666 322 5697 ⁸
355 5667 534 5724 Ottob..
555 5663 696 5716 obedi
713 5674 758 5716 et
778 5666 1071 5727 obnmtesce;
1086 5681 1182 5718 non
1204 5669 1349 5720 male.

564 5748 831 5812 Panos.
880 5755 997 5813 Gn.
1045 5759 1259 5818 XLIX.

1952 1655 2156 1726 legibus
2177 1661 2543 1718 mandatorum
2566 1665 2743 1722 inesse
2762 1669 2982 1723 multum
3005 1669 3306 1728 facilitatis:
3330 1682 3531 1746 nequa-

1952 1760 2108 1816 quam
2136 1750 2277 1804 enim
2306 1765 2646 1820 superassent
2674 1772 2757 1822 ea,
2787 1759 2886 1813 nisi
2911 1759 3102 1827 facilia,
3130 1778 3250 1833 quae
3277 1767 3526 1820 mandata

1952 1847 2096 1905 sunt,
2123 1851 2323 1896 essent.
2353 1842 2471 1898 Non
2496 1845 2765 1901 mandavit
2788 1848 3141 1919 virginitatem
3175 1871 3190 1906 :
3219 1868 3340 1908 nam
3370 1855 3529 1925 virgi-

1948 1928 2173 1985 nitatem
2215 1933 2305 2002 qui
2347 1936 2583 2003 mandat,
2615 1939 2918 1994 necessitati
2958 1941 3090 2012 legis
3129 1943 3525 2013 subjicitetiam

1950 2033 2054 2073 non
2086 2020 2390 2089 volentem;
2429 2026 2519 2095 qui
2549 2041 2675 2082 vero
2715 2028 3000 2097 admonet,
3030 2031 3324 2088 auditorem
3360 2034 3523 2089 relin-

1948 2112 2063 2182 quit
2099 2112 2371 2170 dominum
2407 2119 2635 2188 propria:
2661 2120 2963 2177 voluntatis.
3006 2123 3291 2194 Propterea
3327 2125 3522 2181 Paulus

1897 2222 1900 2226 '
1945 2203 2115 2273 inquit
2146 2222 2160 2258 :
2193 2204 2275 2261 De
2314 2208 2587 2279 uirginibus
2628 2221 2796 2265 autem
2832 2223 3137 2283 praeceptum
3178 2215 3386 2271 Domini
3419 2234 3522 2273 non

1942 2295 2138 2361 habeo;
2160 2298 2430 2353 consilium
2456 2309 2622 2355 autem
2644 2304 2712 2356 do
2736 2303 2814 2374 (l.
2836 2302 2958 2359 Cor.
2980 2306 3033 2359 7.
3053 2304 3169 2378 25).
3199 2308 3389 2363 Cernis
3413 2324 3520 2366 non

1944 2386 2271 2454 mandatum,
2317 2388 2412 2445 sed
2454 2393 2777 2448 consilium?
2824 2397 3001 2452 cernis
3037 2414 3143 2453 non
3171 2410 3515 2472 praestitum,

1942 2475 2040 2531 sed
2068 2476 2522 2538 admonitionem?
2558 2483 2775 2540 Multum
2818 2496 2901 2544 est
2941 2488 3316 2547 intermedium
3345 2508 3359 2545 :
3388 2495 3518 2548 alte-

1941 2581 2056 2622 rum
2084 2571 2416 2628 necessitatis
2441 2584 2556 2640 est,
2595 2577 2819 2635 alterum
2852 2584 3158 2643 voluntatis.
3186 2591 3305 2648 Non
3333 2601 3517 2665 princi-

1940 2659 2053 2727 pio,
2084 2659 2284 2730 inquit,
2319 2672 2376 2717 ut
2402 2679 2510 2721 non
2535 2680 2749 2723 onerem
2779 2688 2796 2724 :
2822 2686 3016 2730 moneo
3043 2686 3098 2732 et
3120 2659 3399 2740 consilium
3422 2688 3514 2757 do,

1939 2756 2000 2803 ut
2034 2751 2284 2808 alliciam.
2325 2754 2414 2810 Sic
2440 2764 2496 2811 et
2520 2756 2762 2816 Christus
2793 2778 2808 2817 :
2839 2778 2944 2819 non
2973 2766 3105 2823 dixit
3135 2788 3149 2824 :
3182 2772 3379 2832 Omnes
3404 2751 3515 2833 vir;

1939 2838 2209 2908 ginitatem
2235 2854 2472 2902 servate.
2500 2847 2633 2903 Nam
2660 2851 2705 2905 si
2745 2854 3052 2913 mandasset
3075 2861 3270 2918 omnes
3295 2867 3514 2938 virgini-

1941 2941 2101 2988 tatem
2151 2945 2353 3003 tenere,
2400 2947 2455 2993 et
2497 2939 2667 3011 legem
2711 2945 2966 3002 voluisset
3007 2965 3129 3007 esse
3171 2969 3511 3029 prmceptum,

1939 3025 2023 3081 his
2060 3027 2317 3084 obediens
2354 3030 2463 3099 jam
2510 3049 2615 3088 non
2654 3035 2860 3094 honore
2903 3050 3048 3097 tanto
3076 3025 3417 3119 dignaretur,
3462 3065 3515 3108 et

1941 3117 2253 3174 inobediens
2282 3136 2464 3190 lamnas
2492 3125 2728 3182 dedisset
2751 3129 3007 3201 ingentes.
3042 3136 3226 3196 Vidisti
3255 3117 3514 3212 quemad-

1938 3209 2151 3263 modum
2178 3211 2330 3266 nobis
2356 3216 2524 3283 parcit
2553 3217 2822 3287 Iegislator
2839 3224 2864 3276 ?
2890 3230 3156 3294 quomodo
3196 3209 3372 3291 nostra
3406 3240 3515 3292 sol-

1936 3300 2111 3356 licitus
2134 3315 2215 3358 est
2240 3321 2337 3375 pro
2363 3308 2575 3362 salute?
2612 3311 2877 3383 Numquid
2906 3332 3012 3372 non
3046 3334 3252 3389 p0‘erat
3278 3336 3334 3380 et
3374 3344 3512 3398 prac-

1936 3402 2147 3462 ceptum
2192 3398 2295 3452 hoc
2345 3414 2579 3469 ponere,
2626 3418 2690 3458 ac
2735 3406 2914 3463 dicere
2956 3427 2969 3464 :
3013 3411 3112 3479 Qui
3157 3416 3510 3487 virginitatem

1936 3493 2258 3552 sequentur,
2310 3487 2638 3546 honorentur
2666 3510 2678 3546 :
2706 3497 2796 3564 qui
2828 3512 2954 3552 vero
2998 3516 3138 3571 non,
3183 3509 3511 3577 puniantur?

1936 3572 2039 3629 Sed
2063 3588 2342 3633 onerasset
2386 3588 2628 3636 naturam
2658 3602 2671 3638 :
2700 3587 2869 3654 parcit
2908 3604 3038 3661 ergo
3064 3572 3268 3653 natu—ra:
3292 3613 3510 3660 nostra).

1935 3664 2147 3721 Dimisit
2178 3680 2328 3723 extra
2352 3672 2601 3741 stadium,
2629 3674 2828 3732 dimisit
2853 3683 3182 3751 superiorem
3208 3694 3510 3749 certamini.

1933 3757 2034 3813 bus
2078 3760 2472 3830 virginitatem,
2517 3781 2622 3835 quo
2670 3778 2726 3823 et
2768 3785 2887 3826 eam
2936 3778 3189 3844 prteclare
3237 3793 3505 3842 servantes

1932 3866 2083 3907 suam
2109 3855 2594 3923 magnanimitatem
2623 3861 2908 3918 ostendant
2935 3882 2949 3918 :
2977 3882 3082 3922 non
3109 3884 3386 3930 servantes
3418 3893 3504 3934 ve.

1931 3959 2027 4011 ro,
2060 3945 2271 4000 Domini
2315 3945 2639 4018 indulgentia
2664 3950 2806 4022 digni
2836 3954 3147 4013 habeantur.
3183 3961 3275 4017 Sic
3297 3975 3351 4019 et
3375 3981 3509 4037 pan.

1931 4044 2193 4105 pertatem
2222 4053 2329 4092 non
2373 4041 2550 4109 posuit
2579 4041 2630 4095 in
2661 4054 2960 4114 praecepto,
2988 4063 3162 4119 neque
3200 4053 3508 4123 simpliciter

1930 4126 2065 4182 dixit
2093 4146 2106 4183 :
2138 4129 2319 4186 Vende
2355 4147 2473 4201 qua:
2499 4133 2665 4190 habes
2696 4154 2709 4189 :
2738 4138 2832 4192 sed
2854 4178 2869 4202 ,
2902 4139 2963 4194 Si
2991 4141 3065 4195 uis
3100 4148 3347 4215 perfectus
3380 4165 3504 4214 esse,

1929 4218 2074 4284 uade,
2093 4230 2139 4273 et
2182 4222 2339 4275 vende
2372 4240 2484 4293 qua:
2518 4225 2670 4281 habes
2707 4226 2932 4296 (Matth.
2959 4231 3044 4286 l9.
3068 4233 3190 4305 21).
3234 4237 3290 4292 ln
3321 4247 3410 4294 tua
3436 4242 3504 4297 sit

1930 4309 2202 4365 voluntate
2226 4312 2408 4379 situm,
2432 4314 2680 4372 dominus
2704 4327 2818 4374 esto
2841 4323 3047 4378 consilii
3077 4326 3150 4380 tui
3176 4343 3190 4380 :
3218 4343 3322 4383 non
3349 4344 3503 4401 cogo,

1929 4414 2036 4453 non
2077 4415 2240 4469 gravo
2262 4444 2278 4471 ,
2325 4405 2417 4458 sed
2460 4408 2845 4465 custodientem
2886 4412 3096 4480 quidem
3126 4432 3363 4485 corono,
3396 4437 3502 4477 non

1927 4493 2310 4549 custodientem
2331 4504 2508 4551 autem
2532 4513 2636 4552 non
2663 4500 2844 4568 punio.
2874 4501 3007 4558 Nam
3032 4519 3093 4559 ea
3119 4523 3237 4576 quae
3261 4524 3327 4565 ex
3354 4528 3504 4567 man—

1926 4582 2084 4650 dato,
2112 4600 2298 4653 quaeve
2320 4603 2386 4642 ex
2424 4587 2601 4644 debito
2634 4590 2762 4646 ﬁunt
2784 4635 2798 4657 ,
2831 4599 3105 4662 pra-mium
3130 4600 3236 4669 jam
3267 4618 3372 4659 non
3399 4607 3503 4661 tale

1925 4685 2323 4742 consequuntur
2352 4695 2368 4732 :
2393 4694 2513 4748 qua:
2539 4697 2605 4736 ex
2627 4685 2899 4741 voluntate
2927 4697 2982 4743 et
3007 4694 3296 4761 proposito,
3325 4697 3503 4767 splen-

1924 4762 2078 4818 didas
2103 4779 2330 4822 coronas
2374 4771 2688 4842 suscipiunt.
2736 4777 2908 4847 Atque
2937 4779 3125 4836 horum
3166 4762 3385 4842 Paulum
3417 4790 3502 4845 in-

1924 4854 2115 4909 ducam
2145 4865 2334 4913 testem
2368 4877 2383 4913 :
2411 4861 2474 4916 Si
2496 4867 2916 4935 euangeliztwero,
2946 4870 3133 4941 inquit,
3155 4890 3255 4929 non
3280 4887 3355 4932 est
3378 4881 3502 4936 mihi

1923 4946 2177 5036 gloriatio.
2221 4948 2441 5017 Quare?
2474 4952 2766 5011 Necessitas
2792 4959 2924 5013 enirn
2964 4961 3087 5015 mihi
3128 4964 3365 5036 imposita
3404 4980 3496 5025 est.

1934 5034 2022 5090 νας
2044 5046 2210 5130 atatem
2234 5041 2360 5095 mihi
2384 5051 2483 5108 est,
2510 5044 2609 5100 nisi
2636 5049 3036 5118 euangelisauero
3058 5053 3136 5123 (ι.
3157 5034 3276 5111 σὸν.
3301 5057 3358 5112 9.
3384 5059 3495 5130 te).

1921 5126 2108 5182 Cernis
2132 5129 2183 5184 in
2213 5130 2414 5201 lc‘gibus
2439 5132 2584 5189 hunc
2601 5136 2814 5205 quidem
2842 5140 3213 5200 observantem
3237 5161 3340 5201 non
3362 5126 3497 5203 mulo

1922 5225 2033 5272 tum
2054 5218 2253 5276 habere
2277 5225 2480 5291 prtemii
2505 5242 2518 5278 :
2543 5228 2834 5283 necessitas
2855 5232 2999 5286 enim
3025 5243 3140 5300 est;
3171 5250 3292 5290 eum
3317 5246 3494 5294 autem

1921 5311 2010 5378 qui
2043 5328 2149 5368 non
2193 5314 2475 5383 observat,
2504 5333 2654 5374 reum
2692 5336 2812 5377 esse
2855 5323 3115 5393 supplicio
3140 5335 3196 5381 et
3219 5328 3447 5385 vindicta
3477 5349 3492 5386 :

1930 5397 2019 5454 Va:
2041 5402 2173 5456 enim
2199 5414 2269 5457 est
2298 5406 2423 5458 milii
2448 5408 2545 5461 nisi
2573 5412 2991 5479 ruangelisauero.
3028 5414 3082 5466 In
3111 5417 3317 5471 caeteris
3342 5434 3489 5485 vero,

1919 5505 2038 5559 qua:
2062 5508 2126 5547 ex
2152 5497 2425 5563 preposito
2443 5538 2459 5564 ,
2502 5514 2606 5553 non
2635 5501 2713 5555 sic
2730 5541 2746 5566 ,
2785 5502 2879 5556 sed
2918 5503 3088 5572 quid?
3126 5505 3254 5572 Quae
3277 5520 3350 5563 est
3372 5527 3493 5583 ergo

1918 5597 2103 5637 merces
2140 5601 2250 5639 mea
2272 5586 2299 5640 7
2345 5586 2412 5641 Ut
2452 5591 2761 5659 erangeliwn
2789 5593 3070 5661 prwdicans
3092 5637 3109 5664 ,
3149 5599 3257 5655 sine
3291 5615 3493 5674 sumptu

1923 5687 2105 5740 ponam
2136 5677 2442 5746 euangelium
2473 5677 2605 5747 Dei,
2650 5690 2702 5733 ut
2731 5696 2831 5738 non
2877 5683 3057 5739 abutar
3101 5698 3342 5754 potestate
3381 5711 3490 5749 mea

3047 5786 3125 5849 20
