3906 6224
361 302 464 357 319

361 419 436 491 (l.
462 414 578 470 Cor.
601 411 656 471 9.
683 411 750 468 l8
769 413 808 481 ).
828 410 903 466 lbi
932 409 1018 466 lex
1041 419 1178 476 erat,
1203 415 1480 478 propterea
1505 403 1766 461 mercedis
1795 397 1934 455 mul-

361 518 473 564 tum
522 522 628 562 non
677 505 862 560 habuit
899 521 912 558 :
947 502 1040 558 hic
1073 500 1430 571 pr0positum,
1473 511 1639 567 quare
1680 492 1940 549 mercedis

363 602 588 656 multum
625 598 825 652 habuit.

435 692 490 745 4.
522 689 630 744 Lea:
655 687 751 741 Dei
780 695 940 756 potest
981 683 1188 739 servari.
1214 713 1286 722 ——
1313 682 1437 736 lltrc
1463 696 1493 734 a
1522 696 1607 734 me
1633 678 1807 734 omnia
1838 691 1942 730 non

365 785 419 839 in
460 798 681 838 vacuum
726 780 866 833 dicta
912 786 1056 840 sunt,
1105 775 1198 830 sed
1244 774 1437 828 divinae
1485 773 1617 841 legis
1659 771 1846 840 gratia,
1890 778 1947 823 ut

366 873 643 928 ostendam
672 885 884 941 gravem
913 885 1016 921 11011
1044 883 1183 933 esse,
1212 882 1319 920 non
1359 879 1479 918 esse
1505 878 1807 926 onerosam,
1840 876 1946 915 non

369 966 722 1028 laboriosam,
767 975 938 1030 neque
977 957 1376 1027 impossibilem.
1409 955 1522 1025 Age
1549 970 1674 1008 vero
1719 969 1782 1008 ex
1821 951 1948 1020 ipsis

368 1056 564 1113 Christi
590 1053 768 1109 verbis
813 1053 914 1106 hoc
958 1052 1128 1119 ipsum
1156 1049 1600 1102 demonstremus.
1650 1045 1748 1111 Qui
1775 1043 1950 1096 viderit

370 1145 632 1200 mulierem
668 1143 736 1196 ad
773 1140 1228 1209 concupiscendum
1256 1154 1398 1201 eam,
1429 1137 1544 1206 jam
1579 1135 1852 1188 mazehatus
1881 1140 1951 1185 est

371 1255 482 1294 eam
523 1239 578 1290 in
617 1235 766 1290 corde
807 1251 898 1288 suo
945 1233 1161 1304 (Matth.
1185 1230 1394 1300 5.28).
1437 1229 1578 1283 Vidit
1619 1227 1773 1282 simul
1817 1236 1871 1281 et
1900 1225 1952 1280 id

373 1330 546 1398 ipsum
575 1327 818 1382 Christus
841 1367 856 1391 ,
887 1325 1084 1379 multos
1127 1322 1257 1391 leg-is
1283 1319 1954 1376 difﬁcultatem-accusatu-

375 1437 463 1476 ros
489 1439 502 1474 :
534 1428 854 1489 quapropter
869 1432 996 1472 eam
1026 1415 1163 1470 haud
1191 1413 1418 1475 nudam,
1464 1426 1636 1481 neque
1660 1409 1952 1479 simplicem

377 1509 611 1574 induxit,
645 1523 818 1578 neque
855 1508 1021 1560 solam
1054 1525 1066 1559 ε
1095 1505 1200 1560 sed
1223 1505 1460 1573 antiqtue
1486 1502 1618 1572 legis
1646 1499 1954 1555 memoriam

378 1599 611 1664 reduxit,
633 1613 663 1652 a
684 1595 1404 1668 comparationefacilitatem
1433 1593 1575 1648 illius
1597 1602 1755 1660 atque
1781 1592 1960 1644 huma-

379 1690 598 1744 nitatem
624 1705 774 1744 suam
821 1687 1070 1742 ostendit.
1121 1685 1398 1754 Quomodo
1425 1692 1638 1751 autem,
1680 1681 1955 1738 attendite.

379 1779 494 1834 Non
525 1781 666 1835 enim
706 1779 1017 1848 simpliciter
1056 1777 1219 1841 dixit,
1253 1776 1352 1843 Qui
1391 1775 1569 1829 viderit
1609 1774 1866 1828 mulierem
1893 1773 1960 1826 ad

381 1870 835 1938 concupiscendum
864 1885 974 1922 eam
994 1909 1007 1933 ,
1045 1869 1158 1937 jam
1185 1867 1458 1920 max/tatus
1486 1875 1558 1919 est
1594 1881 1704 1918 eam
1732 1865 1785 1918 in
1811 1867 1960 1918 corde

380 1979 474 2016 suo
500 1961 610 2034 (hic
633 1962 916 2030 diligenter
942 1957 1218 2031 attendite)
1246 1975 1260 2024 ;
1287 1958 1382 2012 sed
1408 1957 1553 2027 prius
1577 1957 1807 2025 antiqua:
1833 1954 1961 2024 legis

383 2053 760 2116 reminiscitur,
785 2052 968 2106 dicens
993 2067 1006 2102 :
1029 2050 1397 2118 Audistisquia
1421 2049 1608 2100 dictum
1627 2057 1698 2100 est
1721 2046 1959 2116 antiquis,

384 2142 508 2197 Non
534 2143 856 2196 nttecltaberis
885 2140 1076 2212 (Exod.
1094 2141 1184 2195 20.
1209 2139 1297 2211 14)
1319 2157 1332 2204 ;
1359 2155 1449 2210 ego
1473 2149 1640 2191 autem
1659 2137 1770 2190 dico
1797 2137 1960 2190 vobis:

384 2235 562 2289 Omnis
603 2235 689 2304 qui
739 2235 912 2288 viderit
944 2233 1203 2287 mulierem
1241 2234 1309 2284 ad
1351 2230 1804 2301 concupiscendum
1829 2245 1960 2294 eam,

378 2327 488 2395 jam
513 2325 785 2380 moechatus
813 2333 886 2378 est
913 2340 1024 2378 eam
1067 2325 1121 2376 in
1162 2323 1311 2376 corde
1357 2339 1449 2376 suo
1475 2320 1698 2392 (Matth.
1740 2320 1793 2374 5.
1831 2319 1961 2389 28).

383 2416 576 2473 Vidisti
603 2418 844 2487 geminas
870 2416 1034 2487 leges,
1067 2425 1299 2470 veterem
1337 2423 1394 2470 et
1419 2429 1630 2479 novam,
1667 2429 1826 2482 quam
1864 2428 1964 2482 po-

383 2511 492 2564 suit
530 2509 737 2575 Moses,
778 2519 833 2564 et
876 2524 1034 2577 quam
1081 2512 1192 2577 ipse
1235 2506 1570 2561 introduxit?
1615 2508 1724 2561 imo
1748 2519 1875 2559 vero
1914 2512 1968 2558 et

384 2602 526 2656 illam
557 2602 768 2672 posuit;
812 2603 1012 2656 etenim
1036 2600 1147 2670 iper
1174 2601 1375 2655 bloscm
1419 2600 1533 2669 ipse
1577 2599 1823 2669 loquutus
1863 2606 1964 2652 est.

391 2695 541 2751 Unde
566 2711 695 2750 vero
721 2695 1060 2764 perspicuum
1084 2703 1164 2747 est
1192 2709 1309 2747 eam
1349 2693 1416 2747 ab
1458 2693 1572 2761 ipso
1621 2691 1783 2745 fuisse
1828 2690 1970 2759 posi-

386 2787 547 2841 tam?
593 2787 709 2842 Non
753 2802 820 2840 ex
865 2785 1106 2848 Joanne,
1149 2793 1246 2838 aut
1297 2783 1662 2852 apostolorum
1703 2795 1968 2850 quoquam

390 2878 751 2933 testimonium
782 2877 1054 2946 usurpabo
1082 2894 1095 2930 :
1129 2890 1249 2930 nam
1281 2873 1625 2937 cumJudwis
1664 2873 1792 2926 mihi
1829 2886 1969 2926 nunc

387 2970 716 3026 concertatio
736 2977 821 3023 est
845 2984 860 3033 ;
891 2967 986 3021 sed
1015 2981 1044 3020 a
1077 2965 1346 3036 prOphetis
1370 2965 1560 3034 quibus
1588 2962 1832 3017 videntur
1851 2976 1969 3017 cre-

387 3063 514 3118 dere
546 3081 558 3116 :
586 3061 655 3116 ab
694 3060 822 3130 ipsis
846 3058 1124 3114 ostendam
1151 3065 1206 3113 et
1229 3057 1476 3112 Veterem
1502 3066 1555 3111 et
1578 3055 1777 3110 Novam
1807 3069 1966 3108 unum

388 3155 586 3209 habere
625 3153 1003 3223 legislatorem.
1049 3150 1183 3218 Quid
1232 3150 1393 3220 igitur
1445 3148 1703 3204 Jeremias
1760 3148 1969 3218 inquit?

389 3245 671 3316 Disponam
716 3244 851 3298 vobis
893 3252 1236 3298 testamentum
1283 3258 1463 3296 novum
1513 3240 1666 3312 (Jer.
1708 3241 1795 3295 51.
1834 3240 1965 3308 51).

397 3337 554 3392 Vides
575 3345 633 3391 et
659 3336 779 3390 novi
809 3349 1002 3390 nomen
1030 3334 1084 3387 in
1107 3333 1314 3389 veteri?
1346 3332 1492 3386 vides
1516 3343 1568 3386 et
1603 3332 1767 3402 ipsam
1789 3329 1970 3399 appel-

390 3428 640 3482 lationem
686 3435 763 3481 tot
806 3437 930 3480 ante
978 3426 1130 3479 annis
1171 3423 1474 3478 effulsisse?
1516 3421 1794 3489 Disponam
1833 3421 1969 3474 vobis

392 3527 738 3574 testamentum
765 3534 968 3570 novum.
999 3516 1104 3571 Sed
1132 3515 1272 3570 unde
1294 3513 1535 3569 videmus
1560 3512 1701 3582 quod
1738 3522 1794 3567 et
1818 3519 1970 3567 vetns

392 3611 506 3680 ipse
531 3609 780 3665 dederit?
807 3608 938 3663 Cum
966 3608 1203 3670 dixisset,
1239 3606 1518 3676 Disponam
1547 3604 1680 3657 vobis
1705 3613 1970 3657 testamen-

391 3718 498 3757 tum
544 3719 764 3764 novum,
813 3702 1043 3771 adjecit,
1097 3700 1214 3753 Non
1252 3701 1404 3769 juxta
1451 3707 1797 3752 testamentum
1836 3698 1968 3766 quod

390 3793 618 3863 disposui
645 3791 870 3862 patribus
913 3791 1086 3845 vestris
1121 3788 1288 3860 (Ibid.
1315 3788 1498 3858 v.52).
1543 3788 1653 3851 Ita;
1703 3787 1797 3842 sed
1836 3803 1968 3841 non-

390 3886 517 3938 dum
557 3899 668 3938 rem
711 3882 1083 3938 ostendimus:
1113 3890 1324 3951 oportet
1363 3882 1503 3936 enim
1546 3881 1790 3935 universa
1827 3879 1970 3948 ejus-

394 3974 532 4028 modi
566 3973 883 4044 refragantia
907 3973 1174 4028 adducere
1202 3973 1253 4026 in
1279 3971 1546 4036 medium,
1587 3970 1968 4040 manifestaque

391 4067 602 4134 facere,
633 4082 737 4136 quo
775 4081 952 4122 sermo
979 4066 1206 4135 undique
1245 4079 1408 4134 purus
1448 4064 1600 4119 nobis
1625 4065 1712 4126 sit,
1742 4064 1969 4118 nullam-

390 4172 492 4226 que
551 4156 944 4226 impudentibus
1003 4156 1362 4224 relinquamus
1425 4169 1624 4208 ansam.
1686 4152 1968 4224 Disponam

391 4248 526 4302 vobis
547 4257 899 4301 testamentum
927 4261 1105 4301 novum
1125 4288 1140 4311 ,
1151 4248 1302 4315 juxta
1331 4253 1672 4299 testamentum
1698 4244 1832 4314 quod
1859 4244 1968 4298 dis-

391 4342 535 4411 posui
594 4340 817 4409 patribus
861 4339 1054 4393 urstris.
1112 4337 1381 4408 Disposuit
1423 4345 1794 4391 testamentum
1835 4335 1966 4400 Noe,

391 4449 514 4487 cum
547 4431 799 4486 diluvium
831 4429 957 4495 fuit,
989 4429 1173 4485 volens
1203 4443 1300 4483 nos
1327 4444 1355 4481 a
1386 4429 1573 4482 timore
1613 4427 1869 4493 liberare,
1901 4441 1972 4481 ne

394 4526 650 4579 diluvium
697 4524 1029 4594 cogitantes,
1079 4532 1132 4576 et
1178 4521 1403 4576 imbrem
1452 4519 1661 4575 assidue
1707 4519 1966 4583 videntes,

392 4631 679 4673 commune
722 4614 852 4669 illud
896 4613 1116 4667 exitium
1163 4613 1472 4666 timeremus
1514 4627 1526 4663 :
1574 4618 1850 4679 propterea
1894 4609 1974 4662 in-

393 4709 548 4777 quit:
583 4707 858 4775 Disponam
889 4713 1234 4756 testamentum
1280 4711 1472 4767 tecum,
1517 4711 1564 4754 et
1592 4717 1706 4754 cum
1743 4701 1973 4754 universa

394 4813 547 4850 ctu-ne
575 4794 739 4866 (Gen.
763 4795 818 4850 9.
842 4795 935 4863 9).
965 4794 1159 4848 lterum
1198 4793 1264 4848 ad
1292 4792 1559 4847 Abraham
1597 4799 1972 4847 testamentum

393 4886 814 4942 circumcisionis
859 4885 1120 4956 disposuit
1151 4903 1165 4939 :
1193 4884 1454 4954 disposuit
1498 4893 1552 4938 et
1598 4890 1972 4937 testamentum

397 4996 491 5049 per
519 4979 743 5044 Mosen),
771 4978 1016 5034 omnibus
1045 4987 1251 5034 notum.
1295 4977 1436 5031 Dixit
1460 4975 1715 5030 Jeremias
1744 4992 1757 5029 :
1789 4973 1975 5045 Dispo-

396 5089 514 5126 nam
543 5070 678 5126 vobis
723 5080 1069 5125 testamentum
1108 5085 1326 5135 novum,
1373 5083 1474 5121 non
1518 5067 1792 5120 secundum
1821 5075 1974 5120 testa-

395 5174 618 5219 mentum
669 5162 801 5234 quod
845 5163 1074 5230 disposui
1121 5161 1345 5230 patribus
1393 5159 1586 5214 vestris.
1631 5159 1743 5224 Dic,
1784 5158 1975 5228 quibus

398 5257 678 5327 patribus?
722 5270 842 5310 nam
873 5263 927 5309 et
953 5253 1067 5309 Noe
1093 5262 1244 5322 pater
1269 5253 1396 5319 fuit,
1441 5263 1494 5306 et
1519 5251 1786 5306 Abraham
1828 5259 1977 5318 pater

399 5349 499 5404 fuit
527 5366 542 5404 :
573 5347 887 5418 quibusnam
919 5346 1076 5416 igitur
1103 5344 1380 5414 patribus?
1408 5344 1602 5399 etenim
1629 5355 1976 5412 personarum

398 5437 832 5494 indetcrminatio
877 5437 1237 5491 confusionem
1303 5435 1457 5505 parit.
1519 5434 1616 5488 llic
1675 5432 1974 5486 advertite:

402 5530 522 5585 Non
542 5533 695 5602 juxta
721 5538 1067 5584 testamentum
1103 5527 1236 5598 quod
1264 5527 1488 5596 disposui
1518 5525 1742 5595 patribus
1783 5525 1976 5579 vestris.

402 5625 480 5679 Ne
508 5623 664 5690 igitur
687 5622 897 5678 diceres
923 5620 1052 5674 illud
1094 5619 1206 5674 Noe
1247 5619 1572 5685 temporibus
1601 5618 1804 5684 datum,
1847 5631 1980 5672 neve

405 5712 731 5784 temporibus
757 5710 1021 5768 Abraham
1054 5710 1235 5766 datum
1263 5708 1618 5780 intelligeres,
1655 5708 1820 5779 ipsius
1849 5718 1978 5764 tem-

1079 296 1136 353 S.
1177 293 1454 351 JOANNIS
1491 283 1967 347 C‘llRYSOSTOMI
2006 282 2323 339 ARClllEP.
2363 283 2893 342 CONSTANTINOP.

3522 291 3632 346 520

2051 398 2194 468 poris
2241 405 2677 453 testamentorum
2719 398 3004 454 meminit:
3036 413 3156 455 cum
3197 400 3339 454 enim
3380 401 3630 465 dixisset,

2048 487 2331 558 Disponam
2355 489 2488 543 vobis
2519 499 2864 544 testamentum
2891 507 3107 555 novum,
3153 508 3252 546 non
3285 493 3437 563 juxta
3477 504 3637 547 testa-

2051 590 2272 634 mentum
2315 582 2449 649 quod
2487 582 2714 648 disposui
2759 582 2984 651 patribus
3022 585 3194 637 vestris
3218 625 3233 648 ,
3278 585 3550 654 subjunxit
3575 595 3636 640 et

2052 678 2260 738 tempus
2280 712 2294 734 ,
2327 669 2393 723 In
2420 671 2502 724 die
2523 689 2624 740 qua
2646 673 2783 726 tenui
2825 690 3030 726 manum
3053 690 3224 728 eorum
3247 717 3260 739 ,
3291 686 3346 728 ut
3373 676 3639 730 educerem

2051 778 2136 816 eos
2175 762 2236 816 de
2278 772 2413 816 ter-ra
2439 762 2677 834 AEgypti.
2729 765 2886 820 Vides
2928 775 3176 836 quantam
3206 769 3638 837 perspicuitatem

2053 853 2288 907 attulerit
2335 855 2590 922 temporis
2630 854 3046 910 determinatio?
3091 857 3207 912 Jam
3255 873 3358 912 non
3407 859 3640 928 amplius

2054 959 2123 998 ne
2146 943 2363 999 Judteus
2401 945 2612 1014 quidem
2634 949 3000 1004 contradicit:
3034 951 3313 1004 recordare
3353 953 3639 1021 temporis,

2055 1045 2109 1090 et
2149 1035 2536 1105 legislationem
2561 1039 2740 1107 accipe
2769 1056 2782 1092 :
2817 1037 2886 1093 In
2913 1041 2993 1094 die
3021 1057 3121 1110 qua
3156 1043 3290 1094 tenui
3319 1059 3522 1096 manum
3543 1059 3642 1096 eo-

2056 1144 2186 1180 rum.
2239 1128 2343 1181 Cur
2382 1138 2559 1182 autem
2611 1131 2770 1183 etiam
2819 1132 3032 1186 modum
3084 1133 3211 1186 dicit
3251 1135 3462 1188 exitus?
3508 1133 3647 1189 Cum

2058 1221 2323 1274 tenuissem
2350 1238 2556 1275 manum
2581 1239 2752 1276 eorum
2772 1265 2787 1290 ,
2819 1233 2876 1277 ut
2911 1225 3169 1279 educerem
3190 1243 3276 1280 eos
3299 1244 3361 1280 ea:
3383 1227 3642 1298 Egypto.

2062 1307 2174 1376 Quo
2205 1317 2481 1379 paternum
2508 1313 2815 1370 ostenderet
2841 1330 3100 1384 amorem,
3139 1333 3246 1372 non
3272 1320 3423 1388 quasi
3452 1335 3648 1374 servos

2062 1405 2260 1470 eduxit,
2309 1405 2402 1460 sed
2430 1407 2591 1461 veluti
2635 1408 2914 1477 parvulum
2962 1409 3125 1464 filium
3168 1426 3325 1465 manu
3371 1412 3649 1480 accipiens

2062 1506 2231 1564 pater,
2264 1496 2342 1552 sic
2369 1497 2612 1553 liberavit
2641 1515 2788 1554 :non
2819 1509 2936 1570 post
2962 1510 3166 1571 tergum
3195 1504 3344 1572 sequi
3373 1504 3649 1558 mandavit

2062 1587 2212 1654 quasi
2255 1600 2490 1654 servum,
2533 1589 2629 1643 sed
2655 1589 2814 1645 veluti
2847 1592 3013 1645 filium
3051 1592 3279 1647 nobilem
3320 1603 3373 1648 et
3415 1594 3647 1648 liberum

2063 1699 2222 1737 manu
2252 1691 2458 1745 tenens,
2491 1683 2570 1737 sic
2593 1682 2795 1738 eduxit.
2825 1682 3012 1739 Vidisti
3041 1693 3476 1740 testamentorum
3507 1686 3652 1742 duo-

2063 1793 2181 1832 rum
2209 1777 2564 1848 legislatorem
2586 1777 2848 1830 unicum?
2876 1779 3134 1844 Quoniam
3172 1779 3330 1846 igitur
3351 1781 3652 1836 certamine

2067 1868 2277 1923 liberati
2304 1883 2510 1936 sumus,
2531 1877 2588 1924 et
2612 1884 2678 1922 ex
2705 1882 2842 1922 novo
2869 1869 2920 1922 id
2951 1869 3041 1922 tibi
3069 1869 3367 1934 ostendam,
3397 1879 3453 1925 ut
3481 1881 3653 1927 testa-

2067 1972 2368 2016 mentorum
2398 1961 2801 2016 consonantiam
2836 1975 3046 2015 noscas.
3080 1961 3266 2016 Vidisti
3309 1964 3650 2033 prophetiam

2065 2070 2184 2124 quae
2209 2070 2274 2109 ex
2302 2053 2479 2109 verbis
2504 2054 2623 2108 est?
2647 2053 2795 2107 disce
2820 2053 2903 2107 vel
2929 2069 3043 2107 eam
3069 2068 3187 2122 qua:
3209 2053 3389 2123 figuris
3411 2065 3647 2120 constat,

2067 2149 2310 2220 quamvis
2339 2149 2391 2203 id
2420 2149 2589 2218 ipsum
2618 2148 2740 2203 ideo
2772 2149 3106 2218 perspicuum
3134 2164 3237 2202 non
3264 2149 3362 2210 sit,
3393 2149 3653 2218 quidnam

2070 2244 2136 2297 sit
2163 2241 2440 2313 protllietia
2474 2256 2577 2310 per
2601 2241 2845 2310 ﬁguram,
2875 2239 3067 2308 quidve
3098 2239 3367 2307 prophetia
3409 2255 3502 2308 per
3534 2255 3657 2293 ser-

2068 2347 2281 2386 monem
2310 2348 2325 2386 :
2359 2331 2539 2400 paucis
2567 2345 2695 2399 ergo
2732 2329 2958 2399 idipsum
2995 2330 3329 2383 manifestum
3371 2329 3654 2383 faciemus.

2072 2425 2351 2492 Proiihetia
2383 2439 2478 2492 per
2507 2422 2725 2491 figuram
2756 2431 2837 2474 est
2862 2437 2923 2474 ea
2948 2437 3063 2490 qua:
3091 2436 3189 2491 per
3222 2436 3308 2475 res
3338 2421 3446 2474 fieri
3473 2421 3653 2483 solet;

2069 2517 2234 2570 altera
2255 2531 2384 2568 vero
2409 2523 2522 2578 est,
2552 2528 2671 2583 quae
2698 2527 2794 2582 per
2819 2512 2978 2566 verba
3011 2513 3067 2566 fit
3099 2531 3110 2565 :
3145 2528 3266 2565 nam
3293 2511 3654 2580 prudentiori-

2073 2606 2173 2660 bus
2211 2594 2514 2676 quibusque
2556 2605 2734 2658 verbis
2777 2605 3059 2672 persuasit,
3107 2603 3349 2658 rudtores
3389 2618 3514 2657 vero
3555 2618 3659 2670 per

2071 2712 2250 2752 rerum
2279 2697 2536 2753 visionem
2564 2696 2873 2751 cohortatus
2899 2704 2999 2749 est.
3041 2695 3300 2763 QuOniam
3339 2696 3476 2749 enim
3508 2695 3658 2749 futu-

2071 2805 2190 2844 rum
2233 2800 2344 2844 erat
2382 2805 2492 2844 rem
2538 2804 2781 2858 magnam
2831 2789 2882 2841 in
2927 2789 3096 2842 lucem
3137 2789 3382 2857 prodire,
3422 2799 3475 2842 et
3508 2788 3661 2842 Dens

2072 2896 2288 2935 carnem
2330 2890 2672 2949 suscepturus
2711 2888 2865 2934 erat:
2901 2879 3324 2949 quandoquidem
3364 2888 3501 2934 terra
3545 2895 3662 2933 cae-

2073 2971 2181 3026 lum
2210 2973 2227 3003 ί
2258 2971 2370 3026 fieri
2401 2970 2646 3034 debebat,
2691 2979 2976 3037 nostraque
3003 2978 3188 3023 natura
3232 2970 3297 3024 ad
3337 2972 3659 3038 angelorum

2073 3063 2402 3120 nobilitatem
2443 3062 2733 3116 ascendere
2763 3077 2777 3119 :
2807 3061 2927 3130 quia
2974 3075 3121 3129 spem
3166 3061 3332 3131 ipsam
3383 3062 3660 3130 superavit

2073 3164 2127 3209 et
2172 3155 2622 3224 exspectationem
2671 3167 2848 3206 sermo
2897 3151 3190 3205 futurorum
3238 3153 3498 3206 bonorum
3526 3193 3540 3215 ,
3581 3169 3660 3207 lle

2073 3261 2265 3300 novum
2290 3256 2346 3300 et
2369 3245 2659 3299 inauditum
2683 3243 2830 3309 illud,
2851 3255 3066 3311 repente
3085 3259 3422 3312 comparans,
3437 3244 3662 3298 audien-

2073 3345 2154 3391 tes
2181 3335 2527 3404 videntesque
2560 3333 2813 3397 turbaret,
2845 3334 3089 3400 ﬁguravit
3115 3332 3241 3386 olim
3268 3349 3363 3401 per
3387 3349 3493 3397 res,
3525 3349 3659 3401 per—

2071 3441 2172 3496 que
2193 3427 2352 3480 verba
2387 3434 2626 3479 nostrum
2661 3423 3021 3480 assuefaciens
3046 3433 3099 3478 et
3119 3425 3356 3478 auditum
3377 3432 3432 3479 et
3453 3425 3657 3491 visum,

2070 3517 2318 3588 quodque
2358 3517 2408 3570 in
2445 3517 2616 3570 lucem
2661 3515 2992 3585 proditurum
3032 3523 3149 3568 erat
3185 3530 3504 3584 praeparans.
3534 3515 3662 3570 Hoc

2070 3619 2248 3666 autem
2279 3619 2393 3664 erat
2421 3608 2562 3679 quod
2588 3608 2839 3670 diximus,
2884 3605 3010 3676 quid
3047 3607 3117 3660 sit
3155 3622 3248 3676 per
3275 3607 3492 3677 figuram
3520 3623 3658 3676 pro-

2072 3701 2247 3772 phetia
2266 3742 2279 3766 ,
2307 3709 2362 3756 et
2407 3701 2530 3770 quid
2560 3701 2628 3756 sit
2657 3716 2751 3768 per
2787 3714 3088 3754 sermonem
3131 3698 3402 3768 prophetia
3435 3717 3449 3751 :
3480 3700 3657 3754 altera

2071 3791 2283 3862 quidem
2327 3806 2530 3856 rerum,
2571 3792 2736 3844 altera
2777 3805 3102 3844 sermonum.
3137 3791 3314 3844 Dicam
3348 3791 3437 3844 tibi
3469 3806 3656 3844 rerum

2071 3883 2404 3952 prophetiam
2445 3893 2499 3936 et
2528 3881 2810 3936 verborum
2849 3882 2988 3935 circa
3033 3896 3144 3936 rem
3187 3881 3473 3935 eamdem?
3501 3881 3660 3936 Sicut

2071 3975 2175 4026 ovis
2204 3973 2270 4026 ad
2314 3972 2608 4026 occisionem
2653 3972 2830 4025 ductus
2875 3982 2981 4038 est,
3027 3984 3072 4026 et
3119 3974 3249 4025 sicut
3291 3989 3449 4042 agnus
3477 3990 3658 4025 coram

2071 4065 2302 4117 tondente
2340 4079 2394 4116 se
2423 4060 2572 4134 (lsai.
2599 4063 2689 4117 55.
2721 4063 2796 4132 7).
2849 4062 2972 4116 Haec
3011 4071 3090 4116 est
3136 4079 3232 4132 per
3275 4064 3490 4117 verbum
3525 4079 3661 4131 pro-

2071 4159 2270 4230 phetia.
2300 4157 2433 4214 Cum
2459 4157 2600 4212 enim
2628 4158 2894 4210 Abraham
2927 4157 3043 4211 tulit
3069 4155 3232 4219 Isaac,
3277 4166 3400 4212 tunc
3425 4159 3656 4213 arietem

2071 4252 2258 4307 videns
2321 4250 2614 4304 haerentem
2677 4247 2968 4310 cornibus.
3018 4246 3085 4300 ad
3134 4247 3447 4301 sacrificium
3497 4249 3659 4303 duxit

2072 4360 2269 4416 opere,
2302 4343 2468 4398 veluti
2507 4357 2603 4410 per
2629 4341 2846 4411 figuram
2876 4340 3209 4410 proclamans
3247 4340 3400 4394 nobis
3443 4339 3656 4393 saluta-

2072 4451 2189 4493 rem
2228 4435 2549 4505 passionem.

2145 4528 2198 4582 5.
2218 4525 2363 4581 Unus
2384 4525 2640 4596 legislator
2660 4523 2918 4588 utriusque
2935 4524 3310 4576 testamenti.—
3327 4523 3475 4588 Quod
3491 4523 3660 4592 igitur

2076 4620 2207 4686 dixi,
2234 4619 2315 4672 vis
2343 4619 2433 4671 tibi
2454 4617 2560 4671 duo
2582 4615 2692 4670 lucc
2707 4623 3017 4668 testamenta
3041 4629 3136 4682 per
3155 4629 3314 4682 opera
3333 4613 3610 4666 ostendam
3632 4615 3660 4667 ?

2075 4709 2532 4774 Quemadmodum
2561 4706 2734 4760 vidisti
2761 4721 2913 4758 ovem
2940 4705 2993 4757 in
3026 4705 3206 4767 verbo,
3235 4705 3381 4759 disce
3409 4713 3462 4757 et
3488 4704 3539 4757 in
3569 4720 3656 4759 re.

2076 4801 2239 4855 Dicite
2263 4800 2387 4853 mihi
2401 4840 2414 4864 ,
2445 4798 2530 4868 qui
2559 4796 2649 4850 sub
2674 4797 2780 4866 lege
2804 4797 2953 4849 vultis
2978 4811 3082 4849 esse
3109 4795 3251 4867 (Gal.
3273 4796 3326 4849 4.
3362 4795 3476 4863 21).
3510 4794 3662 4848 Bene

2075 4893 2242 4959 dixit,
2265 4892 2432 4954 vultis,
2462 4904 2565 4944 non
2591 4889 2732 4942 enim
2778 4897 2930 4942 erant
2974 4887 3073 4941 sub
3101 4885 3218 4955 lege
3247 4904 3258 4939 :
3290 4886 3332 4939 si
3359 4887 3499 4939 enim
3527 4885 3662 4938 fuis-

2078 4997 2198 5041 sent
2222 4984 2321 5039 sub
2343 4983 2479 5053 lege,
2504 4997 2607 5036 non
2639 4981 2862 5036 fuissent
2883 4979 2982 5034 sub
2999 4980 3131 5048 lege.
3153 4977 3402 5032 Fortasse
3427 4977 3659 5046 :enigma

2079 5089 2162 5135 est
2186 5078 2326 5149 quod
2353 5077 2545 5131 dicitur
2569 5091 2585 5129 :
2615 5091 2737 5128 nam
2761 5073 2848 5128 lex
2875 5071 3143 5126 auditores
3172 5069 3384 5125 Christo
3407 5079 3664 5124 transmi-

2080 5173 2149 5224 sit
2180 5187 2191 5222 :
2219 5170 2314 5240 qui
2353 5168 2663 5237 magistrum
2693 5174 3022 5234 aspernatur,
3075 5162 3284 5231 ignorat
3319 5171 3372 5215 et
3410 5161 3662 5229 paedago-

2080 5277 2223 5332 gum.
2252 5261 2448 5326 Quare,
2477 5258 2676 5328 inquit,
2707 5255 2866 5308 Dicite
2912 5254 3069 5321 mihi,
3100 5254 3186 5322 qui
3225 5253 3316 5307 sub
3359 5252 3466 5323 lege
3505 5252 3663 5305 uultis

2081 5331 2205 5420 esse,
2235 5354 2390 5424 legem
2413 5367 2516 5406 non
2543 5350 2757 5403 audistis
2777 5347 2806 5401 .9
2831 5331 3066 5418 quoniam
3093 5345 3350 5398 Abraham
3375 5344 3501 5396 duos
3526 5343 3666 5410 ﬁlios

2083 5446 2286 5513 habuit,
2315 5461 2470 5498 unum
2497 5441 2559 5495 de
2601 5440 2806 5503 ancilla,
2834 5438 3048 5490 alterum
3077 5435 3140 5488 de
3177 5433 3330 5488 libera
3358 5450 3378 5498 ;
3403 5447 3518 5502 qua
3544 5443 3667 5486 sunt

2084 5554 2173 5609 per
2196 5535 2487 5606 allegoriam
2516 5532 2648 5586 dicta
2672 5528 2837 5602 (Ibid.
2865 5545 2912 5582 υ.
2943 5526 3033 5581 22.
3063 5526 3172 5595 25).
3207 5525 3391 5579 Vidisti
3423 5539 3518 5594 per
3547 5539 3669 5579 rem

2150 5654 2166 5683 ¹
2201 5651 2274 5699 sic
2296 5645 2515 5709 plerique
2541 5643 2658 5709 editi
2681 5650 2732 5709 et
2771 5643 2876 5704 ipse
2897 5636 3303 5709 Montefalconius.
3329 5646 3377 5709 In
3397 5637 3667 5688 recentiori

2089 5702 2307 5763 editione
2323 5702 2574 5762 raris'iensi
2597 5702 2802 5770 legitur;
2816 5709 2948 5755 terra
2967 5709 3014 5754 et
3035 5702 3206 5754 statum
3235 5714 3252 5750 :
3275 5703 3417 5751 unde.
