3862 6232
165 318 265 378 519

166 430 650 502 καταχρήσασθαι
688 426 759 496 τῇ
780 426 1033 493 ἐξουσίᾳ
1052 441 1191 495 μου.
1235 422 1384 475 Ἐκεῖ
1423 420 1585 490 νόμος
1612 412 1701 487 ἦν,
1730 413 1819 502 διὰ

164 524 316 578 τοῦτο
342 519 531 591 μισθὸν
562 519 662 570 οὐκ
687 512 798 586 εἶχε
832 514 1025 569 πολύν·
1054 512 1213 567 τοῦτο
1238 511 1292 564 δὲ
1318 508 1688 581 προαιρέσεως
1726 499 1815 573 ἦν,

164 608 241 665 διδ
259 607 426 660 πολὺν
455 604 579 675 ἔσχε
608 603 698 657 τὸν
726 600 934 671 μισθόν.

235 747 299 801 δ’.
333 744 521 798 Ταῦτά
543 760 633 815 μοι
656 742 831 796 πάντα
855 742 953 811 οὐχ
978 738 1163 803 ἁπλῶς
1191 740 1427 810 εἴρηται,
1450 732 1585 789 ἀλλὰ
1617 731 1711 815 διὰ,
1728 729 1819 782 τὸν

168 829 323 901 νόμον
350 828 442 881 τὸν
483 826 646 892 θεῖον,
698 826 786 879 ἵνα
814 826 973 889 δείξω
1013 825 1113 877 οὐκ
1158 822 1286 875 ὅντα
1321 820 1512 891 βαρὺν,
1550 817 1651 871 οὐκ
1690 814 1819 867 ὄντα

163 916 449 989 φορτικὸν,
494 915 594 968 οὐκ
639 913 769 966 ὄντα
796 912 1052 965 ἐπίπονον
1093 910 1213 962 οὐδὲ
1257 908 1537 961 ἀδύνατον.
1572 904 1706 973 Φέρε
1729 901 1816 989 δὴ

165 1005 256 1058 καὶ
282 1004 378 1056 ἀπ’
415 1001 594 1054 αὐτῶν
624 1000 732 1052 τῶν
776 998 870 1052 τοῦ
904 996 1141 1068 Χριστοῦ
1187 995 1446 1067 ῥημάτων
1485 990 1616 1045 αὐτὸ
1659 987 1818 1041 τοῦτο

164 1088 394 1160 φανερὸν
431 1089 775 1159 ποιήσωμεν’
829 1085 882 1136 '0
916 1083 1222 1155 ἐμϐλέψας
1273 1080 1527 1151 γυναῖκα
1564 1076 1715 1145 πρὸς
1751 1076 1818 1128 τὸ

160 1175 525 1246 ἐπιθυμῆσαι
573 1173 791 1242 αὐτῆς,
835 1172 951 1240 ἤδη
995 1170 1352 1240 ἐμοίχευσεν
1394 1166 1590 1234 αὐτὴν
1631 1167 1702 1219 ἐν
1742 1162 1818 1232 τῇ

161 1263 373 1332 καρδίᾳ
401 1261 605 1316 αὑτοῦ.
644 1259 856 1313 Συνεῖδε
887 1260 980 1311 καὶ
1014 1259 1043 1310 0
1086 1255 1318 1327 Χριστὸς
1346 1254 1478 1307 αὐτὸ
1526 1254 1704 1317 τοῦτο,
1736 1253 1817 1304 ὅτι

162 1349 417 1421 μέλλουσι
451 1348 637 1401 πολλοὶ
663 1345 756 1401 τοῦ
793 1345 960 1417 νόμου
1002 1344 1327 1414 κατηγορεῖν
1356 1341 1455 1411 τὴν
1495 1338 1777 1393 δυσκολίαν
1797 1352 1812 1367 ⁸

156 1437 242 1491 διά
263 1436 424 1490 τοῦτο
453 1436 613 1490 αὐτὸν
643 1435 703 1488 οὐ
731 1432 935 1504 γυμνὸν
961 1431 1299 1501 εἰσήνεγκεν,
1334 1428 1456 1482 οὐδὲ
1485 1426 1660 1497 ψιλὸν,
1697 1424 1818 1479 οὐδὲ

156 1525 279 1579 καθ’
307 1524 523 1587 ἑαυτὸν,
554 1522 691 1576 ἀλλά
706 1522 801 1575 καὶ
816 1518 910 1574 τοῦ
935 1517 1165 1573 παλαιοῦ
1196 1516 1601 1587 ἀναμιμνήσκει
1625 1514 1815 1583 νόμου,

153 1614 262 1668 ἀπὺ
286 1613 386 1682 τῆς
416 1612 755 1682 συγκρίσεως
804 1608 898 1662 καὶ
942 1607 1038 1677 τὴν
1085 1605 1335 1659 εὐκολίαν
1373 1605 1467 1657 καὶ
1509 1603 1605 1673 τὴν
1644 1600 1814 1655 αὐτοῦ

153 1700 564 1770 φιλανθρωπίαν
590 1696 1018 1765 ἐνδεικνύμενος.
1062 1695 1182 1757 Πῶς
1208 1692 1285 1755 δὲ,
1338 1690 1656 1760 προσέχετε.
1703 1691 1817 1743 Ούκ

151 1786 273 1843 εἶπε
304 1786 655 1858 γὰρ-ἁπλῶς,
702 1786 766 1838 '0
787 1784 1094 1853 ἐμϐλέψας
1125 1781 1380 1852 γυναῖκα
1411 1780 1562 1848 πρὸς
1589 1778 1657 1832 τὸ
1691 1778 1818 1831 ἐπι-

150 1875 417 1945 θυμῆσαι
449 1873 658 1940 αὐτῆς,
686 1872 803 1940 ἤδη
826 1872 1183 1939 ἐμοίχευσεν
1203 1867 1398 1936 αὐτὴν
1414 1868 1486 1921 ἐν
1507 1865 1583 1936 τῇ
1605 1864 1818 1933 καρδίῃ

149 1961 338 2016 αὑτοῦ
389 1959 667 2030 (ἐνταῦθα
722 1959 1019 2031 προσέχετε
1069 1955 1207 2027 μετά
1245 1954 1529 2027 ἀκριϐείας
1564 1955 1625 2022 )⁶
1680 1952 1817 2006 ἀλλά

150 2051 418 2120 πρότερον
455 2048 728 2119 ἀνέμνησε
775 2046 870 2099 τοῦ
911 2045 1143 2101 παλαιοῦ
1196 2044 1362 2114 νόμου
1408 2043 1552 2097 οῦτω
1605 2041 1812 2109 λέγων·

161 2140 487 2194 Ἠκούσατε
516 2138 606 2191 ὅτι
635 2137 844 2205 ἐρρέθη
869 2135 994 2199 τοῖς
1014 2134 1306 2202 ἀρχαίοις,
1337 2135 1419 2187 Οὐ
1446 2132 1811 2201 μοιχεύσεις·

148 2226 265 2296 ἐγὼ
283 2225 355 2280 δὲ
374 2226 530 2294 λέγω
555 2224 712 2293 ὑμῖν,
741 2221 862 2287 πᾶς
890 2225 921 2275 ό
944 2221 1251 2290 ἐμϐλέψας
1276 2220 1529 2289 γυναῖκα
1565 2220 1714 2287 πρὸς
1750 2218 1816 2272 τὸ

147 2311 517 2381 ἐπιθυμῆσαι
564 2309 774 2378 αὐτῆς,
829 2310 946 2378 ἤδη
986 2310 1343 2378 ἐμοίχευσεν
1388 2307 1583 2374 αὐτὴν
1630 2308 1700 2360 ἐν
1742 2306 1818 2376 τῇ

149 2400 370 2470 καρδίᾳ
417 2398 625 2452 αὑτοῦ.
670 2395 823 2461 Εἶδες
867 2398 994 2459 τοῦς
1038 2395 1132 2449 δύο
1169 2396 1393 2467 νόμους,
1446 2396 1536 2448 τὸν
1591 2394 1818 2449 παλαιὸν

149 2487 368 2540 καὶτὸν
400 2486 607 2544 καινὸν,
642 2485 700 2539 0v
747 2478 912 2553 ἔθηκε
951 2483 1211 2553 Μωῦσῆς,
1255 2483 1347 2535 καὶ
1380 2483 1437 2535 ὃν
1478 2484 1689 2551 εἰσάγει
1722 2483 1821 2536 αύ-

148 2573 275 2636 10;;
319 2571 523 2642 μᾶλλον
558 2571 616 2624 δὲ
664 2571 756 2624 καὶ
798 2569 986 2623 τοῦτον
1020 2570 1184 2633 αὐτὸς
1219 2569 1380 2640 ἔθηκε
1402 2585 1416 2599 ο
1451 2569 1546 2623 καὶ⁵
1592 2569 1698 2640 γὰρ
1731 2569 1818 2622 διὰ

148 2660 434 2719 Μωῦσέως
460 2658 622 2720 αὐτὸς
652 2656 900 2727 ὲλάλησε.
942 2657 1050 2709 Καὶ
1082 2655 1245 2708 πόθεν
1268 2656 1426 2727 δῆλον
1452 2657 1528 2709 ὅτι
1568 2657 1819 2707 κάκεῖνον

150 2747 318 2810 αὐτὸς
364 2745 592 2815 έθηκεν;
638 2745 751 2797 Οὐκ
778 2744 888 2798 ἀπὸ
920 2745 1190 2807 Ἰωάννου,
1223 2745 1344 2798 οὐδὲ
1384 2745 1492 2798 ἀπὸ
1534 2744 1641 2797 τῶν
1684 2745 1820 2797 ἀπο-

152 2834 358 2887 στόλων
386 2833 488 2903 τὴν
526 2832 828 2905 μαρτυρίαν
854 2832 1191 2902 παρέξομαι’
1228 2832 1362 2903 πρὸς
1383 2830 1493 2904 γὰρ
1532 2830 1820 2895 Ἰουδαίους

156 2938 247 2991 μοι
297 2920 400 2974 νῦν
438 2923 466 2973 0
500 2919 681 2987 ἀγών·
727 2918 844 2971 ἀλλ’
877 2919 986 2971 ἀπὸ
1010 2918 1119 2970 τῶν
1150 2919 1447 2990 προφητῶν
1473 2912 1556 2982 οἷς
1603 2918 1820 2972 δοκοῦσι

152 3008 461 3069 πιστεύειν,
510 3008 603 3060 ἀπ’
635 3005 813 3060 αὐτῶν
848 3003 1134 3072 ἀποδείξω,
1187 3007 1270 3059 ὅτι
1324 3006 1418 3059 καὶ
1469 3006 1680 3059 Παλαιὰ
1728 3007 1822 3060 καὶ

153 3095 335 3166 Καινὴ
379 3094 679 3165 νομοθέτην
719 3094 814 3147 ἕνα
847 3094 983 3164 ἔχει.
1028 3094 1093 3145 Τί
1127 3088 1221 3147 οὖν
1252 3096 1282 3147 0
1328 3093 1597 3165 Ἱερεμίας
1644 3094 1818 3165 φησί;

153 3184 524 3252 Διαθήσομαι
575 3183 718 3251 ὑμῖν
760 3181 1057 3249 διαθήκην
1103 3180 1338 3247 καινήν.
1393 3178 1547 3244 Εῐδες
1600 3183 1691 3235 καὶ
1722 3183 1823 3252 τῆς

154 3270 370 3340 Καινῆς
411 3270 471 3322 τὸ
497 3270 666 3339 ὄνομα
694 3270 752 3321 ὲν
776 3272 842 3339 τῇ
878 3269 1119 3339 Παλαιᾷ;
1148 3264 1287 3332 εἶδες
1322 3270 1415 3321 καὶ
1434 3268 1532 3338 τὴν
1550 3285 1824 3339 προσηγο-

158 3358 284 3428 ρίαν
314 3356 425 3427 πρὸ
457 3356 730 3409 τοσούτων
746 3356 1157 3425 διαλάμπουσαν
1193 3356 1434 3428 χρόνων;
1461 3356 1825 3425 Διαθήσομαι

152 3444 302 3514 ὑμῖν
326 3444 621 3511 διαθήκην
646 3442 883 3509 καινήν.
928 3443 1088 3496 Ἀλλά
1125 3444 1288 3497 πόθεν
1316 3444 1475 3514 δῆλον
1503 3446 1584 3498 ὅτι
1613 3445 1707 3497 καὶ
1727 3445 1827 3516 τὴν

154 3532 409 3586 Παλαιὰν
454 3532 616 3593 αὐτὸς
661 3530 897 3596 ἐδωκεν;
945 3530 1152 3596 Εἰπὼν,
1186 3533 1267 3585 ὄτι
1297 3531 1657 3601 Διαθήσομαι
1684 3532 1828 3601 ὑμῖν

155 3619 461 3687 διαθήκην
497 3618 736 3686 καινὴν,
759 3620 1062 3687 ἐπήγαγεν,
1089 3622 1172 3672 Οὐ
1193 3619 1343 3673 κατὰ
1388 3619 1499 3687 τὴν
1530 3618 1828 3688 διαθήκην

155 3706 240 3775 ἦν
268 3705 552 3777 διεθέμην
582 3705 704 3773 τοῖς
727 3705 1027 3774 πατράσιν
1052 3705 1237 3775 ὑμῶν.
1279 3707 1417 3760 Nai“
1453 3706 1567 3760 ἀλλ’
1595 3705 1748 3761 οῦπω
1767 3706 1828 3759 τὸ

157 3797 400 3865 πρᾶγμα
433 3794 795 3864 ἀπεδείξαμεν
818 3810 832 3825 ·
862 3794 944 3847 δεῖ
966 3793 1074 3865 γάρ
1104 3794 1319 3848 ἅπαντα
1347 3795 1416 3848 τά
1442 3794 1828 3866 ἀντικρούοντα

155 3884 509 3953 παραγαγεῖν
539 3883 619 3944 είς
666 3881 830 3949 μέσον
863 3881 959 3934 καὶ
1003 3880 1139 3951 δῆλα
1168 3883 1365 3944 ποιεῖν,
1400 3883 1487 3935 ἵνα
1514 3881 1776 3936 πάντοθεν
1801 3884 1830 3936 0

154 3970 322 4040 λόγος
360 3973 493 4043 ἡμῖν
525 3970 944 4043 ἐκκαθαίρηται,
975 3973 1069 4026 καὶ
1097 3973 1231 4045 μηδὲ
1257 3975 1370 4037 τοῖς
1412 3972 1830 4043 ἀναισχυντοῦσι

157 4059 563 4129 καταλείπηται
614 4059 907 4131 πρόφασις.
970 4061 1335 4129 Διαθήσομαι
1358 4059 1500 4128 ὑμῖν
1534 4059 1831 4128 διαθήκην

155 4147 419 4215 καινήν,
466 4149 542 4201 οὺ
587 4146 735 4200 κατὰ
768 4145 885 4213 τὴν
925 4146 1219 4215 διαθήκην
1263 4148 1344 4216 ῆν
1389 4148 1669 4218 διεθέμην
1704 4149 1831 4216 τοῖς

154 4233 468 4303 πατράσιν
485 4230 672 4302 ὑμῶν.
703 4233 918 4285 Διέθετο
946 4233 1208 4306 διαθήκην
1233 4234 1383 4307 [325]
1409 4235 1545 4307 πρὸς
1564 4235 1654 4289 τὸν
1682 4235 1828 4299 Νῶε,

152 4323 328 4380 ἡνίκα
351 4323 382 4373 0
420 4318 801 4390 κατακλυσμὸς
831 4320 1067 4388 ἐγένετο,
1128 4321 1446 4394 βουλόμενος
1466 4325 1628 4394 ,ἡμᾶς
1656 4323 1831 4378 ἀπαλ-

154 4407 327 4473 λάξαι
378 4408 488 4461 τῶν
513 4408 715 4475 φόϐων,
755 4409 842 4462 ἵνα
886 4409 960 4479 μὴ
1001 4409 1064 4479 δὴ
1103 4410 1488 4481 κατακλυσμὸν
1517 4410 1827 4481 βλέποντες,

153 4498 254 4551 καὶ
290 4497 498 4569 ὄμϐρον
527 4500 760 4571 ὁρῶντες
793 4500 910 4564 ἀεὶ,
946 4500 1039 4552 καὶ
1079 4498 1177 4569 τὴν
1216 4498 1593 4568 πανωλεθρίαν
1616 4498 1832 4566 ἐκείνην

153 4584 558 4657 προσδοκῶμεν
614 4586 869 4640 ἔσεσθαι·
922 4586 1010 4640 διὰ
1050 4584 1230 4648 τοῦτο,
1282 4584 1438 4653 φησὶ,
1466 4584 1831 4652 Διαθήσομαι

152 4672 466 4741 διαθήκην
488 4674 640 4744 μετὰ
664 4675 801 4738 σοῦ,
825 4674 924 4728 καί
949 4674 1097 4744 μετὰ
1123 4672 1326 4739 πάσης
1349 4674 1596 4740 σαρκός.
1615 4674 1833 4726 Διέθετο

153 4762 331 4814 πάλιν
372 4761 509 4831 πρὸς
536 4761 629 4814 τὸν
671 4762 921 4833 Ἀϐραὰμ
941 4761 1208 4833 διαθήκην
1240 4761 1339 4833 τὴν
1364 4761 1463 4832 τῆς
1492 4762 1795 4832 περιτομῆς
1814 4777 1827 4791 ·

153 4848 375 4902 διέθετο
395 4847 659 4919 διαθήκην
691 4848 778 4902 διὰ
800 4849 1077 4912 Μωῦσέως
1109 4849 1207 4919 τὴν
1229 4848 1323 4901 καὶ⁵
1360 4850 1494 4901 πᾶσι
1534 4848 1829 4919 γνώριμον.

154 4934 337 4989 Εἶπεν
364 4937 393 4988 0
422 4936 685 5006 Ἱερεμίας
701 4953 712 4966 ο
733 4935 1093 5005 Διαθήσομαι
1120 4936 1264 5005 ὑμῖν
1280 4935 1575 5002 διαθήκην
1594 4934 1831 5003 καινὴν,

152 5028 231 5081 οὐ
280 5028 441 5081 κατὰ
480 5027 596 5092 τὴν
635 5025 929 5093 διαθήκην
958 5024 1039 5093 ἣν
1066 5026 1345 5094 διεθέμην
1376 5024 1496 5089 τοῖς
1538 5023 1835 5092 πατράσιν

152 5111 357 5182 ὑμῶν.
392 5113 549 5177 Εἰπὲ,
584 5116 756 5176 ποίοις
781 5113 1019 5184 πατράσι
1052 5130 1066 5179 ;
1110 5114 1204 5165 καὶ
1236 5111 1347 5182 γὰρ
1405 5114 1434 5165 0
1493 5113 1615 5166 Νῶε
1654 5108 1835 5181 πατὴρ

156 5198 250 5276 ἦν,
282 5199 386 5253 καὶ
408 5200 436 5250 0
461 5197 711 5271 ’Δϐραάμ
739 5198 921 5269 πατὴρ
944 5195 1012 5270 ἦν
1028 5216 1041 5229 ·
1068 5200 1242 5262 ποίοις
1261 5195 1355 5252 οὖν
1386 5198 1534 5266 λέγει
1559 5199 1795 5268 πατράσι
1817 5215 1831 5263 ;

154 5289 223 5340 τὸ
257 5286 381 5356 γὰρ
404 5285 706 5356 ἀδιόρι-στον
753 5286 848 5339 τοῦ
883 5285 1173 5359 προσώπου
1208 5285 1470 5356 σύγχυσιν
1514 5289 1677 5339 ποιεῖ.
1715 5286 1835 5339 Ἐν-

155 5373 348 5429 ταῦθα
381 5374 673 5443 προσέχετε
694 5389 712 5404 ⁸
735 5376 817 5428 οὐ
839 5373 990 5427 κατὰ
1007 5373 1131 5443 τὴν
1146 5372 1443 5441 διαθήκην
1456 5371 1538 5440 ῆν
1560 5371 1837 5442 διεθέμην

155 5461 294 5528 τηῖς
324 5460 629 5528 πατράσιν
657 5459 840 5529 ὑμῶν.
886 5461 1004 5514 Ἵνα
1026 5460 1136 5532 γὰρ
1184 5462 1258 5533 μὴ
1310 5460 1474 5534 λέγῃς
1500 5462 1581 5514 ὅτι
1609 5460 1708 5531 τὴν
1744 5463 1838 5517 ἐπὶ

159 5550 297 5603 Νῶε
338 5547 511 5616 λέγει,
560 5548 646 5602 ἵνα
696 5548 771 5621 μὴ
809 5548 974 5622 λέγῃς
1028 5549 1110 5602 ὅτι
1156 5550 1257 5619 τὴν
1304 5549 1395 5602 ἐπὶ
1432 5549 1527 5603 τοῦ
1587 5549 1838 5621 Ἀϐραὰμ

161 5637 353 5705 λέγει,
389 5635 551 5690 αὑτοῦ
576 5636 669 5690 τοῦ
702 5636 899 5707 χρόνου
931 5635 1118 5689 λοιπὸν
1142 5636 1251 5690 τῶν
1287 5635 1562 5706 διαθηκῶν
1595 5639 1840 5709 ἐμνημό-

157 5742 368 5782 νευσεν
405 5725 610 5789 οὕτως’
649 5725 819 5781 εἰπὼν
843 5724 970 5798 γάρ,
1003 5726 1086 5779 ὅτι
1129 5723 1493 5795 Διαθήσομαι
1524 5722 1666 5794 ὑμῖν
1708 5724 1836 5779 δια-

1390 304 1476 359 DE
1518 295 1984 358 ΡΕΕΠΙΤΕΝΤΙᾹ.
2031 294 2263 351 ῙΙΟΜΙΙ..
2306 295 2390 350 VI.

3473 280 3575 335 520

1922 412 2136 481 θήκην,
2168 415 2239 468 οὐ
2277 411 2428 467 κατὰ
2452 410 2569 478 τὴν
2587 407 2878 476 διαθήκην
2904 402 2983 472 ἦν
3012 402 3287 471 διεθέμην
3318 395 3440 463 τοῖς
3466 411 3576 449 παρ

1920 500 2133 568 τράσιν
2161 500 2346 569 ὑμῶν,
2378 499 2627 569 ἐπήγαγε
2677 495 2768 549 καὶ
2816 494 2907 547 τὸν
2956 491 3181 563 χρόνονο
3229 488 3334 540 Ἐν
3385 484 3576 553 ἡμέρα

1920 586 2356 655 ἐπιλαϐομένου
2383 602 2501 654 μου
2529 582 2638 651 τῆς
2680 580 2877 651 χειρὸς
2913 576 3110 634 αὐτῶν
3133 572 3445 643 ἐξαγαγεῖν
3469 570 3574 623 ai!-
3634 634 3637 637 ,

1920 673 2061 738 τοὺς
2085 674 2153 726 ἐκ
2182 672 2298 741 τῆς
2323 673 2642 741 Αἰγύπτου.
2672 666 2823 733 Εἶδες
2873 668 2903 720 0
2950 663 3045 718 τοῦ
3077 658 3270 733 καιροῦ
3298 656 3575 729 διορισμὸς

1920 761 2093 831 πόσην
2112 761 2335 830 ἐποίησε
2367 760 2466 830 τὴν
2497 759 2822 829 σαφήνειανς
2853 752 3049 807 Οὐκέτι
3068 747 3251 804 λοιπὸν
3278 746 3399 800 οὐδὲ
3439 745 3572 831 ’1ου-

1920 830 2066 910 δαῖος
2094 846 2393 914 ἀντιλέγει’
2424 844 2800 915 ἀναμνήσθητι
2825 841 2921 895 τοῦ
2952 839 3169 911 χρόνου,
3204 836 3299 890 καὶ
3317 832 3451 887 λάϐε
3473 830 3571 900 τὴν

1920 934 2242 1004 νομοθεσίαν
2258 951 2272 965 ο
2320 935 2422 987 Ἔν
2452 932 2640 1001 ήμέρςι
2668 926 3098 997 ἐπιλαϐομένου
3109 941 3227 995 μου
3249 921 3357 990 τῆς
3377 918 3574 988 χειρὸς

1918 1020 2141 1075 αὐτῶν.
2183 1022 2284 1075 Διά
2325 1021 2377 1074 τί
2420 1021 2479 1075 δὲ
2529 1021 2623 1074 καὶ
2669 1018 2760 1071 τὸν
2794 1017 2994 1086 τρόπον
3028 1014 3178 1081 λέγει
3206 1010 3307 1080 τῆς
3346 1005 3570 1072 ἐξόδου;

1929 1108 2395 1172 Ἐπιλαϐοιιένου
2410 1126 2529 1177 μου
2552 1106 2663 1176 τῆς
2696 1104 2893 1175 χειρὸς
2915 1101 3111 1157 αὐτῶν
3131 1097 3444 1169 ἐξαγαγεῖν
3466 1096 3575 1149 αὐ-

1916 1199 2054 1265 τοὺς
2077 1199 2145 1252 ἐκ
2178 1198 2293 1268 τῆς
2321 1199 2644 1268 Αἰγύπτου.
2676 1196 2794 1248 Ἵνα
2822 1192 3093 1263 πατρικὴν
3115 1188 3263 1259 δείξῃ
3293 1186 3574 1255 φιλοστορ-

1916 1288 2063 1356 γίαν,
2094 1288 2192 1359 οὐχ
2223 1288 2297 1351 ὡς
2328 1287 2547 1348 δούλους
2587 1285 2875 1356 ἐξήγαγεν,
2907 1281 3021 1336 ἀλλ’
3049 1280 3125 1344 ὡς
3154 1277 3363 1333 παιδίον
3394 1272 3574 1329 λαϐὼν

1916 1376 2118 1449 πατὴρ,
2141 1375 2313 1440 οὕτως
2340 1375 2670 1447 ἀπήλλαξεν,
2695 1375 2795 1428 οὐκ
2821 1370 3044 1426 δπισθεν
3074 1368 3311 1439 βαδίζειν
3339 1362 3574 1419 κελεύων

1915 1462 2106 1535 ὥσπερ
2123 1464 2362 1534 οἰκέτην,
2402 1464 2517 1517 ἀλλ’
2538 1463 2614 1527 ὡς
2647 1461 2762 1515 υἱὸν
2792 1459 2984 1530 εὐγενῆ
3011 1459 3107 1511 καὶ¹
3143 1454 3448 1525 ἐλεύθερον,
3476 1451 3573 1520 τῆς

1915 1551 2093 1616 δεξιᾶς
2118 1552 2435 1623 λαϐόμενος,
2474 1551 2651 1614 οῦτως
2678 1550 2967 1620 ἐξήγαγεν.
3004 1542 3158 1611 Εῐδες
3182 1544 3275 1599 δύο
3298 1541 3574 1608 διαθηκῶν

1915 1638 2012 1691 ἕνα
2060 1638 2385 1709 νομοθέτην;
2435 1638 2647 1692 Οὐκοῦν
2703 1637 2888 1691 λοιπὸν
2938 1635 3126 1706 ἐπειδὴ
3177 1632 3285 1687 τῶν
3347 1629 3573 1699 ἀγώνων

1916 1724 2338 1795 ἀπηλλάγημεν,
2361 1725 2457 1778 καὶ
2488 1725 2598 1778 ἀπὸ
2614 1725 2715 1794 τῆς
2738 1724 2948 1793 Καινῆς
2975 1723 3132 1786 δείξω
3156 1738 3237 1773 σοι
3274 1718 3450 1781 τοῦτο,
3486 1717 3575 1769 ἵνα

1917 1813 2063 1883 εἰδῇς
2111 1814 2209 1884 τὴν
2245 1813 2566 1883 συμφωνίαν
2592 1811 2701 1864 τῶν
2737 1808 3032 1880 διαθηκῶν.
3060 1805 3213 1871 Εἶδες
3235 1807 3335 1876 τὴν
3358 1820 3574 1874 προφηοη

1915 1902 2066 1954 τείαν
2089 1900 2176 1953 διὰ
2199 1899 2309 1953 τῶν
2340 1900 2629 1972 ῥημάτων;
2662 1897 2800 1968 μάθε
2842 1896 2939 1967 τὴν
2972 1894 3307 1967 προφητείαν
3349 1893 3443 1945 καὶ
3487 1887 3577 1943 διὰ

1915 1985 2024 2039 τῶν
2062 1985 2266 2048 τύπων,
2316 1988 2363 2038 εί
2394 1985 2487 2037 καὶ⁸
2530 1984 2617 2037 διὰ
2645 1996 2671 2024 ι
2696 1981 2855 2035 τοῦτο
2895 1980 3057 2035 πάλιν
3085 1979 3294 2047 ἀσαφές
3320 1979 3488 2038 ἐστιν,
3524 1974 3575 2028 τί

1916 2073 2047 2126 ποτέ
2074 2074 2188 2125 ἐστι
2224 2070 2315 2125 διὰ
2354 2071 2525 2124 τύπου
2560 2069 2887 2141 προφητεία,
2920 2068 3014 2121 κα)⁵
3068 2067 3121 2120 τί
3174 2065 3302 2119 ποτέ
3331 2066 3448 2117 ἐστι
3488 2063 3577 2116 διὰ

1914 2159 2073 2229 λόγου
2109 2159 2444 2230 προφητεία⁸
2496 2157 2689 2211 οὐκοῦν
2715 2158 2771 2208 ὲν
2806 2156 2996 2227 βραχεῖ
3025 2155 3119 2208 καὶ
3164 2152 3322 2205 τοῦτο
3370 2152 3577 2221 ποιήσω

1920 2248 2109 2316 σαφές.
2156 2247 2221 2299 Ἠ
2246 2243 2552 2317 προφητεία
2571 2247 2603 2315 ή
2623 2244 2713 2297 διὰ
2734 2243 2828 2296 τοῦ
2859 2242 3030 2295 τύπου
3066 2243 3099 2311 ή
3122 2240 3209 2294 διὰ
3235 2239 3576 2309 πραγμάτων

1918 2334 2033 2386 ἐστὶ
2061 2331 2386 2403 προφητεία,
2412 2332 2445 2401 ἡ
2479 2331 2536 2383 δὲ
2566 2329 2699 2398 άλλη
2730 2327 3041 2401 προφητεία
3063 2330 3096 2397 ή
3142 2326 3232 2379 διὰ
3257 2325 3365 2378 τῶν
3399 2325 3578 2399 ῥημά-

1916 2437 2025 2473 των
2051 2419 2168 2472 ὲστὶ
2202 2417 2539 2489 προφητείω
2589 2417 2717 2479 τοὺς
2768 2416 2864 2486 μὲν
2905 2414 3014 2486 γάρ
3047 2412 3449 2481 συνετωτέρους
3486 2411 3574 2463 διὰ

1917 2507 2025 2560 τῶν
2048 2506 2220 2575 λόγων
2249 2505 2454 2568 ἔπειθε,
2479 2505 2605 2566 τοὺς
2632 2503 2688 2557 δὲ
2716 2501 3203 2573 ἀναισθητοτέρους
3238 2499 3334 2553 καὶ
3357 2498 3445 2551 διά
3478 2498 3579 2568 τῆς

1918 2595 2025 2648 τῶν
2086 2595 2428 2666 πραγμάτων
2480 2592 2655 2661 ὅψεως
2727 2590 3112 2661 ὲπληροφόρει.
3190 2586 3407 2656 Ἐπειδὴ
3469 2585 3578 2655 γάρ

1920 2684 2151 2753 πρᾶγμα
2182 2682 2405 2752 ἔμελλεν
2434 2677 2766 2749 ὲκϐήσεσθαι
2809 2678 2973 2748 μέγα,
3012 2676 3109 2731 καὶ
3159 2677 3188 2729 ὀ
3221 2674 3353 2737 Θεὸς
3401 2674 3581 2744 σάρκα

1919 2769 2143 2840 ἔμελλεν
2185 2768 2584 2839 ἀναλαμϐάνειν
2607 2781 2624 2798 ⁸
2663 2764 2847 2837 ἐπειδὴ
2887 2769 2921 2835 ἡ
2974 2765 3044 2834 γῆ
3088 2763 3316 2833 οὐρανὸς
3356 2761 3582 2833 ἔμελλεν

1921 2857 2162 2921 ἔσεσθαι,
2213 2857 2306 2912 καὶ
2338 2857 2371 2927 ή
2399 2855 2645 2927 ἡμετέρα
2697 2852 2858 2923 φύσις
2892 2852 3027 2923 πρὸς
3063 2851 3161 2921 τὴν
3190 2850 3298 2905 τῶν
3338 2848 3582 2918 ἀγγέλων

1921 2947 2199 3015 εὐγένειαν
2229 2945 2562 3013 ἀνάγεσθαι·
2613 2943 2800 3013 ἐπειδὴ
2857 2941 3213 3011 ὑπερέϐαινεν
3264 2938 3455 2991 ἐλπίδα
3488 2938 3585 2991 κα)⁸

1923 3033 2245 3106 προσδοκίαν
2271 3036 2299 3086 0
2322 3032 2478 3100 λόγος
2516 3032 2623 3085 τῶν
2648 3030 2944 3101 μελλόντων
2984 3027 3313 3099 ἐπιϐήσεσθαι
3341 3026 3582 3095 ἀγαθῶν,

1926 3125 2013 3179 ἵνα
2042 3124 2116 3195 μὴ
2146 3123 2208 3176 τὸ
2233 3121 2416 3174 καινὸν
2446 3120 2542 3172 καὶ
2560 3115 2860 3189 παράδοξον
2889 3114 2954 3169 ἀθ
2965 3115 3099 3185 ρόως
3116 3115 3283 3184 φανὲν
3312 3113 3584 3184 θορυϐήσῃ

1926 3212 2052 3275 τοὺς
2081 3212 2199 3264 τότε
2231 3208 2494 3280 ὁρῶντας,
2522 3207 2617 3260 καὶ
2642 3204 2959 3266 ἀκούοντας,
2989 3201 3197 3255 ἀνωθεν
3235 3201 3586 3272 προετύπωσε

1928 3299 1956 3339 ὐ
1993 3298 2083 3352 διά
2111 3297 2450 3370 πραγμάτων
2488 3296 2583 3348 καὶ
2625 3293 2713 3347 διὰ
2750 3294 3010 3365 ῥημάτων
3061 3289 3256 3354 ἐθίζων
3298 3288 3458 3359 ἡμῶν
3490 3287 3588 3358 τὴν

1926 3387 2095 3457 ἀκοὴν
2129 3387 2224 3441 καὶ
2260 3386 2359 3456 τὴν
2391 3383 2536 3454 ὄψιν,
2566 3382 2659 3437 καὶ
2688 3381 2749 3435 τὸ
2799 3380 2989 3452 μέλλον
3033 3375 3361 3450 ὲκϐήσεσθαι
3411 3393 3591 3445 παραη

1930 3475 2229 3539 σκευάζων.
2269 3471 2439 3527 Τοῦτο
2469 3471 2527 3525 δὲ
2556 3466 2624 3541 ἦν
2674 3470 2810 3540 ὅπερ
2839 3468 3134 3538 ἐλέγομεν,
3168 3466 3222 3519 τί
3256 3467 3404 3518 ἐστιν
3436 3465 3469 3535 ή
3501 3463 3590 3517 0:3:

1926 3563 2098 3615 τύπου
2129 3561 2457 3633 προφητεία,
2490 3560 2584 3613 καὶ
2618 3560 2671 3611 τί
2699 3559 2846 3612 ἐστιν
2877 3559 2910 3627 ἠ
2938 3556 3027 3610 διὰ
3053 3555 3213 3623 λόγου
3249 3552 3554 3622 προφητεία
3573 3568 3586 3581 ο

1928 3652 1961 3721 ή
2001 3651 2099 3722 μὲν
2130 3650 2218 3704 διὰ
2251 3649 2613 3721 πραγμάτων,
2642 3649 2676 3719 ή
2703 3646 2760 3700 δὲ
2781 3646 2871 3699 διὰ
2901 3644 3182 3715 ῥημάτων.
3212 3642 3364 3694 Εἴπω
3399 3656 3480 3693 σοι
3505 3639 3593 3692 διά

1930 3738 2257 3810 πράγματος
2287 3736 2625 3808 προφητείαν
2642 3733 2735 3787 καὶ
2763 3733 2852 3787 διὰ
2878 3732 3121 3803 ῥήματος
3149 3730 3230 3791 εἰς
3259 3727 3453 3792 αύτὸνς
3494 3726 3592 3791 Ὠς

1930 3828 2228 3896 πρόϐατον
2256 3825 2354 3879 ἐπὶ
2388 3823 2636 3893 σφαγὴν
2667 3821 2847 3891 ἤχθη,
2881 3819 2978 3872 καί
3012 3818 3094 3882 ὡς
3110 3815 3298 3885 ἀμνὸς
3317 3814 3595 3867 ἐναντίον

1930 3916 2037 3970 τοῦ
2078 3914 2229 3987 [εει]
2262 3914 2569 3982 κείροντος
2602 3912 2806 3967 αὐτόν.
2839 3906 3009 3961 Τοῦτο
3036 3905 3126 3958 διά
3161 3906 3405 3975 ῥήματος
3456 3920 3592 3972 προ-

1934 4003 2152 4072 φητεία.
2195 4001 2323 4053 Ὅτε
2367 3997 2477 4068 γὰρ
2511 3998 2603 4051 τὸν
2657 3994 2845 4048 Ὶσαάκ
2888 3994 3186 4063 ἀνήνεγκεν
3230 3993 3259 4043 0
3307 3989 3588 4059 Ἀϐραὰμ,

1931 4090 2052 4142 τότε
2092 4086 2365 4158 πρόϐατον
2406 4084 2529 4138 ἰδὼν
2562 4084 2980 4155 ἐκκρεμάμενον
3033 4080 3098 4131 ὲκ
3149 4077 3260 4131 τῶν
3321 4077 3591 4147 κεράτων,

1933 4176 2071 4245 πρὸς
2125 4173 2224 4244 τὴν
2281 4172 2472 4226 θυσίαν
2526 4172 2731 4241 ήγαγεν
2788 4169 2963 4239 ἔργῳ,
3024 4166 3272 4235 καθάπερ
3329 4165 3387 4215 ὲν
3437 4162 3594 4232 τύπῳ

1936 4259 2347 4334 προαναφωνῶν
2374 4260 2507 4329 ἡμῖν
2539 4259 2601 4311 τὸ
2625 4258 2895 4328 σωτήριον
2926 4253 3116 4318 πάθος.

2002 4356 2064 4403 ε’.
2086 4351 2265 4420 Ὅπερ
2292 4344 2384 4402 οὖν
2402 4347 2603 4416 ἔλεγον,
2628 4343 2805 4415 βούλει
2827 4359 2910 4396 σοι
2929 4342 3086 4408 δείξω
3103 4341 3198 4404 τάς
3214 4337 3307 4392 δύο
3327 4338 3589 4409 διαθήκας

1932 4440 2136 4503 ταύτας
2163 4438 2251 4493 διὰ
2270 4438 2379 4491 τῶν
2401 4437 2577 4507 ἔργων
2599 4453 2613 4503 ;
2641 4435 2853 4506 ’Ὥσπερ
2877 4428 3018 4493 εἶδες
3039 4430 3102 4482 τὺ
3125 4428 3394 4500 πρόϐατον
3428 4429 3486 4480 ὲν
3515 4427 3592 4496 τῷ

1934 4531 2161 4601 ῥήματι,
2194 4526 2430 4598 μάνθανε
2464 4526 2557 4578 καὶ
2584 4527 2643 4578 ὲν
2681 4522 2759 4592 τῷ
2787 4521 3095 4593 πράγματι.
3126 4515 3342 4586 Λέγετέ
3380 4532 3484 4584 μοι
3538 4518 3591 4567 οί

1935 4615 2049 4670 ὑπὸ
2111 4616 2299 4683 νόμον
2336 4612 2614 4676 θέλοντες
2659 4606 2832 4663 εἶναι.
2883 4606 3081 4668 Καλῶς
3115 4601 3259 4665 εἷπε,
3305 4602 3594 4668 Θέλοντες

1933 4700 2115 4757 εἶναι’
2167 4703 2228 4755 οὑ
2267 4700 2376 4770 γὰρ
2415 4695 2582 4771 ἦσαν’
2633 4700 2681 4751 εί
2723 4696 2832 4768 γὰρ
2860 4691 3000 4767 ἦσαν
3030 4694 3136 4747 ὑπὸ
3163 4693 3349 4762 νόμον,
3389 4690 3491 4744 οὐκ
3528 4690 3594 4743 ἀν

1932 4787 2072 4862 ἦσαν
2120 4791 2225 4844 ὑπὸ
2250 4790 2433 4859 νόμον.
2484 4788 2639 4856 Τάχα
2671 4785 2900 4855 αἴνιγμά
2939 4784 3054 4835 ἐστι
3086 4782 3147 4836 τὸ
3177 4780 3491 4851 λεγόμενον.
3539 4779 3595 4829 ’0

1934 4880 2043 4951 γὰρ
2065 4880 2229 4949 νόμος
2255 4877 2335 4948 τῷ
2367 4874 2587 4946 Χριστῷ
2624 4873 2955 4943 παρέπεμπε
2985 4871 3113 4934 τοὺς
3133 4869 3534 4940 προσέχοντας’
3566 4868 3595 4918 0

1933 4968 2024 5021 τὸν
2055 4966 2372 5020 διδάσκαλον
2410 4962 2714 5034 ἀτιμάζων,
2757 4961 2947 5028 ἀγνοεῖ
2969 4959 3063 5012 καὶ
3101 4957 3192 5011 τὸν
3223 4954 3591 5024 παιδαγωγόν.

1935 5056 2046 5111 Διὸ.
2074 5055 2226 5125 φησὶ,
2259 5050 2474 5122 Λέγιετέ
2507 5067 2609 5119 μοι
2642 5052 2695 5103 οἱ
2725 5047 2846 5103 ὑπὸ
2875 5046 3064 5116 νόμον
3097 5043 3375 5109 θέλοντες
3417 5037 3591 5105 εἶναι,

1934 5146 2040 5199 τὸν
2091 5142 2277 5211 νόμον
2310 5142 2421 5194 οὐκ
2453 5139 2701 5192 ἀκούετε
2721 5176 2736 5201 ,
2791 5135 2880 5189 ὅτι
2923 5139 2956 5189 ό
2998 5132 3252 5201 Ἀϐραὰμ
3283 5131 3393 5184 δύο
3423 5129 3594 5194 vim);

1936 5234 2140 5300 ἔσχεν,
2167 5229 2275 5283 ἕνα
2310 5228 2378 5282 ἐκ
2407 5226 2517 5296 τῆς
2550 5224 2895 5290 παιδίσκης,
2928 5221 3024 5276 καί
3048 5220 3155 5274 ἕνα
3175 5219 3243 5272 ἐκ
3276 5216 3385 5286 τῆς
3424 5217 3594 5270 ἐλευ-

1935 5319 2131 5387 θέρας,
2184 5315 2359 5372 ἅτινά
2401 5315 2572 5368 ἐστιν
2601 5309 3119 5383 ἀλληγορούμενα.
3167 5302 3321 5367 Εἶδες
3361 5304 3449 5357 διὰ
3495 5304 3590 5355 τοῦ

1999 5550 2024 5578 ⁸
2052 5544 2540 5609 [εεοηόοτηᾷτοι-εεη
2574 5542 2741 5609 εἰ-καί
2784 5541 2857 5598 δήν
2894 5537 3114 5600 quamvis
3145 5535 3185 5583 si
3233 5531 3594 5609 quiﬂlgrggfft

1936 5592 2328 5676 ρταερᾞεῆἷοοεπι
2346 5606 2424 5654 διά
2447 5604 2735 5668 simpliciter
2758 5592 3067 5663 exburigere,
3087 5610 3177 5658 per
3196 5607 3273 5644 me
3297 5592 3430 5642 lidet.
3459 5592 3588 5641 l'lu'r.

1999 5672 2027 5710 ι)
2053 5670 2215 5720 Oltob.
2249 5666 2654 5720 προανετύπωσεν.
2704 5662 2815 5713 Mox
2841 5659 3010 5714 Morel.
3056 5659 3233 5719 ἐθίζων,
3272 5655 3421 5705 SaVil.
3446 5650 3590 5715 ὶρεθί·

2287 5682 2654 5730 ροανετυπωσεν.
2704 5682 2814 5713 mox
2841 5682 3010 5714 morm.
3056 5682 3233 5719 ιυιςων,

1940 5739 2047 5792 ζων.
2070 5730 2235 5782 Ottob.
2259 5728 2483 5783 ἆνεθίζων.
