3862 6232
310 301 407 358 321

310 416 635 486 πράγματος
656 416 992 487 προφητείαν
1012 436 1027 485 ;
1053 418 1125 471 Τὺ
1138 419 1245 491 γάρ
1265 423 1530 488 γυναῖκας
1548 419 1693 490 ἔχειν
1707 419 1768 472 οὺ
1793 418 1965 489 ῥῆμα,

311 503 449 557 ἀ).λά
476 504 708 575 πρᾶγμα
731 518 747 534 ·
787 505 883 557 καὶ
908 502 1101 575 δούλην
1129 506 1226 559 καὶ
1249 506 1540 578 ἐλευθέραν
1568 505 1747 573 ἐδειξά
1776 522 1858 558 σοι
1880 504 1971 558 διὰ

311 589 422 643 τῶν
474 590 755 662 ῥημάτων,
806 592 887 644 ὅτι
920 591 1013 644 δύο
1043 592 1318 663 διαθηκῶν
1347 588 1429 658 εἷς
1471 596 1589 648 ἐστι
1625 592 1923 664 νομοθέτης
1956 607 1971 625 ⁸

315 677 555 748 μάνθανε
574 679 669 732 καὶ
695 678 783 732 διὰ
808 679 916 731 τῶν
938 678 1121 732 τύπων
1150 681 1209 734 τὸ
1240 680 1371 734 αύτό
1391 682 1569 736 τοῦτο.
1611 682 1859 754 Ἀϐραάμ
1878 681 1972 734 δύο

312 767 580 832 γυναῖκας
628 765 813 835 ἔσχεν·
869 759 1031 820 αὗται
1086 767 1143 819 δέ
1193 768 1298 820 εἰσι
1333 768 1428 822 δύο
1462 768 1737 839 διαθῆκαι,
1774 769 1868 821 καὶ
1890 763 1971 832 εἷς

312 850 636 921 νομοθέτης·
669 850 855 924 ὥσπερ
879 853 995 906 ἐκεῖ
1016 852 1288 925 πρόϐατον
1322 855 1417 908 καὶ
1451 856 1742 926 πρόϐατον,
1778 855 1839 909 τὸ
1874 855 1972 925 μὲν

311 937 371 990 ἐν
398 939 619 1008 ῥήματι,
646 938 709 992 τὸ
745 939 802 993 δὲ
828 942 892 994 ἐν
923 942 1228 1011 πράγματι,
1261 942 1430 1015 πολλὴ
1443 943 1520 996 ³δέ
1534 945 1640 997 ’καὶ
1661 944 1770 997 τῶν
1797 944 1973 1016 ἔργων

312 1024 406 1077 καὶ
435 1023 541 1076 τῶν
571 1025 741 1093 λόγων
772 1028 805 1097 ἡ
841 1029 1127 1098 συμφωνία
1146 1046 1160 1060 ·
1186 1030 1327 1083 οὕτω
1347 1030 1441 1084 καὶ
1474 1030 1705 1085 ἐνταῦθα
1721 1032 1973 1102 διαθῆκαι

310 1109 421 1173 δύο,
452 1112 545 1164 καὶ
571 1111 775 1177 ταύτας
807 1116 835 1166 ὁ
866 1115 966 1186 μὲν
1011 1116 1277 1187 Ἱερεμίας
1309 1116 1396 1170 διὰ
1420 1120 1661 1189 ῥήματος
1691 1122 1970 1190 προεῖπεν,

309 1198 338 1250 ό
362 1197 419 1251 δέ
453 1197 700 1270 ’Δϐραάμ
725 1200 814 1255 διὰ
846 1201 951 1254 τῶν
980 1200 1154 1272 ἔργων
1181 1202 1638 1274 ἐτύπωσενέψτῷ
1665 1205 1758 1259 δύο
1782 1209 1972 1273 γυναῖ-

310 1298 412 1345 κας
441 1282 602 1353 ἐχειν.
621 1286 830 1356 ’Ὠσπερ
857 1287 965 1359 γάρ
986 1284 1065 1351 εἷς
1089 1288 1226 1359 άνηρ
1261 1290 1352 1342 καὶ
1384 1288 1475 1341 δύο
1503 1293 1777 1359 γυναῖκες,
1800 1291 1972 1356 οὕτως

310 1367 392 1435 εἷς
420 1373 712 1445 νομοθέτης
737 1376 831 1428 καὶ
857 1374 950 1429 δύο
980 1376 1254 1447 διαθῆκαι.
1294 1376 1433 1430 Ἀλλ’
1466 1379 1600 1450 ὅπερ
1628 1378 1843 1448 ἔλεγον,
1877 1381 1972 1435 καὶ

309 1462 376 1517 δι’
392 1461 421 1515 θ
446 1465 623 1517 πάντα
644 1464 815 1519 ταῦτα
835 1466 1134 1535 κεκίνηται·
1156 1465 1275 1519 οὐδὲ⁹
1293 1465 1399 1537 γάρ
1414 1467 1518 1537 χρὴ
1545 1469 1645 1538 τῆς
1662 1468 1968 1533 ὑποθέσεως

309 1550 563 1603 ἐκπεσεῖν
581 1567 598 1583 ο
627 1552 692 1605 '0
723 1552 1027 1621 ἐμϐλέψας
1046 1553 1311 1621 ,γυναῖκα
1338 1554 1489 1621 πρὸς
1507 1556 1572 1607 τὸ
1604 1554 1968 1625 ἐπιθυμῆσαι

309 1638 519 1707 αὐτῆς,
548 1637 665 1707 ἤδη
700 1639 1056 1709 ἐμοίχευσεν
1081 1640 1376 1708 αὐτὴν-γὲν
1414 1639 1489 1708 τῇ
1521 1641 1736 1710 καρδίᾳ
1758 1644 1965 1697 αὐτοῦ.

307 1724 450 1778 Ναί·
477 1725 634 1790 ἀλλά,
662 1726 728 1779 δι’
764 1725 793 1778 ὃ
818 1724 989 1780 ταῦτα
1031 1726 1208 1780 πάντα
1232 1728 1590 1799 ὲκινήσαμεν,
1617 1730 1760 1794 τίνος
1786 1731 1968 1784 ἕνεκεν

309 1810 491 1874 αὐτοῖς
529 1811 755 1864 παλαιὸν
791 1811 1150 1879 ἀναγινώσκει
1174 1813 1365 1884 νόμονς
1419 1814 1567 1883 λέγει
1608 1816 1719 1886 γάρ
1747 1817 1928 1881 αὐτοῖς
1952 1834 1964 1847 ·

320 1898 648 1953 Ἠκούσατε
675 1898 764 1951 ὅτι
788 1898 995 1966 ἐρρέθη
1020 1898 1143 1964 τοῖς
1178 1900 1468 1967 ἀρχαίοις,
1493 1904 1575 1955 Οὐ
1598 1902 1965 1970 μοιχεύσεις.

309 1986 551 2039 Συνεῖδεν
579 1988 660 2041 ὅτι
687 1985 940 2040 δύσκολόν
987 1988 1103 2041 ἐστι
1150 1988 1211 2041 τὸ
1241 1988 1549 2060 ἐπίταγμα,
1597 1989 1657 2043 οὐ
1692 1990 1843 2061 παρά
1868 1991 1967 2061 τὴν

307 2076 515 2130 οἰκείαν
545 2074 724 2145 φύσιν,
752 2075 887 2130 ἀλλά
915 2078 1067 2149 παρά
1085 2077 1181 2148 τὴν
1203 2078 1477 2151 ῥᾳθυμίαν
1501 2080 1608 2133 τῶν
1637 2080 1963 2135 ἀκουόντων.

309 2162 488 2216 Πολλὰ
514 2162 625 2233 γάρ
657 2163 750 2217 καὶ
786 2163 947 2233 φύσει
977 2163 1177 2219 εὔκολα
1202 2165 1330 2219 ὄντα
1360 2164 1779 2238 δυσκατόρθωτα
1816 2170 1965 2237 γίνεο

305 2266 416 2316 ται,
464 2251 592 2303 ὅταν
647 2249 1008 2321 ῥᾳθυμῶριεν·
1053 2250 1241 2323 ὥσπερ
1272 2247 1365 2306 οὖν
1411 2254 1503 2306 καὶ
1554 2254 1785 2308 δύσκολα
1817 2257 1964 2323 ὄντα,

308 2335 487 2406 κοῦφα
516 2338 609 2390 καὶ
639 2340 814 2410 ῥᾷστα
843 2339 1051 2408 γίνεται
1102 2340 1510 2404 σπουδαζόντων
1544 2341 1722 2413 ἡμῶν.
1757 2343 1830 2395 Οὐ
1856 2344 1965 2415 γάρ

306 2426 366 2478 ἐν
409 2427 475 2495 τῇ
523 2423 682 2494 φύσει
708 2425 818 2479 τῶν
868 2428 1213 2499 πραγμάτων
1259 2430 1293 2499 ἡ
1343 2428 1621 2494 δυσκολία,
1667 2429 1783 2484 ἀλλ’
1814 2433 1873 2484 ἐν
1896 2435 1963 2503 τῇ

306 2513 621 2583 προαιρέσει
652 2511 760 2566 τῶν
800 2514 1110 2583 μετιόντων.
1154 2515 1265 2569 Καὶ
1295 2516 1379 2569 ὃτι
1406 2515 1562 2570 τοῦτό
1592 2520 1739 2571 ἐστιν
1762 2519 1965 2591 ἀληθὲς

306 2601 464 2671 δῆλον
485 2600 732 2654 ἐντεῦθεν
747 2618 762 2632 ·
786 2601 847 2654 τὸ
872 2602 995 2672 μέλι
1019 2601 1181 2671 φύσιν
1195 2602 1309 2674 ἔχει
1323 2605 1578 2673 γλυκεῖαν
1606 2608 1701 2661 καὶ
1721 2608 1963 2681 ἡδίστην,

307 2685 445 2739 ἀλλά
472 2688 585 2749 τοῖς
622 2687 836 2741 νοσοῦσι
886 2690 983 2742 καὶ
1028 2690 1222 2761 πικρόν
1269 2692 1385 2745 ἐστι
1413 2693 1506 2746 καὶ⁴
1533 2694 1717 2764 ἀηδὲς,
1754 2695 1869 2749 ἀλλ’
1902 2697 1963 2750 ού

308 2773 462 2845 παρά
507 2773 606 2845 τὴν
645 2773 853 2828 οἰκείαν
893 2774 1082 2844 φύσιν,
1131 2776 1269 2830 ἀλλά
1321 2780 1472 2849 παρά
1510 2779 1608 2850 τὴν
1655 2781 1964 2853 ἀρρωστίαν

309 2859 561 2915 ἐκείνων·
602 2859 747 2915 οὕτω
783 2863 880 2917 καὶ
918 2866 948 2917 ὁ
980 2863 1142 2934 νόμος
1173 2864 1238 2919 ἂν
1268 2864 1397 2936 δοκῇ
1431 2867 1683 2938 φορτικὸς
1713 2865 1871 2936 εἶναι,
1902 2872 1963 2925 οὐ

307 2949 460 3019 παρὰ
480 2949 579 3021 τὴν
602 2950 809 3003 οἰκείαν
835 2949 1018 3020 φύσιν,
1046 2950 1183 3005 ἀλλά
1203 2953 1358 3023 παρά
1387 2953 1485 3024 τὴν
1507 2955 1780 3028 ἡμετέραν
1803 2956 1967 3028 ῥᾳθυ-

311 3037 459 3107 μίαν.
510 3038 586 3092 Οὺ
630 3037 796 3103 πολύς
849 3056 938 3109 μοι
985 3039 1146 3102 πόνος
1192 3039 1362 3106 δεῖξαι
1411 3039 1631 3096 εὔκολον
1677 3043 1827 3109 ὄντα,
1879 3046 1968 3100 ἵνα

306 3124 627 3197 κατορθωθῇ
644 3143 658 3157 ·
692 3126 754 3179 τὸ
780 3127 889 3199 γὰρ
911 3125 1166 3180 δύσκολον
1189 3128 1350 3181 αὐτὸν
1391 3129 1577 3184 ποιοῦν
1602 3130 1665 3184 τὸ
1691 3132 1876 3204 ἕτερον
1898 3130 1967 3206 ἦν

307 3213 501 3266 εἰπεῖν.
529 3212 643 3265 Νῦν
675 3213 772 3283 μὲν
792 3213 898 3284 γὰρ
920 3213 1088 3283 λέγει,
1117 3214 1260 3283 Φύγε
1290 3214 1387 3286 τὴν
1415 3216 1536 3286 ὄψιν
1558 3218 1657 3288 τῆς
1689 3219 1964 3286 γυναικὸς,

306 3299 578 3372 ἀπόστηθι
609 3303 709 3371 τῆς
739 3300 1058 3370 ἀσελγείας·
1094 3302 1154 3355 τὸ
1188 3302 1243 3355 δὲ
1270 3303 1507 3372 χαλεπὸν
1537 3305 1598 3359 τὸ
1629 3306 1870 3360 ἐναντίον
1897 3302 1966 3378 ἦν

309 3389 510 3442 εἰπεῖν·
542 3388 940 3459 Καταμάνθανε
984 3390 1083 3452 τὰς
1137 3393 1430 3458 γυναῖκας,
1485 3393 1848 3463 περιεργάζου
1900 3396 1967 3448 τὰ

314 3473 487 3544 κάλλη
531 3473 601 3526 τά
649 3473 929 3546 ἀλλότρια,
957 3474 1053 3529 καὶ
1096 3474 1239 3529 οὕτω
1281 3477 1380 3547 τῆς
1422 3477 1721 3548 ἐπιθυμίας
1750 3479 1963 3550 κράτει.

314 3563 485 3616 Τοῦτο
503 3563 568 3633 δὴ
585 3562 839 3616 δύσκολον
857 3559 924 3634 ἦν
941 3579 954 3592 ·
976 3564 1039 3616 τὸ
1056 3565 1113 3617 δὲ
1134 3565 1303 3618 εἰπεῖν
1322 3564 1503 3631 αὐτὸν,
1524 3565 1666 3634 Φύγε
1685 3565 1784 3637 τὴν
1805 3568 1969 3638 κάμι-

307 3666 419 3716 νον,
454 3648 723 3719 ἀπόστηθι
759 3648 853 3702 τοῦ
884 3650 1083 3720 πυρὸς,
1131 3650 1205 3720 μὴ
1252 3650 1620 3723 προσεγγίσῃς
1661 3654 1727 3722 τῇ
1779 3653 1964 3722 φλογὶ,

311 3736 399 3791 ἵνα
421 3735 610 3807 μείνῃς
644 3735 862 3806 ἀσινὴς,
885 3734 1084 3806 πολλὴν
1112 3734 1223 3804 ἔχει
1239 3735 1338 3807 τὴν
1365 3734 1633 3789 εὐκολίαν·
1654 3737 1796 3790 κατά
1817 3737 1963 3811 [525]

309 3821 472 3892 φύσιν
510 3823 620 3892 γάρ
656 3822 771 3875 ἐστι
811 3822 872 3874 τὸ
925 3821 1227 3891 ἐπίταγμα.
1274 3822 1602 3877 Ἠκούσατε
1630 3822 1720 3877 ὅτι
1754 3824 1964 3894 ἐρρέθη

307 3908 435 3977 τοῖς
463 3908 753 3977 ἀρχαίοις,
784 3910 865 3963 Οὐ
885 3908 1248 3978 μοιχεύσεις.
1288 3908 1446 3971 Τίνος
1470 3905 1564 3962 οὖν
1593 3910 1778 3964 ἐνεκεν
1822 3912 1968 3981 ἡμᾶς

308 3997 722 4068 ὑπομιμνήσκει
771 3994 866 4049 τοῦ
918 3994 1149 4049 παλαιοῦ
1179 3995 1367 4066 νόμου,
1392 3996 1578 4068 ἕτερον
1610 3997 1821 4069 μέλλων
1850 4000 1961 4052 εἰσ-

310 4086 492 4154 άγειν;
529 4086 647 4137 Ἷνα
688 4084 796 4137 ἀπὸ
821 4082 923 4153 τῆς
958 4083 1301 4153 συγκρίσεως
1348 4083 1544 4156 μάθῃς,
1578 4086 1661 4138 ὅτι
1704 4086 1805 4140 οὐκ
1851 4086 1967 4142 ἔστι

312 4172 460 4244 μάχη
507 4170 698 4225 τούτου
747 4171 1040 4226 κάκείνου·
1079 4171 1208 4224 ὅταν
1257 4170 1364 4241 γάρ
1402 4170 1689 4242 σύγκρισις
1736 4167 1794 4244 ᾖ,
1847 4174 1967 4226 τότε

310 4259 667 4330 φανερωτέρα
709 4261 743 4330 ἡ
786 4259 973 4327 κρίσις
1029 4259 1260 4326 γίνεται.
1314 4257 1531 4329 Ἐπειδὴ
1585 4259 1693 4329 γὰρ
1743 4260 1968 4330 ἔμελλον

310 4347 565 4415 ἐγκαλεῖν
591 4361 756 4409 τινες,
805 4345 889 4397 ὅτι
918 4344 1350 4415 ἀντινομοθετῶν
1384 4344 1557 4398 ταῦτα
1584 4344 1733 4414 λέγει
1752 4362 1767 4377 ·
1813 4348 1967 4413 Ἰδοὺ,

311 4434 499 4505 φησὶν,
545 4433 842 4504 ἑκατέρους
900 4432 1220 4503 παράλληλα
1269 4431 1490 4503 τίθεμαι
1549 4433 1678 4496 τοὺς
1728 4435 1925 4505 νόμους
1952 4453 1965 4468 ·

309 4519 603 4591 δοκίμασον
642 4520 736 4573 καὶ
778 4517 917 4589 μάθε
957 4518 1055 4590 τὴν
1109 4519 1429 4589 συμφωνίαν
1454 4535 1467 4548 ·
1515 4519 1577 4573 οὐ
1627 4519 1820 4574 τούτου
1859 4521 1916 4575 δὲ
1942 4536 1966 4563 υ

315 4608 499 4677 μόνον,
548 4606 665 4662 ἀλλ’
697 4606 787 4660 ἵνα
815 4605 964 4678 δείξῃ
996 4606 1090 4659 καὶ
1136 4604 1359 4660 εὔκολον
1388 4606 1539 4671 ὄντα,
1572 4607 1666 4661 καὶ
1699 4608 1971 4679 εὐκαίρως

311 4694 689 4765 εἰσαγόμενον.
721 4693 823 4749 Διά
841 4693 1001 4748 τοῦτό
1054 4708 1236 4764 φησιν,
1278 4694 1616 4755 Ἠκούσατε,
1644 4694 1733 4748 ὅτι
1761 4694 1969 4763 ἐρρέθη

309 4782 437 4848 τοῖς
477 4782 767 4851 ἀρχαίοις,
803 4782 887 4834 Οὐ
910 4780 1287 4849 μοιχεύσεις·
1316 4779 1570 4835 τοσοῦτον
1604 4781 1794 4854 χρόνον
1839 4787 1970 4854 ἐμε-

314 4868 576 4941 λετήσατε
626 4867 717 4921 τὸν
751 4866 985 4921 παλαιὸν
1017 4867 1201 4937 νόμον.
1235 4868 1445 4939 Ὥσπερ
1475 4868 1791 4933 διδάσκαλος
1834 4869 1972 4942 πρὸς

311 4951 526 5005 παιδίον
550 4948 723 5018 λέγων
768 4949 999 5020 ὀκνηρὸν
1041 4952 1154 5013 τοῖς
1191 4949 1357 5004 πάλαι
1393 4950 1421 4990 ιι
1454 4950 1773 5022 βουλόμενον
1798 4952 1972 5006 ἐνδια-

310 5037 520 5109 τρίὸειν
575 5036 655 5091 ἐτι
701 5038 1038 5109 μαθήμασιν,
1085 5039 1179 5091 ἐπὶ
1227 5038 1297 5090 τὰ
1330 5038 1638 5110 ὑψηλότερα
1676 5040 1972 5109 ἀναγαγεῖν

316 5126 486 5181 θέλων
511 5126 679 5197 λέγει,
713 5126 992 5197 Ἐννόησον
1024 5125 1188 5179 πόσον
1219 5126 1409 5199 χρόνον
1435 5127 1498 5179 τὸ
1544 5127 1775 5197 μάθημα
1816 5126 1973 5180 τοῦτο

315 5213 581 5286 κατέσχες
600 5232 614 5246 ·
634 5214 777 5268 οὕτω
804 5213 899 5267 καὶ
917 5215 947 5268 ό
975 5213 1207 5285 Χριστὸς
1225 5214 1675 5284 ἀναμιμνήσκων,
1694 5214 1776 5266 ὅτι
1808 5214 1972 5271 πολὺν

315 5303 507 5374 χρόνον
539 5302 893 5375 ἐμελέτησαν,
946 5304 1040 5356 καὶ
1085 5302 1348 5372 κατέσχον
1386 5301 1477 5356 τδν
1517 5301 1744 5356 παλαιὸν
1784 5303 1971 5374 νόμον,

316 5390 411 5444 καὶ
440 5389 628 5462 καιρὸς
674 5388 857 5444 λοιπὸν
890 5391 1028 5461 πρὸς
1069 5389 1161 5445 τὸν
1199 5389 1532 5461 ὑψηλότερον
1565 5387 1840 5455 ἀνελθεῖν,
1892 5391 1973 5455 εἰς

385 5644 411 5674 ⁸
445 5642 629 5753 ςιιιέῃῖε
652 5647 824 5706 ἕνεκεν,
845 5648 939 5695 nisi
970 5646 1116 5719 3nth
1135 5646 1309 5719 Egere
1332 5642 1475 5695 τοῦτο
1496 5645 1604 5696 loco
1623 5645 1809 5698 τούτου.
1833 5649 1969 5699 Enn.

386 5700 414 5742 δ
438 5703 522 5753 Οιι
593 5740 603 5750 .
625 5710 679 5753 et
703 5707 896 5753 Barocc.
917 5723 1015 5753 τοις
1034 5709 1265 5753 παλαιοιε.

386 5700 414 5742 δ
438 5700 603 5753 Οιιοὶ).
625 5710 679 5753 et
703 5700 896 5756 Barécc.
917 5707 1015 5763 τοῖς
1034 5700 1265 5763 παλαιόἷς.

1076 303 1137 358 S.
1169 303 1453 362 JOANNIS
1484 299 1976 361 CHRYSOSTOMI
2016 299 2329 357 ARCHIEP.
2357 300 2899 360 CONSTANTINOP.

3645 299 3744 354 321

2070 416 2171 486 τήν
2229 431 2360 470 ποτε
2408 417 2609 482 αὐτοὺς
2659 416 2982 487 νομοθεσίαν
3028 415 3136 471 τῶν
3176 421 3429 488 πατέρων
3487 416 3737 486 ἀνήγαγε

2069 506 2277 575 λέγων,
2331 508 2660 561 Ἠκούσατε
2711 508 2802 560 ὅτι
2851 506 3058 575 ἐρρέθη
3116 505 3239 572 τοῖς
3290 505 3611 575 ἀρχαίοις,
3665 506 3741 556 Οὐ

2062 597 2430 663 μοιχεύσεις.
2484 595 2691 648 Ἐκεῖνο
2732 596 2844 656 τοῖς
2894 594 3141 664 ἀρχαίοις
3192 592 3413 663 ἐρρέθη,
3465 589 3627 659 Ἐγὼ
3677 588 3743 643 δέ

2071 680 2226 750 λέγω
2254 679 2425 748 ὑμῖν.
2460 681 2524 732 Εἰ
2559 680 2793 752 μὲνγὰρ
2823 684 2936 743 τοῖς
2965 679 3211 750 ἀρχαίοις
3255 675 3464 746 ἔλεγεν,
3507 677 3741 740 εἰκότως

2071 765 2356 837 ἡσχαλλες,
2402 766 2492 820 ὅτε
2537 766 2888 843 ἀτελέστερον
2913 765 3066 837 ὑμῶν
3089 768 3121 835 ἡ
3150 764 3312 834 φύσις
3338 764 3581 817 διέκειτο
3601 783 3615 795 ·
3652 765 3737 816 ὅτι

2069 851 2126 904 δὲ
2177 852 2449 906 ἐπέδωκεν
2503 854 2537 923 ἡ
2592 854 2752 923 φύσις
2775 894 2790 919 ,
2843 854 2934 906 ὅτε
2986 851 3295 923 τελεωτέρα
3368 850 3589 919 γέγονε,
3648 851 3741 903 καὶ

2068 937 2413 1010 διδαγμάτων
2445 939 2794 1011 τελειοτέρων
2836 938 3021 993 λοιπὸν
3050 939 3263 1010 καιρός.
3310 936 3411 990 Διά
3439 935 3606 990 τοῦτο
3649 937 3742 989 καὶ

2070 1027 2372 1097 ἀρχόμενος
2389 1028 2488 1097 τῆς
2513 1028 2853 1098 νομοθεσίας,
2884 1028 2970 1081 ἴνα
2988 1029 3060 1098 μή
3084 1044 3171 1090 τις
3196 1026 3296 1096 τήν
3318 1025 3572 1078 ἐπίτασιν
3596 1023 3741 1095 ὀρῶν

2072 1117 2169 1185 τῆς
2204 1114 2521 1185 φιλοσοφίας
2552 1116 2683 1186 ὀκνῇ
2716 1116 2813 1168 καὶ
2858 1113 3172 1181 άναδύηται,
3196 1113 3381 1184 ςφησὶν
3405 1154 3421 1177 ,
3477 1112 3630 1166 Ἐὰν
3646 1111 3739 1181 μὴ

2064 1203 2445 1270 περισσεύσῃ
2475 1203 2513 1270 ἡ
2541 1202 2891 1268 δικαιοσύνη
2914 1201 3080 1271 ὑμῶν
3111 1199 3303 1254 πλέον
3325 1198 3441 1253 τῶν
3467 1215 3739 1268 ungua-

2060 1286 2219 1341 -τέων
2244 1288 2345 1341 καὶ
2368 1288 2725 1356 Φαρισαίων,
2754 1290 2823 1342 οὐ
2841 1288 2927 1356 μὴ
2963 1286 3273 1355 εἰσέλθητε
3292 1289 3386 1352 εἰς
3413 1286 3532 1353 τὴν
3552 1286 3738 1350 ,ϐασι-

2068 1376 2241 1429 λείαν
2266 1376 2384 1429 τῶν
2417 1376 2705 1444 οὐρανῶν.
2759 1376 2986 1430 Πλείονά
3026 1393 3093 1445 με
3124 1377 3376 1437 ἀπαιτεῖς
3406 1375 3503 1427 τὶν
3535 1375 3733 1434 τῶνονς

2068 1463 2154 1516 διὰ
2201 1463 2289 1529 τί;
2335 1464 2455 1534 ούχί⁸
2477 1464 2577 1532 τῆς
2604 1464 2775 1534 αὐτῆς
2819 1462 3060 1516 κοινωνῶ
3086 1461 3301 1530 φύσεως
3332 1461 3591 1524 ἐκείνοις,
3610 1460 3734 1528 οὐχὶ

2068 1548 2354 1619 ἄνθρωπός
2378 1551 2495 1621 εἰμι
2519 1549 2769 1620 καθάπερ
2803 1551 3032 1613 ἐκεῖνοι;
3059 1549 3177 1601 ’Ὶνα
3205 1548 3278 1619 μὴ
3305 1548 3480 1601 ταῦτα
3509 1546 3733 1615 λέγωσι,

2069 1635 2212 1700 τίνος
2241 1636 2425 1689 ἐνεκεν
2489 1635 2763 1689 ἐπέτεινεν
2799 1637 2930 1706 ἡμῖν
2971 1636 3093 1698 τοὺς
3119 1635 3342 1700 πόνους;
3372 1634 3524 1697 τίνος
3547 1635 3734 1687 ἕνεκεν

2072 1721 2289 1790 μείζονα
2319 1722 2482 1789 ἔθηκε
2512 1722 2581 1774 τὰ
2632 1722 2961 1792 σκάμματας
3013 1720 3297 1792 προανεῖλε
3328 1720 3425 1791 τὴν
3454 1719 3734 1772 ἀντίθεσιν

2068 1808 2236 1864 εἰπὼν
2272 1811 2372 1881 τὴν
2398 1809 2671 1879 βασιλείαν
2693 1808 2801 1861 τῶν
2830 1808 3074 1880 οὐρανῶν
3090 1825 3104 1838 ⁸
3125 1808 3385 1871 Μείζονα,
3402 1810 3560 1878 φησὶ,
3580 1807 3734 1878 φέρω

2065 1896 2133 1949 τὰ
2165 1897 2405 1951 ἔπαθλα·
2455 1895 2623 1949 εἰπὼν
2656 1896 2785 1959 τοὺς
2817 1896 3035 1961 πόνους,
3085 1894 3253 1948 εἰπὼν
3297 1896 3426 1957 τοὺς
3474 1895 3733 1961 ἀγῶνας,

2063 1983 2234 2037 εἰπὼν
2282 1983 2379 2055 τὴν
2409 1982 2657 2037 ἐπίτασιν
2686 1984 2785 2053 τῆς
2814 1982 3154 2053 νομοθεσίας,
3202 1981 3583 2052 ἐμνημόνευσε
3639 1982 3737 2034 καὶ

2064 2069 2174 2124 τῶν
2211 2070 2480 2126 ἐπάθλων.
2525 2070 2598 2123 υύ
2638 2068 2747 2139 γὰρ
2793 2069 2894 2139 τὴν
2926 2068 3288 2138 Παλαιστίνην
3317 2069 3446 2138 ὑμῖν
3481 2067 3730 2132 δέδωκα,

2066 2158 2250 2227 φησὶν,
2280 2158 2403 2211 ούδέ
2428 2157 2531 2228 τὴν
2555 2157 2659 2227 γῆν
2688 2156 2917 2227 ῥέουσαν
2940 2155 3083 2223 γάλα
3115 2156 3209 2209 καὶ
3240 2155 3382 2225 μέλι,
3424 2154 3545 2206 ἀλλ’
3566 2153 3731 2207 αὐτὸν

2066 2245 2194 2315 ὑμῖν
2226 2244 2435 2315 κομίζω
2479 2243 2571 2296 τὸν
2614 2244 2859 2314 οὐρανόν.
2892 2245 3006 2296 Οὐκ
3045 2244 3103 2296 ἐν
3149 2241 3228 2312 τῷ
3275 2241 3453 2312 μισθῷ
3504 2242 3565 2295 δὲ
3620 2242 3733 2295 τῶν

2058 2330 2503 2402 κατορθωμάτων
2524 2328 2844 2384 πλεονεκτοῦ
2853 2346 2950 2400 μεν
2970 2327 3148 2400 μόνον,
3177 2327 3315 2381 ἀλλὰ
3340 2328 3437 2383 καὶ
3460 2331 3525 2382 ἐν
3548 2346 3734 2400 παρα-

2066 2418 2219 2471 ϐάσει
2248 2418 2357 2470 τῶν
2380 2416 2788 2488 ἁμαρτημάτων
2813 2416 3035 2487 μείζονα
3063 2416 3159 2486 τὴν
3198 2416 3421 2469 κόλασιν
3453 2415 3728 2485 ὑπομένοο

2067 2520 2187 2575 μεν.
2221 2504 2431 2575 Ὥσπερ
2475 2502 2583 2574 γάρ
2608 2505 2658 2556 οἰ
2690 2503 2795 2572 πρὸ
2830 2502 2925 2556 τοῦ
2964 2502 3130 2573 νόμου
3164 2502 3479 2575 πραοτέραν
3521 2503 3727 2557 διδόασι

2063 2590 2331 2662 τιμωρίαν
2357 2590 2466 2644 τῶν
2498 2592 2555 2643 ἐν
2583 2589 2660 2661 τῷ
2683 2590 2861 2660 νόμῳ·
2887 2591 3061 2644 Ὅσοι
3089 2590 3217 2659 γὰρ,
3240 2592 3405 2661 φησὶν
3426 2629 3440 2655 ,
3489 2591 3732 2659 ἀνόμως

2064 2676 2349 2746 ἥμαρτον,
2397 2678 2632 2746 ἀνόμως
2672 2676 2773 2730 καί
2808 2676 3201 2740 ἀπολοῦνται,
3256 2676 3570 2739 τουτέστιν,
3627 2677 3730 2730 οὐκ

2063 2762 2245 2834 έχουσι
2269 2763 2358 2816 τὸν
2379 2763 2542 2832 νόμον
2569 2763 2895 2833 κατήγορον,
2925 2762 3038 2816 ἀλλ’
3070 2764 3178 2816 άπὸ
3196 2763 3294 2833 τῆς
3314 2762 3530 2832 φύσεως
3556 2762 3732 2831 αὐτῆς

2063 2849 2195 2902 οἴσω
2219 2849 2318 2919 τὴν
2362 2848 2563 2918 ψῆφον,
2597 2848 2751 2919 φησὶ,
2785 2848 2988 2919 μεταξὺ
3016 2848 3126 2901 τῶν
3178 2848 3456 2919 λογισμῶν
3489 2865 3732 2918 κατηγο-

2054 2934 2325 3006 ρούντων,
2359 2938 2391 3008 ἢ
2423 2936 2515 2989 καὶ
2552 2935 3033 3005 ἀπολογουμένων·
3064 2935 3208 2988 οὕτω
3240 2935 3347 2988 τῶν
3374 2935 3435 2989 ἐν
3468 2935 3553 3005 τῷ
3576 2935 3729 3006 νόμῳ

2066 3023 2407 3077 πταισάντων
2439 3023 2488 3076 οἱ
2517 3020 2608 3075 ἐπὶ
2640 3023 2738 3093 τῆς
2765 3022 2989 3093 χάριτος
3016 3022 3428 3093 ἁμαρτάνοντες
3454 3023 3732 3092 ἀφορητο-

2066 3111 2231 3182 τέραν
2265 3110 2655 3180 ὑποστήσονται
2690 3109 2789 3180 τὴν
2825 3108 3062 3163 κόλασιν.
3094 3111 3204 3163 Καὶ
3235 3109 3441 3163 τούτων
3467 3110 3570 3179 τὴν
3606 3110 3731 3163 δια-

2066 3198 2237 3268 φορὰν
2268 3197 2438 3260 οὓτως
2463 3195 2661 3260 ἔδειξεν
2707 3198 2736 3250 ό
2785 3196 2993 3260 Παῦλος
3030 3195 3229 3261 εἰπὼν,
3274 3195 3602 3262 Ἀθετήσας
3643 3213 3732 3262 τις

2064 3285 2252 3354 νόμον
2282 3281 2558 3346 Μωσέως,
2588 3283 2767 3352 χωρὶς
2806 3283 3120 3352 οἰκτιρμῶν
3148 3283 3249 3336 ἐπὶ
3288 3284 3527 3351 δυσίνῆ
3568 3284 3733 3351 τρισὶ

2060 3373 2361 3443 μάρτυσιν
2387 3371 2789 3439 ἀποθνήσκει·
2810 3373 2980 3438 πόσῳ
3008 3372 3235 3425 δοκεῖτε
3261 3372 3536 3441 χείρονος
3549 3372 3735 3437 ἀξιω-

2065 3460 2310 3529 θήσεται
2338 3457 2661 3526 τιμωρίαςὸ
2674 3458 2783 3511 τὸν
2800 3458 2933 3511 my
2960 3458 3065 3512 τοῦ
3088 3458 3236 3512 Θεοῦ
3269 3461 3731 3527 καταπατήσας,

2065 3547 2162 3600 καί
2194 3547 2258 3599 τὸ
2282 3540 2424 3614 αἷμα
2450 3543 2597 3615 [5‘26]
2627 3542 2737 3611 τῆς
2764 3543 3053 3611 διαθήκης
3083 3544 3292 3598 κοινὸν
3320 3543 3731 3614 ἡγησάμενος,

2065 3632 2164 3685 καὶ
2195 3630 2261 3685 τὸ
2287 3630 2529 3699 Πνεῦμα
2556 3628 2668 3697 τῆς
2685 3627 2921 3697 χάριτος
2938 3630 3298 3698 ἐνυϐρίσας;
3330 3631 3495 3701 Ὁρᾷς
3516 3632 3610 3684 ἐπὶ
3632 3633 3735 3702 τῆς

2065 3717 2285 3789 χάριτος
2307 3716 2528 3788 μείζονα
2549 3714 2645 3783 τὴν
2660 3716 2950 3787 τιμωρίαν,
2974 3715 3161 3786 ὥσπερ
3185 3712 3278 3769 οὖν
3306 3717 3402 3769 καὶ
3431 3717 3503 3769 τά
3517 3717 3734 3771 ἔπαθλα

2069 3805 2320 3876 μείζονα;
2370 3804 2507 3857 Ἀλλ’
2541 3805 2727 3876 ἐπειδὴ
2760 3802 2870 3856 τῶν
2903 3804 3218 3873 μυστηρίων
3266 3804 3413 3874 ὑμᾶς
3445 3804 3734 3875 ἀνέμνησα

2064 3892 2172 3945 τῶν
2199 3892 2649 3963 φρικωδεστάτων
2682 3892 2778 3943 καὶ
2835 3889 3243 3961 πνευματικῶν,
3294 3890 3606 3961 παρακαλῶ
3635 3892 3733 3944 καὶ

2064 3982 2325 4037 ἀντιϐολῶ
2349 3982 2445 4036 καὶ
2464 3981 2653 4052 δέομαι
2674 3982 2770 4035 καὶ
2793 3982 2931 4051 μετά
2947 3979 3130 4049 πάσης
3153 3979 3290 4043 ἀξιῶ
3310 3981 3576 4050 σπουδῆς,
3589 3981 3734 4034 ὥστε

2066 4070 2245 4122 πᾶσαν
2267 4067 2540 4139 ἁμαρτίαν
2559 4066 2926 4137 ἀποθεμένους
2955 4064 3097 4119 οὕτω
3113 4066 3396 4137 προσιέναι
3422 4068 3492 4135 τῇ
3526 4070 3729 4137 φρικτῇ

2065 4153 2238 4226 ταύτῃ
2278 4152 2546 4227 τραπέζῃ.
2599 4151 2864 4221 Εἰρήνην
2894 4151 3026 4224 γάρ,
3079 4152 3232 4222 φησὶ,
3282 4150 3525 4204 διώκετε
3580 4152 3733 4220 μετὰ

2067 4242 2327 4308 πάντων,
2364 4240 2596 4294 καὶτὸν
2623 4239 2939 4309 ἁγιασμόν,
2960 4234 3033 4295 οὗ
3065 4238 3244 4307 χωρὶς
3282 4237 3485 4303 οὐδείς
3518 4238 3733 4307 ὄψεται

2067 4329 2176 4383 τὸν
2197 4329 2437 4397 Κύριον.
2476 4327 2535 4381 '0
2564 4327 2622 4381 δέ
2654 4327 2743 4380 τὸν
2775 4326 2978 4398 Κύριον
3010 4326 3112 4379 οὐκ
3133 4325 3212 4378 ὣν
3237 4323 3386 4389 ἄξιος
3431 4325 3584 4391 ἰδεῖν,
3610 4324 3733 4377 οὐδὲ

2066 4416 2169 4486 τῆς
2216 4413 2497 4479 κοινωνίας
2531 4414 2678 4478 άξιός
2704 4417 2819 4467 ἐστι
2845 4413 2940 4467 τοῦ
2971 4412 3222 4484 σώματος
3244 4412 3341 4465 τοῦ
3379 4410 3729 4466 δεσποτικοῦ.

2068 4503 2166 4557 Διὰ
2191 4502 2344 4557 τοῦτό
2373 4518 2535 4573 φησιν
2566 4503 2595 4555 ὀ
2625 4502 2852 4565 Παῦλος,
2889 4501 3191 4566 ’Ἕκαστος
3210 4499 3276 4556 δὲ
3310 4498 3669 4569 δοκιμαζέτω
3702 4510 3727 4538 α

2068 4588 2303 4651 ἑαυτὸν,
2340 4587 2438 4642 καί
2475 4588 2662 4653 οὕτως
2687 4588 2754 4641 ἐκ
2777 4586 2882 4641 τοῦ
2913 4586 3095 4654 ἀρτου
3125 4584 3371 4639 ἐσθιέτω
3404 4585 3505 4639 καὶ
3530 4587 3603 4639 ἐκ
3623 4585 3728 4638 τοῦ

2068 4674 2355 4743 ποτηρίου
2401 4673 2618 4727 πινέτω
2643 4714 2655 4724 .
2698 4674 2812 4727 οὐκ
2860 4671 3177 4741 ἀπεκάλυψέ
3215 4672 3277 4725 τὸ
3306 4670 3486 4734 ἕλκος,
3517 4672 3620 4724 οὐκ
3651 4674 3729 4734 εἰς

2068 4760 2245 4814 κοινὸν
2287 4759 2514 4830 θέατρον
2560 4760 2737 4829 ἡγαγε
2769 4759 2868 4828 τὴν
2898 4758 3256 4829 κατηγορίαν,
3308 4757 3371 4809 οὐ
3401 4758 3730 4829 περιέστησε

2072 4848 2355 4919 μάρτυρας
2381 4846 2488 4900 τῶν
2513 4845 3031 4919 πλημμελημάτων·
3067 4844 3215 4898 ἔνδον
3244 4846 3303 4897 ἐν
3333 4844 3413 4914 τῷ
3442 4844 3726 4905 συνειδότι,

2072 4932 2296 5005 μηδενὸς
2325 4932 2593 5003 παρόντος
2646 4934 2785 5004 πλὴν
2827 4932 2921 4987 τοῦ
2962 4932 3030 4986 τὰ
3080 4932 3259 4986 πάντα
3294 4931 3532 5002 ὁρῶντος
3563 4929 3726 4995 Θεοῦ,

2070 5019 2223 5072 ποιοῦ
2261 5017 2359 5090 τὴν
2391 5018 2591 5089 κρίσιν,
2628 5019 2722 5072 καὶ
2756 5018 2862 5071 τῶν
2906 5016 3309 5088 ἡμαρτημένων
3337 5017 3437 5087 τὴν
3464 5016 3726 5081 ἐξέτασιν,

2070 5107 2164 5160 καὶ
2211 5106 2388 5159 πάντα
2420 5106 2512 5160 τδν
2557 5106 2669 5177 βίον
2718 5105 3175 5176 ἀναλογιζόμενος
3224 5103 3330 5156 ὑπὸ
3379 5103 3476 5157 τοῦ
3530 5106 3625 5158 νοῦ
3673 5104 3730 5157 τὸ

2071 5193 2351 5264 κριτήριον
2389 5193 2488 5261 άγε
2518 5193 2587 5247 τά
2617 5192 2988 5263 ἁμαρτήματα
3007 5207 3021 5222 ·
3055 5189 3270 5260 διόρθου
3296 5190 3366 5244 τά
3402 5192 3721 5263 πλημμελή⁹

2075 5294 2242 5347 ματα,
2273 5274 2528 5333 καὶόὓτω
2552 5278 2691 5350 μετά
2737 5276 2978 5349 καθαροῦ
3001 5275 3093 5330 τοῦ
3121 5276 3425 5340 συνειδότος
3454 5278 3554 5348 τῆς
3586 5277 3730 5347 ἱερᾶς

2074 5365 2247 5421 ἅπτου
2277 5366 2573 5440 τραπέζης,
2605 5367 2702 5420 καὶ
2742 5366 2844 5435 τῆς
2884 5366 3047 5434 ἀγίας
3073 5365 3270 5436 μέτεχε
3297 5366 3513 5431 θυσίας.
3550 5364 3729 5421 Ταῦτα

2139 5717 2162 5747 °
2191 5716 2406 5777 Uterque
2426 5716 2578 5766 codex
2593 5714 2876 5779 ἀνακρινέτω
2900 5726 2989 5777 pro
3018 5714 3324 5776 δοκιμαζέτω.
