3862 6232
268 356 387 411 εει

266 465 608 539 prophetiam
635 463 662 518 ἳ
695 460 753 518 In
791 459 1025 518 eo-enim
1052 456 1196 531 quod
1223 458 1474 515 mulieres
1516 458 1710 525 habet,
1738 473 1846 514 non

265 560 529 625 verbum,
570 555 666 612 sed
713 567 800 609 res
824 562 906 609 est
935 571 950 608 :
978 560 1033 608 et
1068 565 1276 606 servam
1299 557 1354 606 et
1390 550 1609 605 liberam
1640 550 1848 606 ostendi

269 651 372 706 ubi
403 664 498 719 per
524 646 708 713 verba,
730 644 979 715 quoniam
1010 641 1234 698 duorum
1262 650 1695 697 testamentorum
1715 655 1851 696 unus

263 747 367 793 est.
392 735 696 806 legislator,
725 735 872 788 disce
899 740 954 788 et
997 732 1167 800 ipsum
1209 730 1548 800 perliguras.
1579 729 1848 784 Abraham

261 830 406 883 duas
429 842 624 883 uxores
651 825 866 889 habuit;
896 824 979 877 hae
1003 830 1179 877 autem
1209 828 1333 875 sunt
1361 820 1465 875 duo
1492 829 1803 875 testamenta
1829 860 1846 885 ,

259 928 320 974 et
357 935 493 974 unus
521 917 793 987 legislator
818 932 832 969 :
861 911 1305 985 quemadmodum
1330 912 1437 966 illic
1460 910 1574 965 ovis
1608 923 1661 965 et
1698 910 1849 976 ovis,

264 1012 440 1067 altera
464 1009 676 1080 quidem
704 1009 757 1062 in
802 1006 1001 1072 verbo,
1031 1004 1196 1059 altera
1240 1013 1416 1057 autem
1459 1003 1513 1057 in
1559 1017 1618 1057 re
1643 1043 1657 1066 ,
1686 1002 1849 1057 multa

260 1118 402 1157 vero
425 1110 479 1156 et
496 1114 715 1170 operum
734 1105 791 1152 et
808 1096 1091 1152 verborum
1113 1092 1486 1149 concordantia
1508 1092 1643 1148 inest
1668 1112 1681 1147 :
1701 1095 1778 1147 sic
1797 1100 1851 1148 et

261 1193 358 1249 hic
384 1197 694 1248 testamenta
717 1188 851 1243 duo:
871 1196 925 1242 et
947 1187 1060 1241 haec
1082 1184 1341 1241 Jeremias
1363 1183 1576 1253 quidem
1605 1197 1699 1252 per
1725 1198 1851 1237 ver-

258 1289 332 1343 ba
354 1284 625 1356 praedixit,
641 1281 906 1337 Abraham
926 1287 1102 1333 autem
1127 1276 1259 1331 duas
1286 1275 1487 1329 habens
1507 1287 1853 1341 uxores,ope-

261 1379 421 1432 ribus
438 1373 697 1445 figuravit.
711 1366 1164 1437 Quemadmodum
1181 1366 1323 1421 enim
1343 1381 1478 1418 unus
1489 1364 1569 1418 vir
1586 1376 1637 1419 et
1657 1378 1861 1418 uxores

259 1466 413 1533 dum,
429 1465 506 1520 sic
523 1473 724 1519 etuuus
740 1460 1028 1531 lcgislator,
1044 1466 1097 1512 et
1115 1464 1428 1511 testamenta
1445 1454 1571 1510 duo.
1590 1453 1691 1509 Sed
1709 1452 1849 1523 quod

260 1556 406 1617 dixi,
432 1564 485 1609 et
510 1553 661 1622 cujus
688 1565 846 1606 causa
877 1549 1117 1604 universa
1148 1547 1263 1601 hazc
1284 1546 1553 1615 pr0posita
1576 1553 1861 1599 suntznon

262 1647 417 1703 enim
454 1661 487 1700 a
515 1644 785 1714 proposito
803 1639 1181 1696 discedendum
1207 1646 1330 1693 est:
1371 1636 1471 1703 Qui
1514 1636 1691 1690 uiderit
1731 1651 1849 1688 mu-

261 1737 442 1791 lierem
463 1735 531 1788 ad
557 1730 1007 1803 concupiscendum
1047 1745 1156 1783 eam
1174 1769 1191 1795 ,
1209 1729 1324 1799 jam
1348 1726 1620 1780 moechatus
1645 1735 1716 1779 est
1738 1741 1849 1778 eam

261 1829 319 1884 in
340 1828 497 1882 corde
515 1842 605 1880 suo
639 1823 849 1896 (Matth.
880 1822 932 1876 5.
962 1820 1072 1891 28).
1106 1820 1180 1874 lta
1207 1828 1325 1885 est;
1358 1816 1452 1873 sed
1479 1816 1619 1887 quod
1643 1816 1694 1870 iu
1719 1830 1846 1886 pro-

263 1918 448 1988 posito
472 1916 624 1969 nobis
652 1924 767 1967 erat
794 1927 914 1966 cum
937 1911 1054 1965 lucc
1072 1910 1249 1963 omnia
1267 1910 1616 1979 agitaremus,
1639 1921 1734 1960 cur
1759 1920 1857 1960 ve-

264 2016 439 2061 terem
468 1996 599 2073 ipsis
624 2004 792 2074 legem
822 2001 1009 2056 recitat
1035 1997 1208 2053 ?dicit
1249 1998 1391 2052 enim
1423 1996 1551 2064 ipsis
1576 2014 1591 2050 :
1623 1995 1849 2049 Audistis

261 2097 507 2168 quoniam
530 2095 717 2149 dictant
742 2104 814 2147 est
839 2091 1078 2160 antiquis,
1112 2087 1235 2142 Non
1263 2085 1605 2140 mmehaberis.
1634 2085 1849 2155 Cogno-

264 2189 342 2243 vit
384 2186 603 2242 difficile
630 2199 751 2241 esse
779 2182 1084 2238 mandatum
1109 2219 1125 2246 ,
1154 2195 1259 2233 non
1290 2185 1477 2247 suapte
1502 2185 1721 2237 natura,
1752 2173 1846 2228 sed

262 2278 595 2334 audientium
647 2274 870 2330 desidia.
920 2272 1079 2327 Multa
1123 2270 1265 2324 enim
1296 2284 1413 2339 quae
1443 2275 1630 2320 natura
1679 2265 1846 2319 facilia

262 2380 432 2438 sunt,
458 2367 693 2423 difficilia
718 2365 852 2419 fiunt
892 2379 1014 2418 cum
1065 2361 1391 2432 pigritamur,
1438 2359 1576 2413 sicut
1613 2354 1845 2412 difficilia

261 2479 387 2532 qua:
412 2471 570 2525 sunt,
599 2459 734 2514 levia
756 2468 810 2512 et
839 2456 1007 2511 facilia
1036 2455 1167 2509 ﬁunt
1193 2452 1345 2507 nobis
1367 2457 1611 2505 accurate
1637 2450 1846 2520 prospi-

261 2555 550 2610 cientibus.
584 2552 701 2607 Non
726 2550 869 2605 enim
910 2548 1192 2603 difficultas
1231 2561 1408 2600 rerum
1434 2551 1638 2597 natura:
1672 2544 1849 2607 inest,

261 2646 359 2700 sed
402 2644 768 2700 exercentium
815 2641 1088 2710 proposito
1120 2654 1134 2690 :
1162 2635 1303 2706 quod
1350 2633 1687 2689 verissimum
1727 2646 1848 2688 esse

262 2736 349 2792 vel
388 2752 457 2791 ex
505 2736 604 2790 hoc
630 2742 867 2803 apparet.
900 2731 1002 2786 Mel
1045 2732 1232 2785 natura
1273 2726 1608 2783 dulcedinem
1650 2725 1847 2791 habet,

261 2837 426 2898 atque
452 2825 697 2882 eamdem
730 2821 1201 2894 jucundissimam,
1247 2819 1338 2874 sed
1369 2817 1581 2888 aegrotis
1606 2830 1844 2870 amarum

261 2918 399 2990 quid,
437 2927 600 2986 atque
648 2916 907 2986 ingratum
932 2921 1044 2977 est,
1100 2926 1208 2966 non
1247 2909 1481 2980 propria,
1511 2906 1604 2962 sed
1633 2905 1844 2961 illorum

261 3008 595 3080 aegritudinis
622 3014 806 3060 natura
839 3020 852 3057 :
877 3005 954 3059 sic
981 3003 1072 3057 lex
1096 3001 1305 3055 tametsi
1331 2998 1570 3053 videatur
1593 3008 1841 3065 onerosa,

264 3117 370 3156 non
397 3115 496 3156 sua
519 3109 724 3160 natura.
743 3097 837 3152 sed
861 3105 1041 3150 nostra
1060 3094 1117 3149 fit
1133 3092 1362 3164 pigritia.
1388 3090 1536 3145 [laud
1554 3089 1683 3145 mihi
1708 3088 1850 3143 mul-

263 3202 376 3248 tum
401 3191 622 3256 laboris,
646 3187 926 3244 ostendere
956 3186 1098 3240 factu
1126 3184 1330 3239 facilem
1360 3196 1480 3238 esse
1508 3200 1525 3236 :
1552 3196 1675 3236 nam
1700 3179 1842 3251 quod

262 3283 539 3339 difficilem
566 3279 709 3334 illam
739 3277 864 3333 facit
891 3276 1033 3331 aliud
1058 3273 1340 3330 dicendum
1360 3280 1494 3328 erat.
1524 3271 1676 3326 Nunc
1699 3269 1853 3324 enim.

261 3375 414 3441 dicit,
444 3373 593 3443 Fuge
623 3370 863 3426 mulieris
903 3369 1106 3433 visum,
1135 3380 1164 3420 a
1195 3365 1399 3420 luxuria
1445 3361 1673 3417 recede:
1701 3359 1841 3430 quod

263 3477 445 3523 autem
479 3466 710 3530 difficile,
754 3461 1055 3531 oppositum
1100 3459 1276 3513 dicere
1318 3464 1560 3525 poterat,
1614 3453 1844 3522 Exquire

264 3562 522 3616 mulieres
547 3601 559 3622 ,
589 3567 826 3612 scrutare
851 3555 1053 3608 alienas
1084 3551 1299 3615 formas,
1331 3557 1488 3617 atque
1535 3547 1613 3601 sic
1662 3545 1840 3600 libidi-

262 3666 387 3707 nem
414 3650 593 3705 vince.
611 3647 667 3702 ld
692 3661 820 3716 ergo
845 3642 1061 3699 difficile
1081 3639 1252 3695 fuerat
1285 3656 1299 3691 :
1327 3652 1446 3691 nam
1477 3636 1684 3700 dicere,
1705 3633 1841 3688 For-

267 3758 457 3798 nacem
486 3740 630 3811 fuge,
662 3738 852 3794 recede
876 3735 1081 3805 longius
1102 3733 1166 3787 ab
1192 3733 1342 3800 igne,
1370 3728 1597 3783 ﬂammae
1624 3726 1844 3797 propius

267 3850 371 3889 non
398 3830 690 3888 accesseris
709 3870 724 3894 ,
761 3841 866 3897 quo
903 3827 976 3879 sis
1006 3826 1293 3886 innocuus,
1327 3820 1547 3874 multum
1575 3816 1842 3889 facilitatis

266 3925 463 3981 habet:
493 3924 688 3978 etenim
715 3921 862 3990 juxta
892 3926 1133 3971 naturam
1161 3913 1466 3968 mandatum
1488 3920 1586 3965 est.
1618 3910 1842 3964 Audistis

266 4018 385 4088 quia
427 4017 618 4069 dictant
661 4023 734 4067 est
781 4011 1031 4078 antiquis,
1073 4005 1194 4060 Non
1234 4004 1550 4058 maechaberis
1591 4001 1835 4074 (Ibid).

268 4106 430 4176 Cujus
458 4105 619 4176 igitur
645 4103 722 4157 rei
749 4101 915 4173 gratia
945 4098 1210 4167 antiquam
1254 4095 1420 4164 legem
1451 4094 1603 4147 nobis
1630 4091 1696 4145 ad
1724 4106 1839 4146 me-

269 4196 492 4251 moriam
537 4193 762 4262 redegit,
793 4190 1013 4245 alteram
1040 4183 1475 4242 iulrodueturus?
1502 4182 1616 4250 Quo
1641 4181 1839 4235 scilicet

268 4301 335 4341 ex
357 4285 751 4356 comparatione
771 4281 945 4336 discas
966 4296 1068 4335 non
1087 4294 1203 4334 esse
1224 4276 1382 4346 hujus
1404 4285 1560 4344 atque
1583 4273 1721 4327 illius
1743 4287 1845 4341 pu-

266 4392 422 4448 gnam
453 4394 468 4432 :
500 4391 620 4431 cum
645 4376 784 4430 enim
810 4373 1022 4443 ponitur
1049 4370 1373 4440 comparatio
1395 4411 1410 4435 ,
1435 4377 1558 4421 tunc
1585 4365 1643 4419 fit
1668 4363 1840 4418 maui-

268 4470 453 4526 festius
492 4468 768 4539 judicium.
823 4464 1086 4533 Quoniam
1137 4460 1393 4531 objecturi
1422 4466 1576 4514 erant
1625 4454 1838 4525 quidam

270 4562 413 4631 quod
441 4570 500 4617 ut
517 4560 837 4616 contrariam
858 4558 1028 4627 legem
1058 4554 1242 4618 ferret,
1267 4553 1381 4607 haec
1406 4552 1645 4606 diceret:
1679 4549 1836 4610 Ecce,

270 4651 466 4721 inquit,
492 4660 743 4720 utrasque
769 4646 1070 4703 alternatim
1098 4645 1244 4715 leges
1268 4656 1429 4713 pono,
1459 4649 1601 4695 tenta
1619 4647 1673 4693 et
1689 4638 1837 4691 disce

268 4743 667 4797 consonantiam
691 4757 706 4794 :
734 4755 839 4793 non
879 4738 948 4793 ob
982 4736 1041 4791 id.
1060 4735 1254 4799 solum,
1276 4731 1372 4788 sed
1392 4731 1550 4786 etiam
1572 4738 1629 4783 ut
1656 4737 1839 4782 osten-

268 4831 358 4886 dat
384 4832 586 4887 facilem
617 4837 1019 4900 opportuneque
1036 4826 1427 4881 introductam:
1452 4829 1733 4891 pr0pterea
1755 4819 1839 4871 in-

268 4924 382 4991 quit
406 4939 419 4975 :
449 4922 673 4976 Audistis
696 4920 813 4990 quia
831 4919 1019 4971 dictum
1047 4925 1117 4970 est
1146 4914 1381 4986 antiquis,
1411 4910 1532 4966 Non
1558 4908 1840 4963 maecltabe-

271 5014 597 5070 ris:tamdiu
641 5015 693 5068 in
729 5014 941 5082 antiqua
992 5011 1107 5080 lege
1155 5023 1251 5063 vos
1295 5002 1627 5061 exercuistis.
1678 4999 1840 5067 Quasi

269 5102 454 5159 doctor
477 5104 744 5175 pigritanti
786 5103 1004 5173 parvulo
1030 5097 1311 5170 praeteritis
1337 5094 1513 5149 adhuc
1546 5090 1841 5161 disciplinis

272 5192 422 5251 inniti
460 5197 692 5261 volenti,
737 5204 896 5265 atque
936 5193 1003 5248 ad
1051 5191 1238 5245 altiora
1265 5203 1384 5244 eum
1412 5186 1597 5241 tollere
1620 5183 1840 5253 cupiens

275 5282 443 5339 dicit:
484 5286 668 5357 Cogita
713 5294 968 5355 quantum
1022 5281 1275 5352 temporis
1319 5279 1420 5332 hac
1464 5277 1520 5330 in
1567 5274 1839 5344 disciplina

272 5377 604 5433 contrivisti:
645 5379 724 5433 sic
769 5388 823 5432 et
868 5374 1110 5430 Christus
1151 5383 1405 5427 revocans
1442 5369 1497 5422 in
1529 5365 1839 5421 memoriam

274 5479 364 5520 eos
384 5470 652 5537 prolixiori
673 5481 913 5540 tempore
939 5466 1173 5523 tenuisse
1190 5465 1359 5534 legem
1386 5461 1650 5530 antiquam
1668 5500 1685 5526 ,
1706 5467 1762 5512 et
1787 5456 1840 5511 in

277 5568 334 5608 ea
355 5571 414 5614 se
431 5563 750 5628 exercuisse,
775 5574 998 5629 esseque
1025 5565 1234 5626 tempus
1258 5553 1325 5609 de
1349 5561 1544 5606 umero
1583 5548 1650 5603 ad
1686 5546 1841 5602 altio-

277 5667 386 5712 rem
422 5657 778 5715 conscendere
798 5698 813 5724 ,
842 5654 907 5710 ad
936 5653 1103 5724 ipsam
1130 5664 1248 5721 qua:
1291 5653 1500 5717 patrum
1526 5637 1842 5713 quandoque

1300 344 1390 401 DE
1428 345 1894 405 HENITENTIA.
1936 345 2167 405 HOMIL.
2209 350 2299 406 Vl.

3428 362 3535 420 δ’Ξῖ
3546 400 3555 415 .

1960 465 2152 531 luerat,
2195 463 2577 534 legislationem
2620 467 2848 525 traducit
2892 468 3076 527 dicens
3109 488 3123 527 :
3155 471 3378 528 Audistis
3415 477 3534 545 quia

1956 554 2145 609 dictum
2174 565 2245 609 est
2268 558 2518 629 antiquis,
2560 557 2682 613 Non
2706 561 3046 615 maechaberis.
3076 561 3132 617 ld
3169 564 3399 634 antiquis
3446 564 3532 620 di-

1957 655 2101 698 ctum
2127 653 2244 711 est,
2284 646 2396 717 Ego
2439 658 2604 701 autent
2651 649 2764 704 dico
2804 650 2957 704 vobis.
3001 650 3055 705 Si
3107 651 3251 706 enim
3298 654 3532 724 antiquis

1957 734 2196 802 dixisset,
2229 739 2420 792 merito
2449 740 2781 808 querereris,
2815 756 2936 795 cum
2972 741 3332 809 imperfectior
3354 744 3532 800 adhuc

1956 838 2100 884 esset
2121 839 2300 884 nostra
2332 840 2541 885 natura.
2583 832 2661 886 Ea
2686 847 2810 887 vero
2835 847 2956 887 cum
2984 844 3159 901 aucta,
3199 849 3320 889 cum
3360 835 3533 905 perfe-

1956 919 2092 974 ctior
2112 921 2246 975 facta
2275 930 2356 976 est
2376 963 2393 986 ,
2419 921 2696 990 disciplina
2722 924 2881 977 etiam
2911 925 3208 994 perfectiori
3235 926 3301 981 de
3333 936 3531 982 caetero

1956 1024 2091 1078 opus
2110 1020 2244 1065 erat.
2275 1011 2557 1081 Pr0pterea
2579 1014 2836 1082 incipiens
2865 1030 2895 1069 a
2923 1016 3251 1085 legislatione
3269 1060 3285 1085 ,
3316 1034 3383 1074 ne
3411 1020 3531 1089 quis

1957 1101 2169 1156 intuens
2197 1103 2544 1173 philosophia:
2562 1103 2938 1159 sublimitatem
2955 1107 3251 1177 pigritetur,
3270 1115 3364 1163 aut
3381 1125 3534 1164 mora

1959 1199 2220 1258 teneatur,
2254 1193 2420 1264 inquit
2454 1211 2466 1248 :
2501 1193 2621 1248 Nisi
2646 1194 2973 1249 abundaverit
2990 1199 3192 1269 justitia
3225 1209 3388 1254 uestra
3415 1217 3531 1271 pius

1956 1298 2111 1353 quant
2134 1282 2413 1338 scribarum
2437 1294 2485 1339 et
2505 1284 3035 1353 Pharisteorum,non
3070 1289 3321 1344 intrabitis
3355 1291 3409 1343 in
3445 1306 3529 1343 νευ-

1955 1390 2108 1444 gnum
2150 1377 2385 1430 cwlorum
2424 1376 2632 1447 (Matth.
2665 1381 2718 1435 5.
2747 1377 2861 1452 20).
2905 1379 3030 1434 Plus
3049 1396 3079 1434 a
3104 1396 3190 1437 me
3214 1382 3410 1437 laboris
3432 1399 3529 1439 ex:-

1957 1465 2279 1535 igis?quare
2312 1467 2336 1520 ?
2368 1484 2492 1523 num
2531 1485 2636 1524 una
2682 1486 2804 1526 cum
2844 1471 2951 1525 illis
2980 1487 3088 1527 non
3135 1488 3252 1528 sum
3300 1478 3530 1532 natura?

1957 1558 2210 1628 numquid
2237 1575 2343 1613 non
2386 1560 2546 1615 homo
2583 1563 2774 1619 similis
2815 1564 2920 1619 illis
2939 1564 2979 1619 '?
3016 1565 3086 1622 Ut
3111 1581 3215 1622 non
3245 1568 3359 1622 lucc
3385 1568 3529 1623 dice-

1957 1657 2076 1702 rent
2103 1650 2201 1719 (a),
2238 1650 2414 1717 Quare
2443 1653 2596 1707 nobis
2626 1654 2835 1710 labores
2862 1656 3063 1711 addidit
3089 1657 3112 1711 ?
3134 1673 3298 1727 quare
3327 1659 3527 1729 majora

1955 1741 2242 1795 certamina
2275 1745 2447 1811 posuit
2461 1744 2483 1797 ?
2495 1746 2728 1799 occurrit
2743 1747 3024 1817 objectioni
3041 1764 3260 1820 regnum
3277 1751 3527 1807 canorum

1956 1829 2232 1898 proferens
2249 1831 2499 1901 :Majora,
2514 1835 2704 1903 inquit,
2722 1837 2933 1904 prannia
2952 1837 3133 1892 defero
3152 1857 3164 1891 :
3185 1839 3365 1894 dicens
3378 1840 3528 1895 labo-

1955 1933 2063 1987 res,
2075 1918 2576 1989 dicenscertamma,
2591 1923 2775 1980 dicens
2788 1926 3148 1981 extensiouem
3165 1928 3313 1998 legis,
3329 1938 3378 1983 et
3396 1946 3530 1999 pra:-

1954 2010 2180 2063 miorum
2211 2011 2470 2066 meminit.
2497 2012 2835 2084 Nequaquam
2862 2017 3033 2081 enim,
3066 2017 3266 2087 inquit,
3296 2020 3530 2075 Pulmsti-

1953 2116 2074 2154 nam
2100 2102 2200 2169 do,
2237 2119 2408 2173 neque
2439 2112 2633 2160 terram
2671 2104 2921 2162 fluentem
2964 2109 3100 2165 lacte
3134 2119 3189 2165 et
3221 2111 3405 2177 melle,
3434 2114 3527 2168 sed

1954 2192 2124 2261 ipsum
2152 2195 2300 2249 vobis
2320 2196 2507 2250 oculum
2545 2197 2748 2253 defero.
2776 2198 2958 2269 Neque
2983 2200 3035 2254 in
3067 2200 3359 2257 olliciorum
3389 2220 3530 2258 mer-

1952 2285 2134 2340 cedem
2165 2287 2311 2357 plura
2342 2288 2511 2342 solum
2543 2290 2849 2359 recipimus,
2876 2292 2971 2346 sed
2998 2293 3156 2347 etiam
3184 2295 3237 2348 in
3268 2295 3377 2365 ipsa
3400 2313 3527 2366 pec-

1952 2388 2190 2433 catorum
2237 2381 2657 2451 transgressione
2702 2384 3017 2453 supplicium
3048 2386 3218 2456 majus
3248 2388 3524 2446 trahimus.

1952 2464 2409 2536 Quemadmodum
2434 2473 2574 2526 enim
2598 2472 2689 2542 qui
2715 2472 2883 2543 legem
2907 2484 3313 2543 praecesserunt,
3354 2478 3529 2534 Initio-

1954 2575 2068 2614 rem
2100 2575 2310 2629 poenam
2357 2561 2422 2616 iis
2456 2561 2746 2628 dederunt,
2786 2563 2876 2632 qui
2921 2575 3267 2634 peccaverunt
3299 2568 3349 2621 in
3382 2569 3526 2639 lege,

1955 2647 2265 2717 Quicumque
2299 2652 2431 2704 enim
2470 2652 2577 2705 sine
2614 2651 2723 2722 lege
2756 2663 3095 2722 peccauerunt,
3125 2657 3235 2710 sine
3264 2655 3370 2725 lege
3408 2676 3527 2728 per-

1948 2738 2090 2793 ibunt
2118 2738 2294 2806 (Rom.
2316 2740 2371 2805 2,
2405 2741 2521 2812 12),
2553 2742 2603 2797 id
2633 2751 2716 2797 est
2736 2744 2908 2813 legem
2936 2755 3298 2800 accusatorem
3330 2765 3528 2819 nequa-

1949 2846 2107 2902 quam
2136 2832 2445 2900 hahebunt;
2482 2833 2576 2889 sed
2606 2844 2790 2889 contra
2816 2834 2932 2890 illos
2957 2835 3026 2891 ab
3051 2836 3161 2905 ipsa
3191 2848 3376 2893 natura
3404 2854 3528 2895 seu.-

1952 2922 2202 2989 tentiam,
2232 2921 2621 2992 inquit,.feram
2653 2923 2792 2978 inter
2810 2925 3156 2994 cogitationes
3181 2939 3490 2984 accusantes
3508 2972 3524 2995 ,

1948 3013 2034 3068 vel
2061 3013 2403 3068 defendentes
2452 3013 2609 3085 (Ibid.
2646 3028 2694 3068 υ.
2723 3014 2828 3086 15)
2859 3033 2872 3070 :
2905 3017 2982 3071 sic
3009 3027 3063 3071 et
3090 3017 3173 3081 iis,
3200 3020 3288 3089 qui
3322 3021 3372 3074 in
3414 3022 3527 3091 lege

1951 3111 2321 3175 peccaverunt,
2339 3103 2706 3175 delinquentes
2731 3105 2830 3161 sub
2851 3106 3014 3177 gratia
3036 3109 3368 3178 gravioribus
3396 3113 3526 3168 sub-

1947 3205 2103 3251 erunt
2132 3197 2429 3252 tormentis.
2480 3197 2549 3252 Et
2575 3198 2798 3253 istorum
2829 3199 3182 3256 differentiam
3209 3204 3322 3273 ipse
3347 3214 3526 3260 osten-

1948 3286 2026 3341 dit
2051 3286 2263 3350 Paulus,
2289 3286 2472 3341 diceus
2502 3305 2516 3343 :
2547 3286 2756 3341 Irritam
2780 3290 2890 3360 quis
2916 3291 3107 3360 faciens
3132 3291 3286 3361 legem
3320 3292 3524 3365 Moysi,

1947 3379 2055 3433 sine
2078 3380 2185 3433 ulla
2207 3379 2523 3433 miseratione
2545 3380 2741 3434 duabus
2764 3382 2841 3435 vel
2864 3381 3019 3437 tribus
3047 3384 3249 3439 testibus
3271 3389 3482 3442 moritur
3504 3405 3524 3444 :

1947 3478 2134 3540 quanto
2155 3470 2313 3540 magis
2339 3471 2527 3540 putatis
2555 3470 2805 3525 deteriora
2827 3473 3005 3527 mereri
3025 3475 3291 3543 supplicia,
3314 3479 3400 3546 qui
3427 3477 3524 3532 Fi-

1947 3561 2072 3617 lium
2102 3561 2198 3615 Dei
2219 3561 2614 3629 conculcaverit,
2636 3573 2683 3617 et
2707 3563 2999 3633 sanguinem
3038 3568 3315 3620 testamenti
3357 3568 3526 3637 pollu~

1948 3661 2054 3707 tum
2080 3653 2275 3707 duxerit
2294 3695 2309 3720 ,
2337 3654 2389 3706 in
2425 3670 2522 3723 quo
2547 3656 2886 3723 sanctificatus
2918 3665 3006 3722 est,
3036 3667 3083 3710 et
3108 3658 3326 3728 Spiritui
3348 3663 3526 3731 gratim

1947 3743 2298 3798 contumeliam
2342 3744 2512 3813 fecerit
2565 3744 2744 3813 (Hebr.
2794 3746 2880 3801 10.
2909 3746 2999 3801 ‘28.
3031 3746 3146 3818 29).
3193 3749 3377 3805 Cernis
3425 3754 3525 3805 sub

1947 3836 2116 3905 gratia
2146 3836 2403 3904 majorem
2437 3851 2644 3905 poenam
2668 3878 2682 3901 ,
2709 3837 2870 3891 veluti
2917 3846 2971 3892 et
3015 3840 3230 3906 prmmia
3274 3841 3470 3910 majora
3500 3844 3525 3897 ?

1946 3925 2049 3980 Sed
2072 3928 2322 3996 quoniam
2349 3935 2530 3979 sancta
2557 3926 2808 3997 mysteria
2839 3926 2904 3979 ad
2930 3927 3241 3981 memoriam
3272 3931 3421 3983 vobis
3444 3946 3525 3985 rc-

1949 4017 2040 4072 tuli
2065 4000 2339 4070 tremenda
2360 4031 2423 4070 ac
2460 4016 2772 4085 spiritualia,
2805 4031 2959 4083 rogo,
2985 4016 3233 4083 obsecro,
3263 4018 3522 4087 deprecor

1946 4115 2106 4176 atque
2146 4105 2286 4159 omni
2320 4120 2439 4160 cum
2481 4104 2728 4159 instantia
2772 4114 2984 4174 expeto,
3009 4119 3168 4159 omne
3184 4105 3522 4175 ,deponentes

1946 4205 2222 4267 peccatum
2242 4239 2258 4264 ,
2284 4197 2362 4251 sic
2389 4197 2454 4251 ad
2478 4195 2805 4251 tremendam
2828 4197 2961 4249 hanc
2983 4210 3220 4249 mensam
3241 4196 3516 4253 accedere.

1949 4287 2163 4353 Pacem,
2194 4287 2398 4358 inquit,
2428 4287 2686 4359 sequimini
2707 4302 2820 4339 cum
2841 4286 3069 4340 omnibus
3089 4295 3136 4340 et
3162 4288 3522 4355 sanctiﬁcatio-

1946 4397 2059 4434 nem
2082 4421 2096 4448 ,
2121 4381 2229 4434 sine
2257 4396 2355 4450 qua
2380 4395 2523 4433 nemo
2547 4379 2726 4433 uidebit
2756 4377 2917 4432 Deum
2948 4377 3128 4450 (Hebr.
3160 4380 3251 4434 12.
3275 4381 3386 4451 14).
3418 4380 3519 4449 Qui

1945 4483 2121 4529 autem
2162 4472 2443 4528 Dominum
2471 4471 2653 4526 videre
2679 4471 2868 4541 dignus
2895 4486 3004 4525 non
3034 4479 3143 4536 est,
3177 4487 3349 4541 neque
3373 4486 3520 4526 com-

1947 4565 2196 4619 munione
2234 4563 2426 4631 dignus
2471 4571 2557 4617 est
2603 4561 2861 4616 Dominici
2918 4562 3174 4631 corporis.
3232 4561 3520 4631 Proriterea

1946 4655 2140 4713 Paulus
2159 4656 2329 4725 inquit
2349 4672 2362 4707 :
2382 4653 2589 4709 Probet’
2605 4664 2774 4708 autem
2793 4670 2846 4708 se
2865 4655 3033 4719 homo,
3051 4663 3099 4708 et
3117 4655 3193 4708 sic
3204 4655 3266 4708 de
3279 4671 3411 4726 pane
3427 4656 3519 4710 illo

1947 4747 2192 4813 comedat,
2222 4754 2267 4800 et
2289 4746 2351 4800 de
2376 4746 2532 4800 calice
2559 4744 2692 4799 bibat
2719 4746 2795 4816 (L
2827 4745 2944 4799 Cor.
2973 4746 3059 4799 ll.
3082 4745 3198 4817 ‘28).
3221 4745 3336 4800 Non
3362 4761 3518 4802 reve-

1946 4840 2075 4894 lavit
2102 4839 2269 4905 ulcus,
2303 4855 2407 4893 non
2436 4838 2491 4892 in
2517 4851 2801 4893 commune
2828 4836 3096 4892 theatrum
3125 4838 3515 4894 accusationem

1947 4932 2215 5002 produxit,
2246 4947 2350 4985 non
2375 4929 2689 4984 delictorum
2719 4936 2882 4982 testes
2909 4927 3128 4983 statuit:
3156 4927 3296 4983 intus
3320 4927 3373 4982 in
3399 4943 3524 4983 con-

1948 5025 2166 5080 svientia
2184 5023 2433 5078 adstante
2454 5021 2684 5087 nemine,
2709 5030 2904 5090 praeter
2922 5034 3041 5075 eum
3059 5018 3146 5089 qui
3167 5028 3354 5074 cuncta
3377 5018 3522 5074 videt

1947 5116 2147 5180 Deum,
2188 5114 2441 5183 judicium
2490 5122 2544 5168 et
2588 5127 2812 5168 examen
2854 5121 3190 5181 peccatorum
3225 5118 3432 5174 statue,
3467 5120 3523 5163 et

1944 5207 2106 5262 vitam
2137 5219 2349 5260 omnem
2389 5203 2687 5273 recogitans
2716 5201 2769 5256 in
2798 5201 2993 5257 mentis
3009 5200 3261 5271 judicium
3302 5210 3518 5269 peccata

1947 5299 2214 5363 deducito,
2261 5296 2491 5352 reforma
2535 5294 2678 5365 quod
2723 5293 3011 5363 deliquisti,
3063 5301 3222 5362 atque
3271 5291 3349 5344 sic
3386 5304 3517 5360 pura

1947 5390 2271 5448 conscientia
2317 5402 2524 5444 sacram
2581 5386 2781 5457 attinge
2832 5398 3108 5450 mensam,
3161 5391 3216 5438 et
3254 5382 3518 5453 particeps

2009 5527 2032 5586 ξ
2063 5530 2275 5586 Uterque
2297 5521 2456 5586 codex
2476 5533 2495 5586 _:
2526 5516 2784 5580 Dijudicet,
2804 5528 2909 5580 pro,
2931 5515 3114 5586 probet.

1947 5654 1969 5698 ι
2012 5584 2086 5650 (a)
2116 5577 2436 5648 Hic’qtuedam
2459 5577 2681 5640 deerant,
2707 5577 2822 5643 quae
2852 5590 2916 5628 ex
2932 5577 3149 5641 utroque
3177 5583 3260 5626 Ms.
3287 5577 3523 5640 supplen-

1968 5661 2045 5699 ur.
