3906 6224
368 352 473 408 323

365 468 531 521 sancti
550 466 792 521 sacriﬁcii
823 466 935 521 ﬁas.
958 465 1080 522 litec
1097 474 1273 519 mente
1297 463 1609 526 retinentes,
1630 469 1683 513 et
1700 457 1936 511 omnium

363 573 482 627 qua:
524 558 594 614 de
642 559 847 612 luxuria
890 558 1118 612 diximus
1163 553 1456 619 recordati,
1506 560 1808 622 quantaque
1857 546 1941 602 his

365 663 521 719 ptena
566 651 735 719 posita
769 651 877 711 sit,
918 649 1004 718 qui
1038 648 1429 702 incontinenter
1457 653 1511 700 et
1552 644 1725 698 minus
1755 641 1941 711 pudice

366 740 654 808 respiciunt
694 741 746 793 in
778 739 1016 793 mulieris
1042 737 1226 792 {aciem
1245 778 1260 802 ,
1287 747 1341 792 et
1369 752 1475 805 [ιι-ω
1503 736 1743 805 geltenna
1764 734 1854 788 Dei
1879 734 1940 788 ti-

366 845 570 884 morem
597 839 648 884 et
668 830 942 882 caritatem
987 828 1245 883 habentes
1295 836 1417 881 ante
1445 825 1654 890 oculos,
1701 831 1937 878 nosmet—

366 921 508 989 ipsos
538 920 768 989 undique
797 930 1104 990 purgantes,
1133 921 1212 976 sic
1242 921 1409 975 sacris
1431 918 1697 988 mysteriis
1724 917 1941 987 proniu-

363 1027 602 1081 quetnus,
623 1028 690 1067 ne
718 1014 767 1065 in
794 1013 1049 1081 judicium
1077 1011 1581 1079 damnationemque
1608 1010 1760 1064 nobis
1787 1009 1934 1072 liant,

1098 348 1156 405 S.
1197 343 1473 403 JOANNIS
1510 337 1977 401 CHRYSOSTOMI
2018 337 2333 395 ARCHIEP.
2374 338 2912 399 CONSTANTINOP.

2046 451 2141 507 sed
2170 453 2222 507 in
2247 452 2495 521 salutem,
2520 466 2571 509 et
2589 458 2778 512 animae
2799 460 3099 526 sanitatem,
3124 454 3479 534 ﬁduciamque
3503 479 3629 521 cou-

2048 543 2245 596 tinuam
2290 545 2475 600 salutis
2528 546 2685 617 hujus
2722 551 3076 619 suscipiamus

2048 634 2275 689 Domino
2301 646 2485 691 nostro
2513 680 2528 703 ,
2559 640 2642 694 cui
2700 640 2868 711 gloria
2917 650 2971 697 et
3024 643 3304 714 imperium
3334 646 3387 701 in
3432 648 3628 705 saecula

2045 726 2383 782 saeculorum.
2412 729 2583 784 Amen
2611 730 2652 786 ⁸.

3525 347 3636 404 324

3125 567 3139 605 :
3179 553 3230 606 in
3258 553 3474 610 Christo
3500 556 3631 613 Jesu

2112 961 2128 1040 ἕ
2148 963 2613 1040 Etuta-aeratam
2629 974 2675 1017 ει
2979 972 3258 1040 magnitudo
3271 980 3316 1040 ςι
3332 974 3636 1040 magrde

2046 1027 2115 1072 tta
2139 1024 2399 1076 cuml’utre
2420 1024 2651 1078 et'sancto
2669 1024 2851 1093 Spiritu
2873 1032 2923 1081 in
2944 1024 3123 1083 secula
3143 1024 3447 1087 saeculorun'i.
3462 1024 3635 1090 ina-ii.

1374 1252 1735 1326 SERMO
1778 1252 1919 1322 DE
1983 1255 2656 1339 P(EN1TENTIA

366 1428 446 1470 ΕΤ
490 1426 1001 1482 COMPUNCTIONE,
1048 1427 1126 1469 ET
1171 1425 1338 1478 QUOD
1368 1423 1527 1467 DEUS
1571 1422 1667 1465 SIT
1709 1421 1951 1465 PROMP']

2074 1427 2158 1468 AD
2199 1431 2515 1491 SALUTEM,
2561 1441 2641 1484 ET
2683 1443 2931 1489 TARDUS
2976 1449 3059 1490 AD
3087 1449 3331 1495 ΡΟΕΝΔΜ
3365 1456 3379 1494 τ
3412 1453 3475 1496 IN
3510 1453 3641 1507 ριτο

1397 1523 1477 1565 ΕΤ
1519 1521 1841 1566 MIBABXLIS
1886 1521 1966 1562 DE
2009 1522 2225 1570 RAHAB
2268 1533 2584 1581 HISTORIA.

1668 1666 1966 1679 *-

895 1779 1110 1818 nonius
1152 1777 1223 1817 vn
1242 1759 1340 1834 (a).

450 1879 501 1930 l.
554 1876 777 1945 Semper
798 1876 1011 1944 quidem
1037 1875 1246 1930 divinus
1270 1873 1542 1942 apostolus
1566 1873 1741 1927 divina
1781 1871 1942 1926 czele-e

376 1968 550 2037 stiquc
579 1967 740 2020 utitur
778 1966 950 2032 lingua
975 2005 990 2029 ,
1037 1980 1100 2019 ac
1137 1965 1352 2019 scientia
1383 1965 1547 2019 multa
1589 1963 1948 2033 evangelicum

374 2059 505 2112 luxit
531 2058 749 2119 verbum
785 2075 797 2110 :
832 2072 938 2112 non
969 2073 1035 2111 ex
1064 2072 1158 2112 sua
1185 2058 1445 2113 sententia
1479 2066 1679 2112 temere
1706 2058 1947 2125 loquens,

374 2149 467 2203 sed
495 2149 659 2218 regali
696 2150 1011 2202 auctoritate
1039 2147 1287 2217 dogmata
1319 2147 1613 2218 proferens.
1672 2147 1782 2202 Hac
1828 2162 1951 2201 vero

372 2239 703 2310 potissimum
729 2238 891 2291 utitur
916 2238 1161 2300 scientia,
1183 2237 1396 2307 quando
1424 2238 1759 2306 peccantibus
1785 2236 1953 2305 paeni-

373 2335 547 2386 tentiae
576 2331 793 2385 verbum
825 2331 1016 2401 ingerit
1044 2347 1057 2384 :
1087 2347 1189 2400 qua
1217 2329 1285 2385 de
1316 2347 1375 2384 re
1400 2345 1492 2385 vos
1517 2330 1622 2400 jam
1645 2330 1952 2384 admonitu-

375 2438 464 2476 rus
488 2437 625 2476 sum.
658 2422 895 2476 Audistis
925 2422 1135 2490 itaque,
1168 2430 1224 2475 ut
1261 2421 1526 2491 sigillatim
1571 2436 1631 2475 ea
1668 2436 1787 2491 qum
1813 2421 1950 2475 dicta

375 2521 497 2565 sunt
526 2523 735 2581 tangam
760 2552 775 2577 ,
811 2511 1077 2580 quomodo
1105 2510 1411 2566 Corinthios
1445 2511 1718 2581 alloquens
1746 2511 1955 2566 dicebat

374 2614 622 2657 strenuus
653 2602 743 2656 ille
768 2602 847 2655 vir
868 2613 1027 2670 atque
1052 2601 1396 2657 admirandus
1420 2618 1433 2653 :
1467 2601 1549 2655 Ne
1578 2610 1711 2673 forte
1731 2604 1951 2671 ueniens,

375 2692 558 2745 multo:
592 2690 807 2761 deﬂeam
836 2707 1005 2744 eorum
1030 2692 1114 2761 qui
1143 2693 1285 2762 prius
1313 2703 1660 2763 peccauerunt,
1701 2704 1748 2748 et
1792 2695 1954 2763 poeni-

373 2783 577 2836 tentiam
601 2798 702 2835 non
728 2790 932 2852 egerunt
957 2781 1031 2853 (2.
1050 2780 1277 2837 601312.
1295 2780 1409 2854 Ἡ).
1434 2781 1604 2836 Homo
1621 2782 1831 2853 quidem
1857 2799 1954 2837 na-

375 2882 488 2924 tura
532 2886 753 2940 magnus
795 2870 880 2926 ltic
904 2871 1092 2926 doctor
1120 2881 1235 2927 erat
1256 2911 1273 2938 ,
1302 2873 1394 2926 sed
1423 2874 1693 2942 propOsito
1734 2874 1823 2929 Dei
1849 2875 1954 2929 mi-

375 2960 540 3014 nister
569 2978 583 3015 :
613 2960 732 3015 ideo
760 2961 907 3014 velut
950 2961 1148 3016 czelcSti
1178 2962 1404 3032 quadam
1452 2963 1618 3016 utitur
1662 2962 1837 3033 lingua
1859 3003 1879 3029 ,
1902 2972 1957 3020 et

372 3053 525 3122 quasi
549 3067 615 3106 ex
640 3052 765 3120 ipsis
792 3053 936 3106 czelis
964 3052 1289 3121 loqueretur,
1321 3054 1399 3108 sic
1425 3053 1796 3109 interminatur
1825 3070 1952 3126 peeo

377 3144 670 3209 caloribus,
714 3153 767 3198 et
797 3144 1176 3213 paruitentibus
1218 3144 1642 3214 prepitialionem
1670 3147 1951 3215 promittit.

373 3234 506 3287 Cum
548 3243 724 3289 autem
768 3234 884 3288 haec
910 3234 1030 3289 dico
1049 3276 1065 3300 ,
1104 3250 1436 3305 nequaquam
1466 3235 1612 3290 Pauli
1642 3237 1832 3308 liugum
1860 3253 1954 3294 au-

374 3325 675 3381 ctoritatem
697 3326 1070 3393 adscribo,sed
1100 3327 1165 3381 ad
1186 3327 1276 3382 Dei
1305 3328 1526 3398 gratiam
1547 3337 1712 3382 totum
1740 3329 1912 3383 refero
1937 3347 1953 3385 :

380 3420 447 3471 de
471 3433 580 3488 quo
607 3418 721 3488 ipse
749 3418 959 3473 diccbat
990 3436 1002 3471 :
1043 3418 1122 3472 An
1150 3419 1546 3488 experimentum
1573 3421 1680 3487 ejus
1707 3422 1952 3489 qua’ritia,

374 3510 462 3581 qui
497 3511 552 3564 in
601 3526 681 3563 me
718 3510 938 3579 loquitur
961 3549 979 3575 ,
1011 3508 1198 3564 Christi
1226 3509 1244 3579 (
1278 3510 1332 3564 2.
1361 3509 1480 3565 Cor.
1523 3510 1607 3565 15.
1641 3512 1675 3564 3
1701 3510 1766 3581 )?
1795 3510 1956 3580 Igitur

375 3600 715 3670 peccantibus
731 3599 973 3655 beneﬁcii
1001 3600 1316 3656 medicinam
1340 3602 1605 3671 supponit,
1620 3611 1673 3657 et
1695 3604 1956 3671 poeniten-

375 3695 502 3744 tiam
552 3689 619 3743 ad
660 3689 906 3744 salutem.
937 3689 1222 3745 Concurrit
1250 3700 1430 3745 autem
1479 3692 1633 3748 hodie
1668 3709 1787 3748 cum
1825 3710 1957 3765 apo-

376 3782 561 3834 stulica
583 3779 809 3834 lectione
827 3780 1128 3849 evangelica
1146 3780 1306 3835 etiam
1327 3781 1616 3837 Salvatoris
1646 3787 1950 3853 auctoritas,

375 3887 492 3939 qua:
516 3879 850 3939 peccatorum
889 3871 1256 3927 remissionem
1287 3874 1503 3944 copiose
1541 3873 1774 3945 largitur.
1825 3875 1956 3930 Nam

375 3977 494 4016 eum
523 3962 868 4034 paralyticum
901 3973 1135 4030 sanaret,
1163 3964 1377 4020 dicebat
1414 3965 1677 4035 Salvator,
1708 3976 1767 4023 ut
1797 3970 1957 4025 modo

375 4054 622 4109 audistis:
649 4052 778 4119 Fili,
809 4056 1129 4110 remittuntur
1156 4057 1246 4111 tibi
1266 4067 1469 4128 peccata
1487 4068 1574 4111 tua
1595 4058 1954 4130 multa(Marc.

372 4145 428 4198 ‘2.
453 4145 545 4214 5):
576 4144 820 4200 remissio
866 4155 1044 4200 autem
1077 4157 1413 4216 peccatorum
1451 4156 1534 4203 est
1575 4150 1691 4203 fons
1728 4151 1913 4206 salutis
1937 4191 1956 4221 ,

375 4245 431 4288 ct
458 4235 733 4303 praemium
782 4236 1129 4303 ptenitentim.
1161 4238 1477 4293 Remedium
1506 4239 1699 4309 quippe
1736 4250 1818 4296 est
1839 4257 1957 4310 pte-

378 4324 623 4390 nitentia,
652 4325 793 4395 quod
826 4336 1101 4395 peccatum
1145 4327 1283 4382 tollit
1312 4346 1325 4383 :
1361 4329 1557 4384 donum
1601 4332 1832 4396 carle5te,
1855 4334 1960 4386 vir—

376 4429 460 4469 tus
479 4414 825 4482 admirabilis,
847 4418 1012 4484 gratia
1040 4418 1211 4490 legum
1239 4434 1450 4474 cursum
1472 4422 1958 4491 superans.Quam-

374 4508 560 4564 obrem
596 4524 701 4564 non
723 4507 1099 4566 fornicatorem
1134 4513 1328 4578 renuit,
1347 4528 1453 4568 non
1476 4514 1741 4570 moechum
1769 4516 1954 4586 abigit,

376 4617 483 4656 non
512 4601 781 4658 ebriosum
822 4613 1099 4658 aversatur
1120 4645 1135 4671 ,
1161 4620 1263 4659 non
1286 4605 1614 4663 idololatram
1642 4608 1956 4677 detestatur,

375 4712 483 4751 non
504 4696 818 4752 maledicum
836 4697 1063 4767 repellit,
1086 4712 1190 4752 non
1212 4698 1579 4768 blasphemum
1603 4703 1956 4774 persequitur,

376 4802 483 4841 non
514 4797 851 4856 arrogantem
876 4803 892 4852 ;
923 4786 1017 4842 sed
1053 4802 1242 4844 omnes
1284 4790 1552 4857 immutat,
1584 4795 1784 4862 peccati
1814 4794 1957 4849 enim

374 4875 743 4933 conﬂatorium
769 4889 853 4934 est
873 4881 1185 4950 paenitentia
1212 4883 1252 4935 ⁸.
1297 4882 1485 4953 Operae
1523 4886 1753 4954 pretium
1779 4896 1956 4942 autem

374 4979 457 5024 est
485 4968 713 5038 primum
746 4969 841 5024 Dei
866 4985 1083 5040 scopum
1106 4987 1462 5043 cognoscere,
1496 4990 1602 5031 non
1651 4992 1717 5032 ex
1757 4978 1958 5047 cogita-

374 5059 610 5115 tionibus
637 5061 833 5116 nostris
855 5063 1012 5118 talem
1030 5064 1445 5134 speculationem
1466 5065 1746 5133 adeuntes,
1769 5068 1863 5124 sed
1891 5084 1957 5124 ex

376 5151 506 5218 ipsis
529 5149 724 5207 divinis
747 5151 1039 5222 Scripturis
1066 5164 1375 5211 attestatam
1408 5159 1687 5214 veritatem
1728 5160 1958 5217 demon—

374 5251 627 5298 stratztes.

458 5332 630 5388 Virtus
652 5346 916 5402 parentum
955 5337 1168 5406 posteris
1205 5339 1426 5409 prodest.
1452 5373 1526 5383 ——
1572 5343 1772 5413 Seupus
1814 5343 1951 5404 Deo,

374 5424 500 5479 dum
554 5425 926 5496 longanimiter
958 5429 1101 5499 agit,
1132 5430 1330 5502 duplex
1375 5444 1479 5499 est,
1508 5436 1572 5488 ad
1627 5435 1957 5506 salutemque

400 5597 878 5675 L'uglltlﬁueggsed
896 5613 1056 5675 mures
1076 5601 1250 5675 recipit
1258 5617 1515 5675 omnesque
1538 5605 1756 5658 immutat
1772 5621 1790 5670 ;
1808 5608 1933 5660 virtu

371 5664 436 5706 tis
448 5669 581 5726 (tum
598 5664 926 5726 gonﬂatortum
949 5669 1019 5711 est
1042 5664 1333 5726 paenitentia.

439 5721 514 5777 ta)
534 5714 711 5767 Collata
734 5733 844 5769 cum
865 5730 967 5771 Mss.
990 5714 1149 5787 Regiis
1180 5726 1320 5788 1828,
1338 5726 1479 5790 23W,
1494 5728 1635 5787 9.528,
1657 5732 1798 5782 2809.

2055 1765 2313 1833 prepitius
2345 1786 2359 1823 :
2400 1770 2529 1840 ipsis
2559 1774 2809 1832 nimirum
2845 1779 3220 1847 pt'enitentibus
3253 1786 3473 1842 salutem
3516 1805 3644 1859 pro-

2055 1865 2228 1922 curat,
2256 1873 2547 1930 eorumque
2578 1869 2805 1933 pOSteris
2828 1910 2844 1935 ,
2875 1871 2964 1938 qui
3015 1873 3066 1927 in
3103 1874 3296 1930 virtute
3327 1894 3644 1951 progressus

2056 1942 2239 2000 facturi
2269 1963 2409 2015 sunt,
2444 1953 2755 2011 beneficium
2784 1971 3041 2016 reservat.
3071 1963 3136 2018 Et
3184 1977 3239 2018 ut
3296 1942 3485 2023 iterum
3525 1942 3646 2026 ser:-
3688 1962 3709 1974 ’

2055 2051 2265 2091 munem
2296 2052 2554 2111 repetam,
2585 2047 2721 2100 Deus
2753 2048 3122 2120 longanimiter
3156 2058 3261 2125 agit
3282 2100 3296 2123 ,
3322 2069 3377 2113 ut
3413 2072 3466 2115 et
3508 2078 3643 2132 pec-

2055 2142 2204 2183 cator
2230 2133 2528 2202 resipiscat,
2561 2147 2614 2191 et
2641 2147 2698 2192 ttt
2731 2144 2955 2209 posteris
3004 2145 3112 2201 suis
3146 2150 3329 2205 salutis
3354 2154 3490 2208 viam
3531 2171 3645 2210 non

2055 2218 2286 2274 claudat.
2314 2222 2462 2278 Licet
2493 2227 2631 2280 enim
2656 2242 2904 2298 peccator
2935 2235 2986 2287 in
3031 2235 3264 2304 lapsibus
3290 2254 3599 2309 perseveret
3624 2287 3644 2310 ,

2056 2311 2225 2378 parcit
2255 2328 2396 2382 szepe
2419 2316 2603 2379 radici,
2624 2328 2682 2373 ut
2702 2319 2903 2378 fruetus
2930 2327 3193 2381 custodiat
3218 2346 3233 2395 ;
3268 2347 3646 2401 saepenumero

2057 2403 2214 2456 etiam
2250 2404 2414 2474 ipsam
2441 2408 2672 2463 radicem
2696 2412 2959 2482 immutat,
2999 2427 3055 2471 ut
3082 2428 3206 2475 ante
3249 2420 3379 2476 dixi.
3421 2424 3526 2479 Sed
3554 2427 3647 2482 ubi

2058 2492 2144 2546 illa
2185 2495 2236 2548 in
2260 2497 2619 2554 omnimodam
2649 2503 2938 2572 nequitiam
2970 2506 3181 2576 delapsa
3212 2522 3328 2575 est,
3362 2512 3501 2568 Deus
3526 2517 3641 2570 uti-

2059 2581 2181 2637 liter
2227 2584 2403 2640 dilTert
2429 2590 2775 2657 supplicium,
2809 2596 3175 2662 paenitentiam
3206 2601 3428 2655 salutem
3455 2620 3650 2674 exspe-

2057 2683 2209 2729 ctans
2243 2693 2256 2729 :
2289 2681 2557 2746 quomodo
2585 2693 2761 2736 autem
2789 2725 2803 2747 ,
2838 2686 2980 2740 audi.
3008 2688 3209 2744 Tharra
3237 2702 3385 2760 pater
3415 2696 3651 2752 Abrahae

2059 2766 2319 2823 idoldrum
2347 2772 2520 2827 cultor
2557 2784 2706 2840 erat;
2752 2777 2845 2831 sed
2879 2793 2984 2832 non
3034 2780 3121 2835 hic
3162 2783 3306 2838 dedit
3355 2786 3652 2856 impietatis

2058 2875 2266 2931 pmnas,
2294 2872 2348 2916 et
2375 2864 2589 2931 quidem
2612 2865 2752 2935 jure.
2783 2868 2914 2923 Nam
2947 2872 2990 2924 si
3019 2872 3156 2928 Deus
3185 2876 3418 2933 radicem
3450 2882 3649 2948 ρι’ωεί-

2057 2950 2249 3017 disset,
2277 2952 2539 3008 undenam
2564 2965 2744 3014 tantus
2765 2961 2884 3016 ﬁdei
2913 2962 3112 3018 fructus
3142 2967 3480 3035 pullulasset?
3504 2972 3651 3039 Quid

2058 3040 2198 3097 Eszti't
2232 3045 2496 3114 nequius"
2517 3047 2650 3104 Vide
2676 3052 2802 3106 mibi
2827 3062 2879 3108 et
2919 3055 3060 3109 aliud
3100 3057 3440 3128 benignitatis
3482 3080 3654 3135 argu-

2059 3143 2314 3188 mentum.
2342 3135 2477 3203 Quid
2506 3139 2592 3193 illa
2620 3142 2817 3197 malitia
2849 3145 3246 3214 impudentius?
3271 3167 3447 3209 nonne
3472 3155 3650 3211 forni—

2057 3232 2207 3277 cator
2234 3232 2289 3278 et
2332 3226 2582 3294 profanus
2624 3229 2780 3299 (Heb.
2818 3234 2903 3288 i2.
2943 3237 3008 3290 16
3035 3236 3056 3308 )
3081 3278 3096 3298 .
3128 3251 3185 3294 ut
3221 3243 3295 3295 ait
3329 3246 3651 3312 apostolus?

2057 3326 2236 3368 nonne
2284 3317 2544 3384 parricida
2569 3329 2623 3374 et
2662 3324 3156 3385 matricida?nonne
3177 3331 3641 3406 fratricidaquan-
3686 3352 3705 3359 ‘

2062 3411 2169 3457 tum
2195 3406 2259 3459 ad
2290 3411 2663 3477 propositum?
2694 3430 2872 3470 nonne
2912 3417 3021 3473 Deo
3048 3436 3298 3488 perosus,
3319 3436 3376 3480 nt
3401 3430 3652 3485 testiﬁca-

2060 3501 2145 3546 tur
2186 3496 2453 3564 Scriptura
2485 3501 2688 3565 dicens,
2749 3504 2910 3561 Iacob
2939 3510 3091 3564 dilexi
3120 3552 3135 3576 ,
3162 3512 3303 3568 Εεαᾶ
3332 3528 3496 3571 autem
3523 3522 3653 3575 odio

2064 3584 2415 3659 Itabui(Rom.
2457 3590 2510 3646 9.
2543 3593 2607 3649 i5
2631 3595 2696 3660 )7
2748 3596 2803 3652 Si
2854 3614 2982 3669 ergo
3013 3601 3300 3658 fornicator
3323 3606 3650 3677 ,l‘ratricida,

2069 3679 2324 3748 profanus
2353 3693 2407 3738 et
2432 3685 2556 3741 odio
2589 3687 2799 3744 habitus
2821 3731 2838 3756 ,
2869 3708 2967 3747 cur
2990 3708 3095 3748 non
3125 3711 3156 3750 e
3182 3697 3357 3752 medio
3393 3701 3594 3757 tollitur
3623 3706 3653 3759 ἲ

2066 3786 2164 3825 cur
2195 3789 2299 3827 non
2319 3777 2668 3834 exscinditur?
2681 3796 2775 3837 cur
2802 3798 2904 3838 non
2932 3786 3110 3840 statim
3135 3792 3423 3857 promerito
3442 3797 3659 3864 suppli-

2068 3861 2151 3916 cio
2168 3863 2433 3921 afﬁcitur?
2459 3869 2675 3935 Quare?
2702 3872 2981 3941 pulchrum
3016 3891 3149 3932 sane
3172 3888 3252 3934 est
3281 3896 3495 3938 causam
3513 3861 3654 3953 pro.

2060 3954 2225 4011 ferre.
2267 3957 2323 4013 Si
2370 3961 2583 4018 excisus
2614 3964 2829 4031 fuisset,
2859 3983 3109 4039 magnum
3154 3973 3385 4029 mundus
3423 3976 3651 4046 justitim

2059 4046 2286 4104 fructum
2313 4052 2581 4109 amisisset
2605 4071 2620 4119 ;
2656 4065 2711 4111 et
2738 4058 2948 4127 qualem
2979 4058 3124 4119 audi.
3152 4061 3294 4120 Esau
3320 4069 3489 4136 genuit
3531 4066 3651 4122 Ita-

2060 4141 2256 4208 guelem
2280 4181 2296 4207 ,
2337 4142 2537 4213 Raguel
2582 4144 2803 4214 Zaram,
2830 4148 2970 4207 lora
2996 4149 3097 4207 Job
3118 4153 3280 4224 (Gen.
3317 4156 3430 4230 56).
3465 4157 3657 4213 Viden'

2060 4242 2290 4299 quantus
2326 4233 2593 4301 patientia:
2638 4236 2739 4293 ﬂos
2773 4238 2982 4296 deletus
3030 4251 3207 4313 esset,
3237 4245 3285 4300 si
3315 4250 3653 4317 praeveniens

2063 4321 2205 4377 Deus
2228 4337 2412 4392 pennas
2431 4340 2459 4378 a
2482 4327 2662 4383 radice
2687 4330 2996 4400 exegisset?

2130 4416 2186 4469 2.
2222 4416 2479 4474 Omnibus
2510 4420 2668 4491 igitur
2704 4423 2756 4477 in
2794 4425 2956 4480 rebus
2989 4425 3129 4483 hanc
3160 4428 3648 4487 considerationem

2060 4506 2301 4563 admitte.
2333 4509 2459 4565 ideo
2482 4511 2857 4583 longanimiter
2881 4516 2990 4588 agit
3013 4532 3135 4572 cum
3163 4518 3428 4592 Egyptiis
3455 4522 3649 4579 intole-

2062 4598 2255 4655 rabiles
2300 4600 2658 4671 blasphemias
2686 4605 3079 4675 proferentibus
3095 4650 3109 4670 .
3134 4610 3203 4664 ob
3222 4613 3474 4667 ecclesias
3494 4630 3651 4669 nem-

2061 4705 2149 4759 pe,
2180 4706 2298 4761 qua:
2325 4707 2467 4748 nunc
2500 4692 2693 4750 ﬂorent
2719 4696 2770 4750 in
2794 4696 3047 4767 Egypto,
3079 4700 3149 4754 ob
3211 4704 3532 4757 monasteria
3588 4715 3648 4760 et

2059 4794 2152 4834 eos
2181 4782 2270 4851 qui
2311 4784 2630 4854 angelicam‘
2670 4786 2830 4841 vitam
2864 4798 2988 4843 sunt
3013 4791 3260 4860 amplexi.
3309 4791 3520 4847 Etenim
3541 4835 3558 4861 ,
3591 4801 3655 4850 u't

2060 4870 2211 4927 aiunt
2245 4874 2383 4943 juris
2410 4876 2604 4945 publici
2634 4879 2829 4948 periti,
2860 4891 2914 4936 et
2943 4889 3002 4936 ut
3045 4883 3356 4953 praecipiunt
3388 4885 3648 4942 Romana:

2060 4962 2226 5034 leges,
2257 4956 2538 5036 praegnans
2565 4971 2609 5024 si
2649 4972 2701 5024 in
2732 4971 2932 5027 crimen
2965 4973 3162 5029 incidat
3190 4987 3360 5032 morte
3388 4977 3647 5048 dignum,

2061 5072 2166 5111 non
2184 5057 2333 5129 prius
2361 5059 3006 5135 interﬁeijubetur,quam
3035 5068 3503 5138 pepererit:idque
3523 5072 3650 5139 jure

2061 5150 2254 5205 merito
2285 5168 2299 5205 :
2332 5167 2436 5206 non
2469 5154 2610 5209 enim
2635 5156 2838 5224 justum
2869 5169 3196 5214 censuerunt
3221 5161 3393 5231 legum
3425 5162 3643 5228 latores,

2063 5241 2335 5297 innoxium
2375 5259 2495 5297 eum
2528 5248 2683 5300 noxia
2721 5247 2787 5302 de
2832 5249 3010 5305 medio
3035 5250 3168 5305 tolli.
3193 5250 3344 5319 Quod
3376 5252 3418 5307 si
3447 5251 3643 5308 burna-

2062 5346 2146 5386 na:
2170 5333 2315 5403 leges
2344 5335 2475 5388 nihil
2496 5337 2838 5405 peccantibus
2863 5349 3105 5408 parcunt,
3127 5355 3305 5395 annon
3336 5341 3503 5396 multo
3523 5358 3636 5397 nta-

2059 5423 2140 5492 gis
2172 5424 2307 5478 Deus
2333 5425 2565 5480 radicem
2605 5429 2891 5496 custodiet,
2915 5428 3177 5486 fructibus
3200 5434 3522 5502 paenitentiae
3552 5434 3644 5491 be-

2062 5513 2307 5569 neﬁcium
2358 5519 2682 5572 reservans?
2737 5519 2934 5588 Accipe
2975 5519 3044 5576 de
3084 5532 3280 5577 cancro
3324 5538 3485 5594 super
3510 5524 3645 5592 ipsis

2064 5606 2405 5673 peccantibus
2449 5608 2775 5677 poenitentia:
2819 5610 3136 5667 beneficium
3161 5631 3175 5668 :
3204 5629 3326 5668 nam
3351 5623 3405 5669 et
3432 5615 3484 5670 in
3510 5617 3641 5687 ipsis

2126 5739 2141 5768 ι
2180 5744 2304 5787 Unus
2328 5745 2463 5800 αρε..
2494 5739 2841 5803 Evangelicam.
