3862 6232
82 341 207 398 525

1326 342 1418 400 DE
1454 340 1928 400 ΡΟΕΝΙΤΕΝΤΙΔ.
1966 337 2199 396 1105111».
2242 338 2348 393 VII.

3421 339 3526 397 εει.

85 459 314 531 ἔχοντες
335 456 392 508 ἐν
420 455 520 525 νῷ,
548 455 644 509 καὶ
681 453 791 508 τῶν
818 455 942 527 περὶ
976 456 1273 522 ἀκολασίας
1301 459 1432 528 ἡμῖν
1464 458 1767 530 εἰρημένων
1862 455 1957 508 καί
1988 454 2328 525 κατάκριμα,
2360 451 2473 507 ἀλλ’
2509 452 2589 516 εἰς
2634 449 2911 522 σωτηρίαν
2954 451 3048 505 καὶ
3090 450 3301 521 ὑγίειαν
3328 452 3524 525 ψυχῆς,

90 542 461 613 μεμνημένοι,
495 542 588 597 καί
625 543 725 614 δση
768 546 945 597 κεῖται
994 546 1238 617 τιμωρία
1284 547 1397 610 τοῖς
1444 546 1629 611 ἁπλῶς
1675 548 1766 600 καὶ
1860 543 1942 603 εἰς
1988 543 2301 613 παρρησίαν
2338 539 2567 611 διηνεκῆ
2616 539 2713 609 τῆς
2763 540 3038 611 σωτηρίας
3066 538 3268 610 ταύτης
3318 541 3526 595 ἀπολά-

85 629 419 692 ἀκολάστως
444 629 611 701 ὁρῶσι
646 629 744 693 τὰς
767 629 876 683 τῶν
896 633 1175 700 γυναικῶν
1206 631 1379 701 ὄψεις,
1409 634 1502 686 καὶ
1538 634 1641 705 πρὸ
1669 635 1767 704 τῆς

85 718 323 787 γεέννης
344 714 441 770 τοῦ
462 715 597 769 Θεοῦ
622 717 711 771 τὸν
744 718 907 786 φόϐον
936 719 1030 771 καί.
1065 720 1164 791 τὴν
1192 720 1414 791 ἀγάπην
1440 720 1544 791 πρὸ
1571 720 1767 788 ὀφθαλ-

90 816 222 887 μῶν
250 815 480 887 ἔχοντες,
534 817 872 888 πανταχόθεν
928 821 1157 884 ἑαυτοὺς
1200 820 1574 893 καθαίροντες,
1626 821 1766 874 οὕτω

1864 629 2068 699 ϐωμεν,
2091 630 2148 682 ἐν
2174 628 2397 700 Χριστῷ
2431 626 2605 697 Ἰησοῦ
2636 627 2713 697 τῷ
2744 626 2934 698 Κυρίῳ
2956 627 3131 698 ἡμῶν,
3151 621 3247 699 ᾧή
3276 627 3529 694 δόξα,καὶ

1861 713 1922 766 τὸ
1952 717 2176 786 κράτος,
2209 717 2288 778 εἰς
2318 717 2443 777 τοὺς
2468 715 2668 778 αἰῶνας
2690 713 2797 767 τῶν
2833 714 3064 767 αἰώνων.
3131 715 3302 786 ’Δμήν
3332 727 3382 769 ι.

1930 798 2152 870 201101).
2191 800 2348 870 καὶτὸ
2367 801 2555 870 κράτος,
2583 801 2895 870 μεγαλωσύνη
2909 803 2993 870 καὶ
3022 803 3532 870 μεγαλοπρέπεια,

1872 861 1942 920 τῷ
1964 862 2216 928 Πατρὶ-καί
2243 863 2313 924 τῷ
2330 861 2550 928 παναγίῳ
2582 861 2662 911 καὶ
2686 865 2905 927 ζωοποιῷ
2930 861 3174 925 Πνεύματι
3203 861 3266 919 εἰς
3282 861 3390 921 τοὺς
3412 861 3503 912 αἰῶ

87 905 197 958 καὶ
227 904 539 976 προσίωμεν
562 908 676 969 τοῖς
702 907 868 977 ἱεροῖς
893 907 1230 980 μυστηρίοις,
1260 908 1350 963 ῖνα
1389 906 1465 980 μὴ
1492 909 1571 974 εἰς
1597 915 1795 983 κρῖμα.
1874 904 2308 977 νᾶςῖιῖιντὸιίιξῖωνῗ
2330 904 2496 985 ’λῐῆηλ

1416 1270 1642 1331 ΛΟΓΟΣ
1672 1273 1832 1328 ΠΕΡΙ
1868 1273 2270 1330 ΜΕΤΑΝΟΙΔΣ

148 1446 251 1500 καί
280 1447 678 1517 κατανύξεως,
709 1449 807 1503 καί
837 1448 927 1503 ὅτι
955 1451 1146 1519 ταχὺς
1172 1452 1207 1506 ὀ
1233 1450 1378 1518 Θεὸς
1401 1414 1493 1518 εἰςζ
1527 1453 1830 1521 σωτηρίαν
1858 1454 1958 1520 καὶ
1982 1456 2216 1524 ,ϐραδὺς
2240 1458 2328 1525 εἰς
2349 1460 2656 1534 τιμωρίαν]
2685 1454 2818 1533 ἐνῷ
2879 1462 2974 1515 καὶ
3002 1461 3133 1531 περὶ
3159 1454 3270 1526 τῆς
3311 1462 3497 1520 Ῥαὰο

1511 1542 1848 1621 πᾳρὰὃοξος
1877 1548 2126 1613 ἱστορία.

773 1884 1007 1953 Ὅμιλία
1042 1883 1103 1945 ζ’.

172 1979 245 2025 α’.
285 1971 523 2025 Πάντοτε
558 1972 657 2043 μὲν
680 1973 709 2026 6
733 1971 874 2034 θεῖος
910 1972 1228 2037 ’Δπόστολος
1259 1972 1377 2045 θείᾳ
1414 1972 1508 2027 καί
1539 1970 1772 2044 οὐρανίῳ

93 2061 372 2130 κέχρηται
395 2058 631 2130 γλώττῃ,
657 2061 751 2113 καὶ
777 2060 916 2129 μετά
940 2059 1139 2131 πολλῆς
1164 2062 1472 2133 ἐπιστήμης
1500 2060 1591 2113 τὸν
1616 2061 1776 2128 εὐαγ-

91 2147 321 2215 γελικὸν
369 2147 586 2215 ὑφαίνει
627 2146 821 2215 λόγον·
865 2148 964 2201 οὐκ
1005 2146 1065 2212 ἐξ
1102 2147 1308 2211 οἰκείας
1335 2146 1558 2219 γνώμης
1585 2146 1775 2211 ἁπλῶς

94 2232 499 2302 φθεγγόμενος,
536 2233 652 2285 ἀλλ’
681 2235 745 2285 ἐκ
797 2233 896 2303 τῆς
946 2234 1230 2305 βασιλικῆς
1274 2232 1440 2289 αὐτοῦ
1489 2233 1775 2296 αὐθεντίας

92 2319 396 2391 προφέρων
427 2322 494 2373 τὰ
521 2318 767 2390 δόγματα
787 2335 800 2351 ⁸
832 2319 1127 2391 ἐξαιρέτως
1146 2320 1203 2373 δὲ
1228 2320 1397 2392 ταύτῃ
1420 2320 1687 2392 κέχρηται
1705 2321 1772 2390 τῇ

92 2409 413 2479 ἐπιστήμῃ,
441 2409 568 2462 ὅταν
617 2409 709 2462 τὸν
763 2409 865 2478 τῆς
913 2409 1200 2479 μετανοίας
1243 2407 1437 2480 εἰσάγῃ
1471 2409 1627 2476 λόγον
1662 2410 1776 2470 τοῖς

93 2496 481 2567 ἁμαρτάνουσι
505 2510 518 2526 θ
547 2495 675 2566 περὶ
699 2496 756 2549 δὲ
777 2495 942 2549 αὐτοῦ
968 2496 1060 2548 τοῦ
1084 2496 1375 2564 κεφαλαίου
1400 2496 1608 2558 πάντας
1631 2495 1775 2566 ὑμᾶς

97 2582 430 2652 ὑπομνήσω.
471 2581 771 2635 Ἠκούσατε
823 2583 1025 2646 τοίνυν,
1064 2584 1150 2636 ἵνα
1195 2582 1260 2636 ἐκ
1311 2583 1510 2654 μέρους
1548 2581 1776 2652 ἅψωμαι

96 2670 214 2721 τῶν
239 2668 567 2739 εἰρημένων,
594 2670 671 2730 ώς
699 2668 900 2739 ἀρτίως
923 2669 1303 2740 διαλεγόμενος
1329 2672 1442 2732 τοῖς
1469 2669 1775 2742 Κορινθίοις

98 2758 295 2826 ἔλεγεν
325 2759 353 2810 6
379 2760 626 2826 γενναῖος
647 2758 854 2821 ἐκεῖνος
881 2758 977 2811 καὶ
1005 2758 1302 2828 θαυμάσιος
1326 2758 1496 2827 ἀνήρ·
1549 2757 1776 2825 Μήπως

95 2844 302 2899 ἐλθὼν
334 2844 609 2910 πολλοὺς
639 2845 921 2911 πενθήσω
949 2844 1067 2899 τῶν
1092 2846 1649 2913 προημαρτηκότων,
1675 2844 1776 2898 καί

93 2932 183 3002 μή
215 2932 1074 3002 μετανοησάντων.”Ανθρωπος
1115 2933 1212 3003 μὲν
1240 2927 1308 3002 ἦν
1336 2934 1403 3002 τῇ
1439 2930 1597 3000 φύσει
1624 2933 1652 2984 6
1677 2929 1775 3002 μέ-

98 3037 210 3087 γας
240 3011 398 3083 οὗτος
426 3018 764 3083 διδάσκαλος,
797 3017 932 3072 Θεοῦ
964 3019 1008 3072 δ’
1035 3018 1313 3089 ὑπηρέτης
1343 3017 1440 3089 τὴν
1477 3017 1772 3088 πρόθεσιν-ο

98 3106 192 3160 διὰ
223 3106 383 3159 τοῦτο
415 3105 603 3177 ὥσπερ
641 3105 876 3177 οὐρανίῳ
917 3105 1180 3176 κέχρηται
1213 3103 1448 3178 γλώττῃ.
1478 3105 1574 3158 καὶ
1609 3103 1684 3168 ὼς
1717 3102 1777 3170 ἐξ

100 3193 287 3246 αὐτῶν
318 3192 429 3246 τῶν
455 3193 700 3263 οὐρανῶν
733 3191 1125 3262 φθεγγόμενος,
1157 3190 1300 3245 οὕτω
1337 3192 1430 3245 καί
1458 3194 1571 3254 τοῖς
1604 3192 1780 3263 ἀμαρ-

99 3280 362 3333 τάνουσιν
408 3278 655 3342 ἀπειλεῖ,
688 3279 782 3332 καί
814 3281 927 3342 τοῖς
967 3278 1316 3349 μετανοοῦσιν
1352 3277 1577 3349 ἱλασμὸν
1609 3278 1784 3346 ὲπαγ-

99 3366 380 3436 γέλλεται.
425 3365 575 3438 [527]
619 3367 787 3420 Ὅταν
833 3365 891 3419 δὲ
940 3363 1113 3418 ταῦτα
1166 3364 1325 3431 εἴπω,
1355 3365 1416 3419 οὐ
1457 3367 1525 3436 τῇ
1566 3364 1780 3418 Παύλου

100 3452 447 3524 γλώττῃμτὴν
482 3453 770 3507 αὐθεντίαν
795 3452 1106 3523 ἐπιγράφω,
1139 3452 1251 3505 ἀλλ’
1282 3453 1378 3506 ἐπὶ
1408 3452 1507 3522 τὴν
1527 3450 1624 3505 τοῦ
1644 3449 1780 3506 Θεοῦ

100 3541 271 3609 χάριν
304 3539 365 3592 τὸ
393 3541 500 3593 πᾶν
537 3539 820 3619 ἀναφέρω,
855 3541 984 3612 περί
1027 3531 1088 3592 οῦ
1120 3539 1216 3594 νῦν
1258 3539 1419 3602 αὐτὸς
1455 3538 1640 3608 ἔλεγεν
1661 3553 1675 3567 ·
1710 3540 1786 3593 Εἰ

101 3627 372 3698 δοκιμὴν
414 3624 634 3695 ζητεῖτε
669 3627 778 3680 τοῦ
819 3628 889 3681 ἐν
932 3626 1063 3697 ἐμοὶ
1107 3626 1449 3692 λαλοῦντος
1480 3625 1782 3695 Χριστοῦ;

110 3713 470 3768 ’Υποτίθεται
504 3714 682 3767 τοίνυν
704 3716 821 3777 τοῖς
856 3713 1225 3785 ἁμαρτάνουσι
1253 3713 1542 3784 φάρμακον
1561 3714 1785 3785 εὐεργε-

105 3806 253 3867 σίας,
294 3804 391 3856 καί.
421 3802 711 3872 μετάνοιαν
749 3802 830 3865 εἰς
863 3801 1157 3873 σωτηρίαν.
1194 3802 1504 3873 Συνέδραμε
1529 3801 1586 3856 δὲ
1612 3802 1785 3872 σήμε-

106 3910 200 3963 ρον
243 3894 312 3962 τῇ
352 3890 682 3962 ἀποστολικῇ
726 3889 1031 3959 ἀναγνώσει
1081 3890 1177 3943 καὶ
1226 3891 1259 3960 ἡ
1306 3890 1637 3961 εὐαγγελικὴ
1685 3888 1780 3943 τοῦ

104 3978 368 4049 Σωτῆρος
402 3975 678 4039 αὐθεντία,
709 3975 995 4047 ἁμαρτιῶν
1039 3976 1231 4044 ἄφεσιν
1280 3974 1528 4045 ἀφθόνως
1571 3973 1786 4047 χαριζο-

106 4066 271 4135 μένη.
302 4064 405 4117 Τὸν
430 4063 539 4133 γὰρ
570 4063 937 4137 παραλυτικὸν
962 4067 989 4118 6
1012 4065 1201 4136 Σωτὴρ
1227 4063 1453 4134 ἰώμενος
1484 4063 1688 4133 ἔλεγεν,
1708 4063 1785 4127 ὡς

102 4152 315 4222 ἀρτίως
348 4150 630 4217 ἀκηκόατε
652 4168 663 4179 ·
703 4149 941 4215 Τέκνον,
972 4150 1269 4220 ἀφέωνταί
1294 4164 1394 4205 σοι
1425 4153 1484 4204 αὶ
1510 4149 1785 4219 ἁμαρτίαι

104 4255 224 4292 σου
275 4241 336 4291 αἰ
378 4238 630 4291 πολλαί·
678 4237 875 4306 ἄφεσις
916 4237 977 4291 δὲ
1017 4237 1302 4307 ἁμαρτιῶν
1327 4238 1477 4309 πηγὴ
1510 4238 1785 4309 σωτηρίας

103 4327 202 4379 καὶ
228 4324 463 4378 ἔπαθλον
505 4324 820 4395 μετανοίας“
858 4325 1091 4395 ἰατρεῖον
1123 4324 1233 4395 γάρ
1261 4326 1408 4378 ἐστιν
1444 4324 1784 4395 ἀναιρετικὸν

100 4415 205 4483 τῆς
240 4412 523 4484 ἁμαρτίας
562 4414 596 4482 ἡ
642 4411 933 4482 μετάνοια·
960 4411 1131 4482 δῶρόν
1155 4413 1303 4464 ἐστιν
1328 4411 1597 4483 οὐράνιον,
1622 4411 1783 4467 δύνα-

107 4517 202 4568 μις
248 4499 562 4571 θαυμαστὴ,
594 4500 776 4570 χάριτι
824 4497 1029 4551 νικῶσα
1073 4498 1171 4567 τὴν
1204 4498 1312 4552 τῶν
1341 4498 1520 4569 νόμων
1563 4498 1784 4552 ἀκολου-

105 4584 253 4638 θίαν.
299 4585 397 4638 Διά
428 4585 588 4638 τοῦτο
618 4586 678 4638 οὐ
715 4585 912 4657 πόρνον
951 4584 1286 4646 ἀποσείεται,
1325 4585 1385 4637 οὐ
1438 4584 1623 4655 μοιχὸν
1656 4585 1788 4638 ἀπο-

107 4669 282 4732 σοϐεῖ,
311 4670 371 4723 οὐ
404 4671 633 4742 μέθυσον
661 4671 1089 4742 ἀποστρέφεται,
1119 4671 1219 4723 οὐκ
1247 4669 1636 4741 εἰδωλολάτρην
1659 4670 1781 4740 βδε-

104 4754 395 4819 λύσσεται,
418 4758 481 4809 οὐ
510 4757 748 4830 λοίδορον
774 4757 1090 4820 ἀπελαύνει,
1120 4757 1180 4810 οὐ
1208 4755 1525 4827 βλάσφημον
1552 4754 1784 4809 ἀποδιώ-

106 4862 212 4910 κει,
237 4846 344 4899 οὐκ
377 4845 631 4911 ἀλαζόνα,
661 4847 795 4900 ἀλλά
823 4848 1031 4910 πάντας
1065 4848 1350 4918 μεταποιεῖ
1371 4864 1386 4880 ο
1419 4849 1783 4918 χωνευτήριον

107 4933 218 5004 γάρ
252 4935 370 4985 ἐστι
396 4932 496 5004 τῆς
526 4935 800 5004 ἁμαρτίας
819 4935 853 5004 ή
878 4935 1133 5003 μετάνοια
1152 4947 1201 4989 ιι.
1220 4935 1538 5002 Ἀναγκαῖον
1558 4935 1616 4988 δὲ
1634 4934 1784 5006 πρῶ-

104 5035 198 5074 τον
231 5020 500 5091 γνωρίσαι
530 5020 626 5073 τοῦ
655 5021 789 5074 Θεοῦ
816 5021 909 5074 τὸν
941 5022 1163 5084 σκοπὸν,
1190 5023 1291 5075 οὐκ
1316 5022 1375 5087 ἐξ
1396 5023 1678 5095 ἡμετέρων
1697 5024 1783 5075 ὲν-

106 5107 267 5159 νοιῶν
296 5106 684 5171 ἐπιϐάλλοντας
709 5107 883 5181 ταύτῃ
906 5111 970 5179 τῇ
1008 5108 1231 5179 θεωρίᾳ,
1253 5108 1367 5162 ἀλλ’
1391 5108 1451 5173 ἐξ
1475 5110 1654 5163 αὐτῶν
1673 5109 1783 5164 τῶν

109 5192 273 5247 θείων
304 5194 537 5265 Γραφῶν
569 5195 1072 5267 μεμαρτυρημένην
1093 5195 1512 5259 ἀποδεικνύντας
1540 5195 1637 5268 τὴν
1659 5197 1785 5269 ἀλή-

112 5279 286 5335 θειαν.
321 5282 529 5347 Σκοπὸς
556 5282 634 5354 τῷ
673 5283 792 5354 Θεῷ
840 5282 1211 5354 μακροθυμεῖν
1253 5285 1367 5346 τοῖς
1409 5284 1782 5354 ἁμαρτάνουσι

109 5364 332 5431 διπλοῦς
362 5371 511 5423 ἐστιν
532 5372 609 5434 εἰς
635 5371 907 5441 σωτηρίαν
929 5370 1084 5434 ἵλεως
1102 5384 1117 5400 ’
1151 5371 1581 5441 μνηστευόμενος
1601 5372 1781 5437 αὐτοῖς

112 5454 211 5523 τὴν
238 5456 303 5508 ἐκ
327 5457 616 5526 μετανοίας
639 5458 932 5530 σωτηρίαν,
963 5459 1191 5521 καὶτοῖς
1219 5457 1276 5524 ἐξ
1299 5456 1477 5511 αὐτῶν
1496 5457 1782 5527 ἀπογόνοις

112 5542 223 5604 τοῖς
274 5544 355 5606 εἰς
401 5543 602 5617 ἀρετὴν
643 5545 936 5600 ἐπιδιδόναι
969 5544 1219 5617 μέλλουσι
1250 5543 1642 5615 ταμιευόμενος
1682 5546 1779 5617 τὴν

176 5652 200 5680 ι
233 5646 367 5713 [τῃιιξ
387 5647 514 5713 Reg:
537 5649 719 5706 πάντας
741 5650 928 5713 δέχεται
951 5650 1032 5699 καὶ
1056 5649 1232 5706 πάντας
1254 5648 1515 5713 μεταποιεῖ
1540 5651 1776 5713 χωνευτή-

117 5725 215 5770 μον
238 5708 325 5773 γάρ
346 5708 481 5758 ἐστιν
493 5709 660 5773 ἀρετῆς
676 5714 711 5770 ἡ
733 5708 955 5774 μείίάνοισ

1881 1880 2224 1952 εὐεργεσίαν.
2256 1884 2366 1938 Kal
2407 1883 2491 1937 ἵνα
2534 1883 2696 1938 πάλιν
2743 1886 2998 1945 ἀναλάϐω
3024 1887 3120 1942 τὸν
3146 1886 3325 1959 λόγον,
3358 1893 3386 1945 ό
3411 1890 3548 1957 Θεὸς

1882 1967 2244 2040 μακροθυμεῖ,
2278 1969 2365 2024 ἵνα
2405 1971 2500 2024 καὶ
2534 1971 2564 2024 6
2597 1972 2925 2042 ἁμαρτάνων
2954 1979 3278 2048 μετανοήσῃ,
3307 1979 3401 2032 καὶ
3432 1980 3546 2042 τοῖς

1878 2054 1939 2118 ὲξ
1962 2053 2127 2108 αὐτοῦ
2159 2056 2497 2126 τικτομένοις
2533 2058 2607 2129 μὴ
2642 2058 2942 2131 ἀποκλείσῃ
2969 2062 3068 2133 τήν
3105 2065 3399 2135 σωτηρίαν.
3426 2064 3546 2120 Κάν

1877 2142 1987 2213 γὰρ
2032 2140 2194 2205 αὐτὸς
2236 2144 2265 2195 6
2302 2143 2630 2214 ἁμαρτάνων
2680 2145 3025 2218 ἀμετανόητα
3071 2151 3258 2221 πταίῃ,
3308 2152 3545 2220 φείδεται

1879 2227 2139 2290 πολλάκις
2178 2227 2277 2297 τῆς
2303 2226 2478 2298 ῥίζης,
2512 2229 2599 2282 ἵνα
2628 2230 2838 2304 φυλάξῃ
2872 2235 2997 2297 τοὺς
3031 2235 3308 2304 καρπούςο
3343 2236 3545 2290 πολλά-ο

1879 2330 1968 2378 κις
2008 2314 2107 2384 μὲν
2133 2310 2225 2369 οῦν
2257 2315 2350 2368 καὶ
2382 2315 2551 2386 αὐτὴν
2583 2317 2906 2388 μεταϐάλλει
2933 2319 3032 2392 τὴν
3066 2321 3243 2393 ῥίζαν,
3271 2323 3347 2386 ὡς
3375 2323 3546 2395 ιφθην

1880 2400 2050 2454 εἰπών
2068 2415 2084 2432 ⁶
2119 2400 2237 2454 ἀλλ’
2263 2403 2482 2457 ἐπειδὰν
2513 2406 2594 2468 εἰς
2625 2408 2861 2479 παντελῆ
2894 2410 3095 2464 κακίαν
3124 2413 3304 2482 ἐκείνη
3334 2414 3495 2485 πέσῃ,
3517 2413 3548 2465 6

1880 2486 2013 2551 Θεὸς
2036 2488 2382 2560 ὑπερτίθεται
2405 2491 2688 2563 χρησίμως
2710 2494 2808 2566 τὴν
2829 2496 3122 2567 τιμωρίαν,
3138 2499 3420 2570 ἀναμένων
3438 2501 3549 2553 τῶν

1884 2577 2285 2645 μετανοούντων
2309 2579 2407 2650 τὴν
2442 2583 2717 2652 σωτηρίαν
2738 2598 2752 2614 ⁸
2782 2584 2877 2637 καὶ
2911 2584 3079 2649 ὅπως,
3107 2587 3290 2642 ἄκουε.
3314 2589 3501 2659 Θάρῥα
3521 2589 3550 2642 6

1882 2666 2066 2738 πατὴρ
2100 2667 2352 2739 Ἀϐραὰμ
2378 2668 2612 2723 εἰδώλων
2638 2665 2706 2742 ἦν
2729 2674 3129 2745 προσκυνητὴς,
3161 2675 3274 2728 ἀλλ’
3299 2676 3361 2729 οὐ
3389 2676 3551 2729 δέδω-

1880 2770 1976 2806 κεν
2007 2754 2237 2808 ἐνταῦθα
2271 2758 2370 2827 τῆς
2405 2756 2659 2822 ἀσεϐείας
2702 2759 2802 2830 τὴν
2848 2760 3040 2830 δίκηνο
3086 2762 3180 2816 καὶ
3213 2764 3456 2826 εἰκότως.
3486 2765 3551 2817 Εἰ

1881 2840 1990 2913 γὰρ
2012 2841 2296 2912 προλαϐὼν
2325 2844 2355 2895 6
2383 2843 2515 2908 Θεὸς
2543 2844 2787 2916 ἀπέτεμε
2813 2846 2911 2917 τὴν
2936 2847 3121 2919 ῥίζαν,
3141 2849 3351 2904 πόθενό
3371 2849 3553 2905 τοσοῦ-

1881 2944 1971 2991 τος
2004 2929 2213 3000 καρπὸς
2241 2930 2340 3000 τῆς
2364 2930 2599 2996 πίστεως
2621 2932 2918 2998 ἀνεδίδοτο;
2944 2935 3007 2987 Τί
3035 2935 3127 2988 τοῦ
3156 2936 3324 2990 Ἠσαῦ
3352 2937 3556 3010 μοχθη-

1886 3014 2133 3087 ρότερον;
2162 3016 2473 3087 Σκόπειμοι
2493 3019 2587 3071 καί
2607 3019 2800 3090 ἑτέρας
2829 3019 3240 3092 φιλανθρωπίας
3274 3023 3550 3080 ὑπόθεσιν.

1883 3100 1950 3152 Τί
1977 3100 2076 3167 τῆς
2106 3100 2302 3165 κακίας
2331 3102 2548 3173 ἐκείνης
2572 3104 2983 3177 ἀναιδέστερον;
3011 3109 3070 3160 οὐ
3104 3109 3301 3180 πόρνος
3328 3109 3424 3163 καὶ
3460 3109 3553 3179 βέ-

1882 3186 2065 3257 ϐηλος,
2104 3186 2178 3251 ῶς
2203 3204 2365 3258 φησιν
2387 3188 2416 3240 6
2452 3189 2802 3257 Ἀπόστολος;
2836 3194 2898 3246 οὐ
2936 3194 3260 3266 μητρολοίας
3304 3184 3398 3250 καὶ
3444 3214 3552 3250 πα-

1879 3273 2169 3361 τρολοίας;
2205 3276 2304 3328 οὐκ
2350 3275 2582 3344 ἀδελφοῦ
2634 3281 2827 3347 φονεὺς
2853 3280 2975 3334 ὅσον
3000 3284 3081 3346 εἰς
3114 3282 3405 3352 πρόθεσιν;
3454 3284 3553 3351 οὐχ

1882 3360 1989 3413 ὑπὸ
2016 3359 2111 3414 τοῦ
2137 3361 2273 3415 Θεοῦ
2307 3362 2668 3434 μισούμενος;
2702 3366 2734 3436 ή
2766 3366 2956 3438 Γραφὴ
2989 3371 3255 3439 μαρτυρεῖ
3279 3368 3513 3437 λέγουσα
3536 3387 3551 3401 ο

1884 3446 2003 3501 Τὸν
2035 3447 2236 3502 Ἰακὼϐ
2260 3448 2570 3518 ἠγάπησα,
2598 3450 2708 3504 τόν
2725 3451 2795 3505 δὲ
2827 3450 3018 3508 Ἡσαῦ
3047 3453 3335 3524 ἐμίσησα.
3363 3458 3427 3510 Εἰ
3447 3456 3555 3511 τοί-

1881 3551 1975 3589 νυν
2007 3535 2204 3606 πόρνος
2246 3537 2340 3591 καὶ
2369 3536 2753 3619 ἀδελφοκτόνος
2789 3540 2884 3592 καί⁵
2930 3539 3158 3611 βέϐηλος
3188 3543 3283 3597 καί
3313 3560 3553 3615 μεμιση-

1886 3622 2063 3692 μένος,
2096 3623 2185 3677 διά
2211 3623 2263 3676 τί
2294 3625 2367 3695 μὴ
2392 3624 2749 3694 ἀφανίζεται;
2780 3625 2868 3680 διὰ
2895 3627 2950 3680 τί
2979 3627 3054 3699 μὴ
3082 3628 3441 3697 ὲκκόπτεται;
3464 3631 3556 3686 διὰ

1879 3710 1933 3762 τί
1971 3712 2308 3783 παραχρῆμα
2336 3712 2434 3784 τὴν
2467 3713 2848 3784 προσήκουσαν
2881 3715 3151 3787 τιμωρίαν
3194 3716 3255 3770 οὐ
3302 3717 3553 3787 δέχεταις

1883 3796 1981 3852 Διά
2015 3798 2100 3866 τί;
2133 3798 2298 3852 καλὸν
2325 3798 2401 3863 ὼς
2435 3798 2655 3870 ἀληθῶς
2695 3801 2790 3854 καί
2816 3800 2917 3872 τὴν
2942 3801 3121 3856 αἰτίαν
3153 3805 3343 3858 εἰπεῖν.
3375 3805 3440 3857 Εἰ
3470 3802 3556 3869 ἐξε

1882 3886 2078 3956 εκόπη,
2105 3885 2360 3954 μέγιστον
2388 3886 2598 3956 καρπὸν
2618 3886 2964 3956 δικαιοσύνης
2989 3890 3017 3942 6
3039 3889 3243 3959 κόσμος
3274 3889 3560 3944 ἀπώλεσεν

1882 3969 1950 4023 ἀν
1970 3986 1984 3999 ·
2013 3973 2106 4025 καὶ
2137 3970 2545 4037 ὁποῖον,’ἆκουε.
2564 3971 2752 4028 Ἠσαῦ
2776 3972 3068 4041 ἐγέννησε
3094 3974 3203 4029 τὸν
3231 3976 3553 4045 Ῥατουὴλ,

1896 4056 2187 4126 Ῥαγουὴλ
2230 4057 2339 4110 τὸν
2382 4058 2564 4126 Ζαρὰ,
2609 4059 2769 4128 Ζαρὰ
2800 4057 2909 4112 τὸν
2942 4058 3086 4113 Ἰὼϐ.
3119 4058 3283 4133 Ὁρᾷς
3325 4061 3555 4133 πηλίκον

1884 4141 2164 4213 ὑπομονῆς
2200 4142 2358 4205 ἄνθος
2398 4140 2710 4213 ἠφανίζετο,
2742 4144 2793 4197 εἰ
2840 4142 3129 4215 προλαϐὼν
3168 4147 3198 4199 6
3236 4146 3368 4211 Θεὸς
3400 4147 3556 4219 δίκην

1886 4227 2137 4299 ἀπῄτησε
2164 4228 2261 4300 τὴν
2296 4227 2452 4301 ῥίζαν
2471 4245 2488 4295 ;

1958 4315 2022 4385 β’.
2057 4315 2194 4370 Καθ’
2219 4316 2356 4370 ὅλων
2387 4311 2479 4371 οῦν
2499 4315 2609 4371 τῶν
2637 4318 2978 4390 πραγμάτων
3006 4319 3210 4392 ταύτην
3242 4321 3555 4394 ἐκλάμϐανε

1888 4401 1986 4472 τὴν
2012 4402 2263 4474 θεωρίαν.
2280 4403 2379 4457 Διά
2395 4403 2556 4457 τοῦτο
2580 4405 2925 4477 μακροθυμεῖ
2941 4409 3053 4470 τοῖς
3074 4407 3387 4475 Αἰγυπτίοις
3402 4406 3551 4481 [528]

1886 4489 2186 4544 ἀνύποιστα
2218 4490 2618 4562 βλασφημοῦσι,
2648 4492 2734 4547 διά
2764 4495 2863 4558 τάς
2886 4494 2982 4548 νῦν
3013 4495 3282 4560 ἀνθούσας
3326 4498 3558 4570 Ἐκκλη-

1886 4574 2006 4639 σίας
2036 4577 2093 4628 ἐν
2126 4576 2406 4647 Αἰγύπτῳ,
2437 4577 2526 4630 διὰ
2554 4579 2634 4632 τά
2653 4581 2989 4651 μοναστήρια
3033 4581 3127 4635 καὶ
3180 4583 3307 4646 τοὺς
3336 4583 3557 4652 ἀγγελι-

1884 4662 1979 4714 κὸν
2010 4662 2507 4734 δὲπανῃρημένους
2558 4664 2690 4735 βίον⁴
2742 4667 2853 4721 Καὶ
2903 4668 3035 4740 γὰρ,
3069 4669 3145 4733 ῶς
3180 4688 3342 4740 φασιν
3367 4672 3421 4725 οἰ
3446 4671 3557 4726 τῶν

1883 4749 2062 4818 νόμων
2092 4748 2200 4802 τῶν
2230 4749 2426 4803 κοινῶν
2459 4751 2731 4824 ἔμπειροι,
2757 4754 2850 4807 καὶ
2881 4753 2956 4818 ὼς
2981 4756 3030 4808 οἰ
3058 4756 3344 4828 Ῥωμαίων
3378 4775 3555 4831 παρα-

1873 4835 2196 4889 κελεύονται
2241 4836 2417 4908 νόμοι,
2445 4837 2542 4909 τὴν
2571 4839 2966 4911 κυοφοροῦσαν,
2999 4842 3055 4894 εί
3082 4860 3213 4897 ποτε
3264 4847 3554 4917 περιπέσοι

1883 4925 2184 4995 πταίσματι
2219 4925 2446 4980 θανάτου
2476 4926 2632 4997 δίκην
2664 4927 2943 4996 ἐπάγοντι,
2976 4929 3051 5001 μὴ
3099 4931 3361 5003 πρότερον
3406 4934 3555 4988 ἀναι·

1885 5012 2118 5083 ρεῖσθαι,
2157 5014 2288 5084 πρὶν
2318 5012 2385 5067 ἂν
2413 5013 2549 5086 τέκῃ
2586 5014 2646 5067 τὸ
2673 5017 3111 5088 κυοφορούμενον
3130 5036 3143 5049 ο
3175 5021 3268 5073 καὶ
3301 5020 3445 5090 μάλα
3476 5025 3554 5074 εἰ·

1883 5098 2054 5162 κότως
2074 5116 2086 5127 ·
2120 5099 2181 5152 οὐ
2209 5100 2316 5171 γὰρ
2349 5100 2667 5156 ἐδικαίωσαν
2696 5103 2745 5155 οἰ
2773 5101 2954 5167 καλῶς
2977 5103 3279 5169 τεθεικότες
3309 5106 3436 5169 τοὺς
3466 5109 3553 5161 v6-

1886 5202 2019 5254 μους
2066 5186 2531 5258 συναφανισθῆναι
2556 5187 2616 5240 τὸ
2644 5190 3030 5262 ἀναμάρτητον
3063 5195 3128 5263 τῇ
3160 5192 3548 5266 ἁμαρτησάσῃ.

1882 5272 1946 5325 Εἰ
1975 5271 2032 5325 δὲ
2060 5274 2109 5325 οἰ
2135 5273 2465 5346 ἀνθρώπινοι
2493 5276 2645 5346 νόμοι
2675 5276 2945 5345 φείδονται
2967 5278 3078 5332 τῶν
3108 5278 3273 5351 μηδὲν
3293 5281 3550 5351 ἡμαρτη-

1883 5360 2076 5425 κότων,
2108 5364 2136 5415 ὁ
2159 5361 2289 5426 Θεὸς
2313 5364 2374 5416 οὐ
2411 5363 2588 5435 πολλῷ
2616 5364 2814 5434 μᾶλλον
2836 5364 3060 5430 εἰκότως
3084 5364 3305 5435 φυλάξει
3337 5367 3434 5439 τὴν
3463 5368 3547 5439 ῥί-

1880 5446 2002 5511 ζαν,
2036 5451 2150 5513 τοῖς
2194 5453 2426 5521 καρποῖς
2456 5450 2848 5522 ταμιευόμενος
2877 5452 2976 5522 τὴν
3019 5453 3084 5505 ὲκ
3126 5454 3225 5523 τῆς
3264 5443 3550 5525 μετανοίας

1880 5536 2231 5608 εὐεργεσίαν;
2265 5536 2411 5592 Λάϐε
2445 5555 2534 5608 μοι
2573 5537 2757 5591 λοιπὸν
2783 5538 2876 5592 καὶ
2907 5539 2992 5591 ἐπ’
3020 5538 3198 5593 αὐτῶν
3227 5541 3334 5595 τῶν
3363 5541 3543 5612 ἀμαρ-

1877 5624 2148 5678 ἀνόντων
2175 5623 2271 5695 τὴν
2304 5625 2367 5677 ἐκ
2399 5623 2685 5694 μετανοίας
2708 5623 3026 5695 εὐεργεσίαν
3046 5643 3060 5658 ·
3084 5627 3180 5683 καί
3208 5629 3314 5700 γὰρ
3338 5629 3429 5683 καὶ
3450 5627 3540 5681 ἐπὶ

1942 5713 1970 5754 b
1998 5712 2133 5764 Unus
2151 5714 2277 5776 Reg.
2308 5711 2623 5774 εὐαῃελικὸν.
