3906 6224
296 370 404 427 ὅὶδ

298 487 501 543 τούτων
542 491 570 543 6
604 489 765 553 αὐτὸς
798 491 897 561 τῆς
929 489 1335 562 φιλανθρωπίας
1360 474 1667 545 ἀποδίδοται
1690 490 1866 560 λόγος.
1897 490 1963 542 El

302 576 713 648 προελάμϐανεν
738 579 770 648 ή
795 579 914 649 δίκη
941 579 1041 651 τὴν
1065 576 1368 651 διόρθωσιν,
1400 578 1428 630 6
1450 579 1651 648 κόσμος
1687 576 1964 641 παντελῶς

302 662 585 717 ἀπώλλυτο
612 666 706 718 καὶ
734 664 1063 736 διεφθείρετο
1081 682 1095 696 ο
1133 667 1181 719 εί
1214 666 1336 731 ὀξὺς
1364 662 1432 738 ἦν
1475 666 1611 737 πρὸς
1635 665 1903 737 τιμωρίαν
1934 665 1964 717 6

301 752 453 817 Θεὸς,
483 754 583 807 οὐκ
602 754 669 808 ἂν
690 755 958 824 ἐκτήσατο
985 752 1195 807 Παῦλον
1223 756 1255 824 ή
1291 754 1603 825 Ἐκκλησία,
1628 754 1727 807 οὐκ
1752 752 1964 823 ἐδέχετο

302 839 395 893 τὸν
428 840 666 894 τοιοῦτον
695 841 787 894 καὶ
818 840 1150 912 τηλικοῦτον.
1180 840 1279 894 Διὰ
1323 840 1482 894 τοῦτο
1530 837 1623 894 οὖν
1668 839 1964 910 ὑπερέθετο

308 926 747 997 βλασφημοῦντα,
777 928 863 981 ἵνα
906 928 1054 1001 δείξῃ
1089 928 1469 999 μετανοοῦντα.
1487 929 1547 981 Ἠ
1574 927 1668 981 τοῦ
1695 927 1828 980 Θεοῦ
1862 944 1965 997 μα·

305 1013 572 1085 κροθυμία
612 1014 703 1067 τὸν
729 1013 961 1086 διώκτην
985 1016 1207 1086 ἐποίησε
1239 1018 1454 1086 κήρυκα
1475 1033 1490 1044 ·
1518 1017 1550 1084 ή
1577 1015 1668 1068 τοῦ
1694 1013 1828 1067 Θεοῦ
1863 1031 1965 1084 μα-

306 1100 577 1171 κροθυμία
603 1100 694 1154 τὸν
732 1101 895 1156 λύκον
932 1103 1223 1173 μετέϐαλεν
1252 1106 1332 1164 εἰς
1358 1103 1614 1172 ποιμένα·
1645 1105 1678 1172 η
1709 1101 1803 1154 τοῦ
1831 1099 1964 1154 Θεοῦ

309 1188 657 1259 μακροθυμία
681 1190 775 1244 τὸν
803 1190 1041 1260 τελώνην
1073 1192 1324 1260 ἐποίησεν
1354 1190 1742 1260 εύαγγελιστήν
1760 1208 1776 1223 ·
1813 1191 1845 1261 ἡ
1870 1189 1963 1242 τοῦ

305 1276 438 1335 Θεοῦ
490 1278 837 1349 μακροθυμία
884 1282 1088 1344 πάντας
1138 1282 1283 1351 ἡμᾶς
1324 1281 1537 1350 ἠλέησε,
1583 1281 1788 1345 πάντας
1840 1297 1966 1350 μετ-

306 1364 706 1429 ἐ6αλε.πάντας
736 1366 1117 1437 μετέστρεψεν.
1136 1368 1259 1421 Ἐὰν
1292 1368 1404 1441 ἴδῃς
1437 1369 1526 1422 τόν
1554 1385 1679 1421 ποτε
1712 1367 1961 1437 μέθυσον,

306 1454 622 1523 νηστευτὴν,
650 1455 745 1507 ἐὰν
777 1455 890 1526 ίδῃς
914 1456 1003 1509 τόν
1034 1474 1162 1510 ποτε
1196 1457 1533 1529 βλάσφημον,
1576 1457 1843 1526 θεολόγον,
1872 1458 1968 1510 ἐὰν

309 1538 424 1611 ἴδῃς
470 1542 562 1594 τόν
605 1560 731 1596 ποτε
761 1544 1011 1615 αἰσχραῖς
1035 1545 1195 1616 ᾠδαῖς
1220 1546 1278 1599 τὸ
1308 1547 1480 1615 στόμα
1512 1545 1833 1617 μολύναντα,
1872 1545 1967 1599 νῦν

307 1629 417 1689 τοῖς
447 1628 609 1692 θείοις
655 1629 842 1700 ὕμνοις
883 1632 979 1702 τὴν
1008 1633 1183 1702 ψυχὴν
1215 1633 1563 1703 καθαίροντα,
1596 1633 1840 1703 θαύμαζε
1868 1633 1966 1703 τὴν

312 1714 690 1785 μακροθυμίαν
719 1717 812 1771 τοῦ
834 1718 991 1783 Θεοῦ,
1028 1721 1122 1773 καὶ
1146 1720 1357 1773 ἐπαίνει
1393 1721 1489 1791 τὴν
1531 1721 1838 1791 μετάνοιαν,
1870 1722 1963 1773 καὶ

308 1801 373 1853 ἐκ
402 1801 501 1870 τῆς
527 1803 861 1866 ἀλλοιώσεως
897 1805 1021 1874 λέγε
1049 1806 1357 1860 ἁναλαϐών’
1390 1807 1550 1875 Αὕτη
1576 1810 1614 1875 ἠ
1644 1808 1967 1873 ἀλλοίωσις

308 1884 416 1953 τῆς
460 1888 662 1956 δεξιᾶς
698 1892 805 1946 τοῦ
838 1894 1147 1962 Ὑψίστου.
1167 1895 1392 1962 Ἀγαθὸς
1444 1895 1541 1965 μὲν
1585 1897 1615 1948 6
1654 1894 1787 1957 Θεὸς
1832 1894 1968 1965 πρὸς

311 1975 538 2041 πάντας,
560 1978 852 2050 ἐξαιρέτως
878 1981 935 2033 δὲ
956 1981 1054 2053 τὴν
1083 1981 1274 2035 ἑαυτοῦ
1306 1982 1682 2052 μακροθυμίαν
1704 1983 1970 2035 ἐνδείκνυ-

312 2078 401 2115 ται
446 2065 581 2135 πρὸς
623 2069 745 2130 τοὺς
776 2070 1205 2139 ἁμαρτάνοντας.
1242 2072 1350 2124 Καὶ
1392 2073 1439 2123 εί
1475 2070 1650 2141 βούλει
1694 2071 1839 2138 ξένον
1873 2072 1970 2123 ἐπ-

312 2150 539 2205 ακοῦσαι
585 2154 759 2224 λόγον,
792 2156 937 2221 ξένον
982 2158 1079 2226 μὲν
1123 2159 1245 2212 ὅσον
1277 2160 1357 2221 εἰς
1389 2159 1694 2230 συνήθειαν,
1721 2157 1969 2229 ἀληθινὸν

310 2235 367 2289 δὲ
397 2238 519 2291 ὅσον
552 2242 631 2304 εἰς
657 2242 957 2307 εὐσέϐειαν,
990 2244 1244 2300 ἄκουσον.

382 2328 563 2399 Βαρὺς
606 2334 633 2384 ὀ
667 2332 798 2397 Θεὸς
836 2336 1111 2407 πανταχοῦ
1141 2339 1389 2407 φαίνεται
1415 2340 1527 2401 τοῖς
1558 2337 1804 2401 δικαίοις,
1836 2332 1972 2407 χρηέ

314 2415 436 2480 στὸς
473 2417 529 2470 δὲ
558 2422 667 2483 τοῖς
709 2422 1071 2494 ἁμαρτωλοῖς,
1103 2425 1194 2479 καὶ
1218 2426 1384 2495 ταχὺς
1413 2428 1493 2488 είς
1528 2423 1933 2493 φιλανθρωπίαν
1953 2439 1967 2455 ’

313 2503 406 2557 τὸν
431 2505 811 2575 ἁμαρτάνοντα
834 2510 928 2563 καὶ
960 2512 1192 2565 πεσόντα
1211 2512 1529 2583 διανίστησι,
1560 2511 1652 2564 καί
1684 2527 1815 2580 φησι
1837 2510 1973 2580 πρὸς

316 2592 503 2645 αὐτόν·
539 2594 637 2661 Μὴ
671 2598 704 2649 ό
738 2598 971 2651 πίπτων
1010 2602 1118 2653 οὐκ
1148 2600 1459 2653 ἀνίσταται
1479 2617 1498 2663 ;
1541 2598 1579 2667 ἣ
1616 2601 1648 2652 6
1679 2598 1971 2665 ἀποστρέ-

317 2697 446 2749 φων
488 2685 600 2738 οὐκ
640 2685 1014 2755 ἑπιστρέφεις
1059 2689 1175 2741 καῖ’
1198 2690 1379 2742 Ἰνατί
1422 2688 1801 2757 ἀπέστρεψεν
1829 2689 1973 2741 ἀπο-

318 2770 591 2840 στροφὴν
639 2772 852 2839 ἀναιδῆ
899 2774 938 2840 ἡ
985 2774 1279 2840 ἀσύνετος
1312 2775 1571 2844 θυγάτηρ
1610 2775 1839 2838 Ἰούδα;
1881 2775 1976 2828 καὶ

318 2860 481 2913 πάλιν
503 2876 516 2890 ·
564 2860 992 2930 Ἑπιστράφητε
1022 2871 1169 2931 πρός
1203 2879 1300 2932 με,
1336 2864 1435 2916 καί
1459 2861 1975 2932 ἐπιστραφήσομαι

319 2947 468 3015 πρὸς
492 2948 666 3017 ὑμᾶς.
696 2950 806 3002 Καὶ
835 2949 1061 3021 ἑτέρωθι
1090 2950 1145 3003 δὲ
1175 2951 1323 3022 ὅρκῳ
1357 2950 1561 3021 βεϐαιοῖ
1585 2951 1682 3022 τὴν
1714 2952 1779 3003 ἐκ
1815 2967 1978 3021 μετα-

320 3034 466 3099 νοίας
492 3038 763 3108 σωτηρίαν
787 3038 875 3091 διὰ
905 3038 1099 3109 πολλὴν
1128 3038 1555 3110 φιλανθρωπίαν.
1591 3038 1681 3092 Ζῶ
1707 3039 1815 3109 γὰρ
1842 3038 1975 3108 ἐγὼ,

318 3124 479 3192 λέγει
517 3125 757 3191 Κύριος⁹
792 3126 862 3178 οὐ
894 3125 1194 3195 ,ϐούλομαι
1227 3127 1335 3180 τόν
1363 3125 1621 3203 θάνατον
1651 3126 1757 3180 τοῦ
1794 3127 1978 3195 ἀμαρο

322 3209 535 3273 ταιῖοῦ,
566 3211 645 3276 ὡς
668 3211 732 3265 τὸ
763 3210 1119 3282 ἐπιστρέψαι
1145 3213 1244 3267 καὶ
1277 3213 1383 3283 ζῇν
1410 3216 1611 3268 αὐτόν.
1642 3215 1783 3287 Πρὸς
1809 3214 1865 3267 δὲ
1890 3214 1979 3267 τὸν

323 3296 526 3350 δίκαιον
555 3297 701 3367 λέγει
719 3316 732 3329 ·
781 3299 924 3353 Ἐὰν
948 3300 1173 3369 ποιήσῃ
1200 3300 1509 3366 ἄνθρωπος
1536 3297 1742 3354 πᾶσαν
1765 3298 1983 3353 δικαιο-

324 3384 524 3451 σύνην
562 3384 661 3439 καί
705 3382 911 3441 πᾶσαν
952 3385 1256 3452 ἀλήθειαν,
1285 3386 1382 3440 καὶ
1411 3388 1695 3456 στραφεὶς
1729 3386 1979 3455 ἁμάρτῃ,

325 3472 396 3525 οὺ
422 3468 509 3539 μὴ
540 3471 791 3541 μνησθῶ
834 3471 945 3540 τῆς
979 3472 1369 3541 δικαιοσύνης
1411 3473 1616 3539 αὐτοῦ,
1655 3474 1882 3527 ἀλλ’ὲν
1909 3471 1983 3541 τῇ

325 3556 575 3626 ἁμαρτίᾳ
602 3558 789 3612 αὑτοῦ
826 3559 1297 3614 ἀποθανεῖται.Ὢ
1325 3559 1525 3628 πολλῆς
1566 3559 1845 3632 ἀκριϐείας
1883 3560 1984 3629 τῆς

326 3645 462 3718 πρὸς
478 3646 567 3700 τὸν
591 3643 824 3701 δίκαιονί
847 3647 892 3700 ὢ
915 3648 1111 3717 πολλῆς
1130 3648 1406 3718 δαψιλείας
1424 3648 1522 3717 τῆς
1546 3647 1681 3718 πρὸς
1701 3647 1789 3700 τὸν
1808 3650 1987 3720 ἀμαρ-

326 3730 573 3787 τανονταί
613 3731 771 3786 Οὕτω
813 3733 870 3786 δὲ
914 3733 1172 3799 ποικίλως
1212 3735 1306 3787 καὶ
1331 3734 1601 3806 διαφόρως
1657 3737 1982 3807 μηχανᾶται,

327 3820 427 3872 οὐκ
452 3819 618 3883 αὐτὸς
644 3820 1129 3892 μεταϐαλλόμενος,
1161 3821 1295 3874 ἀλλὰ
1321 3822 1605 3895 χρησίμως
1632 3821 1866 3894 μερίζων
1891 3825 1987 3895 τῆς

328 3904 655 3977 ἀγαθότητος
678 3906 846 3960 αὐτοῦ
864 3906 963 3971 τὰς
985 3907 1292 3980 οἰκονομίας
1312 3910 1452 3962 ’καὶ
1480 3909 1647 3973 ὅπως,
1679 3909 1859 3963 ἄκουε.
1887 3911 1989 3964 Τὸν

329 3992 651 4063 ἁμαρτωλὸν
680 3994 776 4048 καὶ
804 3994 1112 4065 ἐμμένοντα
1144 3999 1263 4059 ταῖς
1284 3996 1599 4067 ἁμαρτίαις,
1632 3996 1726 4051 ἐὰν
1756 3997 1985 4069 φοϐήσῃ,

331 4081 412 4142 είς
436 4080 746 4149 ἀπόγνωσιν
786 4082 949 4136 αὐτὸν
980 4083 1073 4136 καὶ
1105 4084 1474 4154 ἀπαγόρευσιν
1510 4086 1611 4155 τῆς
1641 4085 1853 4149 ἐλπίδος
1900 4086 1993 4154 φέ-

337 4183 418 4237 ρει
438 4186 450 4198 ·
474 4168 566 4221 τὸν
593 4169 648 4223 δὲ
670 4170 875 4224 δίκαιον
897 4171 993 4225 ἐὰν
1019 4173 1316 4243 μακαρίσῃ,
1348 4176 1537 4242 χαυνοῖ
1559 4170 1709 4243 [5‘29]
1737 4175 1833 4243 τῆς
1864 4175 1993 4243 ἁρε-

332 4256 432 4325 τῆς
460 4258 624 4309 αὑτοῦ
668 4258 760 4311 τὸν
793 4260 961 4324 τόνον,
992 4260 1085 4313 καὶ
1130 4261 1205 4323 ὼς
1248 4260 1349 4331 ήδη
1396 4260 1820 4332 μακαρισθέντα,
1853 4263 1992 4331 ἀμε-

333 4345 444 4399 λεῖν
481 4347 639 4400 αὐτὸν
685 4348 782 4417 τῆς
826 4349 1059 4419 σπουδῆς
1101 4349 1524 4420 παρασκευάζει.
1558 4348 1654 4401 Διά
1697 4349 1855 4402 τοῦτο
1902 4350 1993 4403 τὸν

339 4435 437 4503 μὲν
491 4434 811 4505 ἁμαρτωλὸν
856 4437 1012 4502 ἐλεεῖ,
1044 4436 1135 4490 τὸν
1175 4437 1233 4491 δὲ
1274 4437 1480 4491 δίκαιον
1520 4437 1704 4507 φοϐεῖ·
1741 4438 1993 4505 Φοϐερὸς

336 4521 445 4592 γὰρ
486 4523 585 4578 ἐπὶ
633 4522 863 4589 πάντας
899 4523 1041 4589 τοὺς
1071 4527 1404 4593 περικύκλῳ
1422 4525 1642 4580 αὐτοῦ’
1694 4526 1807 4590 καὶ,
1847 4528 1995 4594 Χρη-

338 4610 483 4676 στὸς
534 4608 741 4679 Κύριος
788 4612 910 4680 τοῖς
942 4612 1237 4681 σύμπασι.
1283 4614 1554 4681 Φοϐερὸς,
1596 4613 1780 4685 φησὶν,
1827 4613 1996 4666 ἐστὶν

340 4695 437 4749 ἐπὶ
460 4696 689 4764 πάντας
715 4699 857 4765 τοὺς
883 4700 1223 4767 περικύκλῳ
1243 4701 1428 4755 αὐτοῦ
1447 4718 1459 4731 ·
1487 4701 1581 4755 καὶ
1603 4702 1747 4764 τίνες
1770 4700 1835 4754 ἂν
1865 4696 1993 4767 εἷεν,

341 4783 453 4837 ἀλλ’
485 4783 518 4854 ἢ
561 4786 610 4838 οί
644 4787 820 4853 ἁγιοις
863 4786 925 4839 Ὅ
955 4786 1097 4852 Θεὸς
1128 4785 1256 4859 γὰρ,
1295 4788 1457 4858 φησὶν
1494 4789 1523 4840 6
1553 4787 1734 4851 Δαυῒδ,
1767 4791 1800 4841 ό
1830 4788 1997 4841 ἐνδο-

341 4870 659 4941 ξαζόμενος
679 4872 750 4926 ἐν
767 4872 973 4942 ,Βουλῇ
996 4874 1197 4944 ἁγίων,
1215 4874 1403 4944 μέγας
1431 4876 1529 4929 καὶ
1559 4877 1807 4945 φοϐερός
1829 4876 1998 4928 ἐστιν

341 4959 438 5013 ἐπὶ
470 4958 701 5026 πάντας
725 4960 867 5027 τοὺς
897 4964 1234 5029 περικύκλῳ
1254 4963 1458 5017 αὐτοῦ.
1477 4964 1600 5016 Ἐὰν
1631 4964 1714 5038 ἴδῃ
1742 4964 1994 5026 πεσόντα,

344 5048 572 5101 ἐκτείνει
614 5049 770 5120 χεῖρα
800 5048 1238 5120 φιλανθρωπίας·
1272 5050 1366 5104 ἐὰν
1412 5049 1499 5123 ἴδῃ
1544 5051 1771 5113 ἑστῶτα,
1803 5052 1998 5117 ἐπάγει

342 5134 537 5204 φόϐον⁸
583 5136 677 5190 καὶ
720 5135 876 5190 τοῦτο
908 5136 1249 5206 δικαιοσύνης
1304 5138 1397 5190 καὶ
1449 5136 1861 5207 δικαιοκρισίας.
1896 5137 1998 5190 Τὸν

347 5222 447 5295 μὲν
478 5222 585 5296 γὰρ
632 5223 836 5279 δίκαιον
866 5224 942 5295 τῷ
980 5224 1129 5295 φόϐῳ
1156 5223 1417 5295 στηρίξει,
1445 5223 1536 5276 τὸν
1578 5223 1634 5277 δὲ
1682 5223 2003 5293 ἁμαρτωλὸν

344 5312 410 5380 τῇ
456 5311 832 5384 φιλανθρωπίᾳ
878 5311 1197 5383 διεγείρειιι.
1240 5311 1346 5364 Καὶ
1379 5310 1552 5373 θέλεις
1590 5310 1754 5363 αὑτοῦ
1800 5311 2001 5378 γνῶναι

349 5398 444 5467 τὴν
479 5398 733 5470 εὔκαιρον
766 5400 1075 5470 ἁγαθότητα
1102 5399 1197 5453 καὶ
1244 5397 1341 5468 τὴν
1386 5397 1683 5469 εὔχρηστον
1714 5398 1805 5449 καὶ
1835 5398 1979 5467 ἁρμό

350 5483 544 5547 ζουσαν
569 5489 702 5557 ήμῖν
728 5487 1064 5557 ἀποτομίαν;
1105 5486 1343 5557 Πρόσεχε
1375 5485 1636 5556 ἀκριϐῶς,
1683 5486 1755 5555 μή
1801 5501 1859 5537 σε
1892 5484 2004 5536 διαο

350 5571 495 5643 φύγῃ
522 5574 619 5643 τῆς
642 5572 873 5645 θεωρίας
907 5573 970 5626 τὸ
1000 5572 1228 5644 μέγεθος
1246 5588 1262 5604 ⁸
1287 5575 1321 5644 ή
1354 5571 1668 5643 ἁμαρτωλὸς
1706 5570 1886 5642 ἐκείνη
1909 5588 2005 5640 γυ-

410 5731 440 5800 _‘
466 5731 598 5800 Unu§
614 5732 737 5800 Reg.
765 5733 1425 5800 inéyeg__qao'6ov_6t§atoaﬁvac_
1442 5734 1529 5800 καῖ
1548 5730 1902 5800 δικαιοκρισίας
1927 5734 2007 5780 καὶ

351 5792 519 5844 τοῧτον
545 5795 608 5858 τῷ
632 5795 762 5856 φόϐῳ
787 5792 1034 5855 στηρίζων,
1058 5794 1271 5842 κάκεῖνον
1294 5800 1350 5857 τῇ
1368 5792 1679 5858 φιλανθρωπία
1708 5792 1908 5855 ἐγείρων.

1074 374 1131 429 S.
1172 372 1452 429 JUANNIS
1485 368 1978 430 CHRYSOSTOMI
2014 367 2336 425 ARCHIEP.
2376 368 2920 427 CONSTANTINOP.

2060 578 2296 632 τοσαῦτα
2346 581 2732 650 ἁμαρτήσασα,
2767 579 2861 631 καὶ
2908 578 3177 642 τοσούτοις
3211 578 3493 649 ἁμαρτιῶν
3542 578 3728 649 ἔργοις

2061 665 2375 736 ἐνεχομένη,
2408 665 2677 736 διψήσασα
2702 666 2800 736 τὴν
2830 668 2895 719 ἐκ
2931 665 3213 737 μετανοίας
3237 666 3510 735 σωτηρίαν
3536 666 3731 719 ὕπεισι

2061 754 2189 824 ῆλθε
2208 753 2284 823 τῷ
2306 754 2591 824 συμποσίῳ
2604 753 2712 808 τῶν
2734 754 2903 823 ἁγίων
2923 772 2940 786 ο
2966 754 3115 808 καλῶ
3134 754 3190 807 δὲ
3212 754 3510 824 συμπόσιον
3530 755 3728 823 ἁγίων,

2062 841 2248 912 ἐπειδὴ
2282 842 2462 912 παρῆν
2482 844 2510 895 6
2534 842 2718 911 ’Ἄγιος
2743 842 2851 896 τῶν
2873 842 3060 911 ἁγίων.
3094 840 3199 895 Τοῦ
3233 842 3339 913 γὰρ
3362 842 3616 911 Σωτῆρος
3637 858 3733 893 κα-

2060 928 2281 982 τακεκλι
2291 929 2448 998 μένου
2477 931 2533 981 ἐν
2554 929 2632 994 τῷ
2662 929 2795 999 οἴκῳ
2822 928 3061 999 Σίμωνος
3081 928 3175 982 τοῦ
3202 928 3515 999 Φαρισαίου,
3534 928 3733 980 ὑπεισο

2062 1016 2221 1086 ἦλθεν
2244 1018 2275 1085 ἡ
2300 1016 2434 1087 γυνὴ
2460 1018 2490 1087 ή
2512 1016 2833 1087 ἁμαρτωλὸς
2854 1017 3054 1087 ἐκείνη,
3079 1018 3171 1070 καὶ
3198 1016 3309 1069 τῶν
3328 1016 3501 1069 ποδῶν
3520 1016 3735 1085 ἥπτετο

2061 1102 2155 1157 τοῦ
2195 1104 2466 1175 Σωτῆρος,
2494 1105 2589 1157 καὶ
2629 1106 2740 1167 τοῖς
2776 1104 3034 1175 δάκρυσιν
3068 1104 3373 1157 ἀπέπλυνεν
3399 1103 3566 1157 αὐτοῦ
3601 1105 3735 1166 τοὺς

2066 1193 2249 1255 πόδας,
2282 1192 2374 1245 καὶ
2412 1195 2531 1255 ταῖς
2560 1193 2733 1263 θριξὶν
2762 1193 3024 1263 ἐξέματτε
3042 1210 3055 1223 ο
3086 1194 3179 1246 καὶ
3202 1193 3302 1263 τὴν
3322 1192 3596 1254 τοσούτοις
3632 1207 3735 1244 κε-

2064 1280 2352 1350 χωσμένην
2385 1281 2742 1351 ἁμαρτήμασι
2776 1280 3107 1351 διανίστησιν
3135 1283 3162 1333 6
3205 1278 3605 1348 φιλάνθρωπος,
3641 1276 3737 1329 λέ-

2063 1384 2174 1434 γων
2192 1384 2204 1397 ·
2253 1368 2559 1436 Ἀρέωνται
2585 1368 2775 1435 αὐτῆς
2795 1372 2853 1422 αἱ
2877 1367 3171 1436 ἁμαρτίαι.
3201 1368 3275 1420 Ού
3307 1367 3413 1438 γὰρ
3440 1364 3737 1436 πρόκειταί

2069 1471 2156 1525 μοι
2186 1454 2280 1509 νῦν
2308 1456 2555 1519 ἐξετάσαι
2582 1458 2760 1509 πάσαν
2789 1456 2885 1527 τὴν
2912 1456 3171 1525 ἱστορίαν,
3200 1453 3333 1507 ἁλλὰ
3381 1453 3546 1523 μόνην
3586 1468 3738 1521 παρ-

2066 1546 2289 1611 αγαγεῖν
2308 1543 2337 1582 δ
2357 1545 2453 1613 τὴν
2481 1562 2552 1613 μα
2562 1544 2953 1615 ρτυρίαν.’⁹ορα
2977 1542 3153 1595 τοίνυν
3171 1541 3270 1611 τὴν
3298 1540 3576 1609 δαψίλειαν
3595 1557 3611 1569 ·
3648 1533 3737 1593 Οὗ

2067 1628 2241 1698 χάριν
2287 1629 2441 1698 λέγω
2490 1646 2608 1691 σοι,
2667 1628 2959 1699 ἀφέωνται
3004 1627 3197 1696 αὐτῆς
3238 1630 3297 1681 al
3336 1626 3617 1694 ἁμαρτίαι
3673 1628 3737 1677 αἱ

2067 1718 2307 1784 πολλαὶ,
2336 1719 2425 1772 ὅτι
2458 1719 2615 1772 πολὺ
2650 1718 2942 1788 ἠγάπησε.
2971 1716 3249 1770 Τοσούτων
3280 1712 3372 1770 οὖν
3392 1713 3735 1785 ἁμαρτημάλ

2066 1823 2175 1860 των
2204 1806 2503 1876 ἀμνηστίαν
2536 1806 2830 1874 ἐκομίσατο
2865 1808 2899 1876 ἡ
2934 1803 3255 1876 ἁμαρτωλὸς
3281 1803 3438 1872 γυνή.
3472 1803 3586 1855 Καὶ
3616 1802 3740 1854 Μα-

2071 1892 2157 1965 ρία
2185 1893 2262 1960 δὲ,
2299 1896 2332 1964 ἡ
2369 1892 2569 1964 ἀδελφὴ
2603 1894 2898 1956 Μωῦσέως,
2942 1890 3031 1945 διὰ
3066 1891 3256 1963 μικρὸν
3286 1889 3603 1959 γογγυσμὸν
3644 1888 3740 1940 λέ-

2069 1996 2183 2051 πρᾳ
2203 1979 2640 2044 καταδικάζεται.
2659 1979 2783 2042 Τοῖς
2803 1978 3171 2049 ἁμαρτάνουσι
3195 1976 3375 2044 λέγει·
3412 1975 3554 2030 Ἐὰν
3577 1971 3743 2028 ὦσιν

2067 2070 2126 2121 al
2158 2067 2431 2137 ἁμαρτίαι
2463 2067 2630 2137 ὑμῶν
2651 2066 2731 2133 ὠς
2759 2067 3058 2129 κόκκινον,
3080 2066 3161 2131 ὡς
3188 2065 3360 2133 χιόνα
3380 2074 3403 2102 ε
3429 2060 3736 2116 λευκανῶ·

2068 2157 2162 2210 καὶ
2190 2154 2510 2227 μεταϐάλλει
2560 2155 2621 2208 τὸ
2666 2155 2856 2217 σκότος
2900 2155 2980 2218 εἰς
3028 2154 3163 2224 φῶς,
3190 2155 3256 2222 τῇ
3310 2150 3583 2222 μεταϐολῇ
3634 2150 3739 2219 τῆς

2071 2244 2373 2314 μετανοίας,
2410 2244 2504 2297 καὶ
2549 2242 2817 2314 τοσαύτην
2860 2241 3047 2296 κακῶν
3091 2240 3348 2311 ἀφθονίαν
3402 2238 3612 2291 διαλύει
3665 2239 3736 2307 τῇ

2069 2333 2217 2402 φωνῇ
2258 2331 2359 2400 τῆς
2391 2331 2723 2402 ἀγαθότητος
2746 2348 2761 2362 ο
2794 2330 2928 2401 πρὸς
2954 2330 3010 2383 δὲ
3033 2329 3124 2382 τὸν
3152 2331 3209 2380 ἐν
3238 2325 3551 2398 δικαιοσύνῃ
3580 2324 3740 2394 βαδί-

2070 2417 2232 2480 ζοντά
2261 2433 2456 2487 φησιν’
2490 2419 2587 2482 Ὃς
2621 2416 2696 2469 ἂν
2721 2416 2862 2485 εἴπῃ
2904 2414 2985 2481 τῷ
3024 2413 3263 2483 ἀδελφῷ
3294 2412 3502 2475 αὑτοῦ,
3539 2411 3739 2477 Μωρὲ,

2069 2504 2283 2572 ἔνοχός
2308 2506 2436 2558 ἐστι
2457 2504 2530 2573 τῇ
2556 2507 2770 2574 γεέννῃ
2803 2504 2907 2557 τοῦ
2933 2503 3271 2570 πυρός-,Ἑνὶ
3304 2502 3504 2571 ῥήματι
3536 2499 3742 2552 τοσαύ-

2070 2610 2169 2663 την
2195 2592 2459 2664 ὲπέθηκεν
2481 2593 2780 2663 ἀκρίϐειαν,
2808 2592 2900 2645 καὶ
2928 2591 3198 2653 τοσούτοις
3228 2590 3589 2661 ἁμαρτήμασι
3609 2603 3740 2640 τοσ-

2074 2680 2242 2751 αύτην
2272 2683 2460 2751 μετρεῖ
2481 2680 2577 2750 τὴν
2602 2680 2881 2747 ἀφθονίαν.

2142 2768 2247 2822 Καὶ
2275 2768 2461 2839 ἕτερόν
2486 2785 2574 2839 μοι
2593 2767 2863 2839 σκόπησον
2886 2765 3212 2836 θαυμαστόν.
3231 2764 3447 2834 Ἐπειδὴ
3466 2763 3536 2817 τὰ
3555 2764 3743 2834 ἀμαρ-

2074 2856 2137 2925 τή
2149 2871 2293 2923 ματα
2313 2854 2387 2917 ὡς
2411 2854 2699 2924 ὀφλήματα
2727 2855 3115 2926 ἁναγράφεται,
3138 2855 3249 2915 τοῖς
3273 2852 3371 2920 μὲν
3394 2850 3745 2921 ἁμαρτωλοῖς

2075 2943 2170 2995 καὶ
2195 2942 2256 2994 τὸ
2286 2942 2575 3011 κεφάλαιον
2620 2944 2892 3011 συγχωρεῖ
2929 2940 3275 3011 μετανοοῦσν
3329 2937 3475 3009 παρά
3520 2936 3578 2988 δέ
3632 2937 3746 2989 τῶν

2075 3028 2297 3083 δικαίων
2326 3030 2418 3084 καὶ
2444 3030 2630 3094 τόκους
2656 3031 2894 3083 ἀπαιτεῖ.
2931 3028 3239 3098 Προσῆλθεν
3284 3025 3429 3096 αύτῷ
3473 3042 3748 3097 χρεωφει-

2076 3117 2236 3187 λέτης
2282 3116 2489 3170 πολλῶν
2538 3116 2835 3178 ταλάντων,
2875 3117 2965 3170 καὶ
3019 3116 3092 3178 ώς
3141 3118 3207 3185 τῇ
3264 3113 3521 3184 μετανοίᾳ.
3546 3113 3646 3166 καὶ
3677 3114 3745 3184 τῇ

2079 3204 2245 3275 πολλῇ
2286 3204 2463 3276 ίκεσία
2501 3203 2817 3274 ἐδυσώπησε
2860 3205 2959 3274 τὴν
3001 3204 3176 3275 δίκην,
3214 3204 3307 3257 καὶ
3336 3199 3455 3255 εἷπε
3479 3216 3495 3229 ο
3540 3202 3748 3268 Κύριε.

2074 3293 2541 3362 μακροθύμησον
2584 3292 2676 3345 ἐπ’
2702 3291 2850 3360 ἐμοὶ,
2894 3291 2994 3345 καί
3046 3290 3242 3344 πάντα
3285 3286 3595 3344 ἀποδώσω.
3631 3289 3749 3340 Οὐκ

2081 3379 2331 3449 ἀνέμεινε
2378 3382 2476 3449 τὴν
2518 3378 2770 3433 ἀπόδοσιν
2800 3381 2829 3431 6
2859 3377 3252 3448 φιλάνθρωπος,
3284 3376 3418 3430 ἀλλά
3441 3376 3542 3445 τὴν
3563 3375 3750 3444 ἐξομο-

2081 3464 2302 3536 λόγησιν
2328 3465 2478 3517 λύσιν
2510 3466 2729 3534 ἐποίησε
2760 3464 2851 3518 τοῦ
2882 3465 3191 3534 ὀφλήματος
3210 3480 3224 3494 ⁸
3256 3462 3332 3533 τῷ
3359 3462 3612 3531 όφειλέτῃ
3637 3462 3749 3513 τῶν

2087 3554 2293 3625 μυρίων
2323 3553 2596 3607 ταλάντων
2623 3553 2796 3606 πάντα
2827 3551 3168 3622 συνεχώρησε
3197 3550 3289 3604 καὶ
3314 3548 3444 3602 αὐτὸ
3466 3548 3527 3600 τὸ
3571 3550 3748 3616 κεφά-

2083 3640 2249 3695 λαιον.
2288 3640 2447 3711 Παρά
2484 3640 2541 3694 δὲ
2583 3640 2693 3693 τῶν
2738 3639 2962 3693 δικαίων
2990 3638 3381 3707 ἐπαγγέλλεται
3425 3638 3519 3690 καὶ
3552 3637 3750 3698 τύκους

2086 3728 2332 3782 ἀπαιτεῖν
2355 3744 2366 3758 ·
2396 3728 2499 3781 Διά
2536 3727 2594 3781 τί
2638 3726 2746 3796 γὰρ
2784 3729 2892 3781 οὐκ
2930 3726 3185 3779 ἐδώκατε
3226 3727 3293 3779 τὸ
3321 3725 3607 3796 ἀργύριόν
3628 3742 3750 3792 μου

2087 3815 2211 3881 τοῖς
2238 3813 2601 3882 τραπεζῖταις
2618 3813 2645 3854 δ
2673 3831 2687 3845 ·
2734 3813 2894 3882 κάγὼ
2918 3813 3110 3867 ἐλθὼν
3148 3813 3269 3865 σὺν
3294 3812 3492 3876 τόκοις
3520 3812 3752 3879 ἀπῄτηη

2088 3919 2205 3965 σας
2238 3902 2422 3955 Ταῦτα
2465 3901 2628 3970 λέγω,
2660 3902 2758 3971 ούχ
2784 3900 2858 3963 ὠς
2884 3900 2977 3953 τοῦ
3009 3898 3141 3951 Θεοῦ
3186 3899 3321 3969 πρὸς
3355 3899 3480 3959 τοῦς
3506 3898 3751 3958 δικαίους

2093 3988 2239 4059 [⁸530]
2273 3987 2522 4058 ἀπεχθῶς
2548 3987 2916 4056 διακειμένοιν
2947 3985 3098 4038 σῦδὲν
3127 3984 3237 4053 γὰρ
3282 3984 3360 4053 τῷ
3392 3982 3509 4052 Θεῷ
3554 3983 3650 4035 τοῦ
3677 3984 3753 4035 δι-

2091 4075 2244 4129 καίου
2275 4074 2643 4144 ποθεινότερον
2667 4089 2683 4104 ·
2722 4073 2857 4134 ἀλλ’,
2884 4072 2955 4136 ώς
2986 4071 3154 4142 ἔφθην
3187 4069 3375 4129 εἰπὼν,
3412 4070 3754 4140 παραμυθεῖ-

2089 4179 2179 4214 ται
2202 4162 2293 4215 τὸν
2325 4160 2664 4231 ἁμαρτωλὸν,
2700 4160 2785 4212 ἵνα
2811 4159 3050 4231 διεγείρῃ
3071 4175 3083 4188 ·
3121 4158 3275 4225 φοϐεῖ
3300 4157 3391 4210 καὶ
3410 4157 3500 4209 τὸν
3520 4157 3752 4220 δίκαιον,

2092 4248 2178 4301 ἵνα
2213 4248 2470 4319 στηρίξῃ·
2501 4247 2595 4299 καὶ
2624 4248 2736 4305 τοῖς
2774 4246 2870 4316 μὲν
2896 4246 2964 4298 τὰ
2997 4245 3165 4298 πολλὰ
3201 4247 3469 4315 συγχωρεῖ
3497 4244 3755 4315 πλημμει

2091 4334 2306 4405 λήματα
2336 4334 2411 4398 ὡς
2435 4333 2646 4405 ἐχθροῖς
2671 4333 2763 4385 καὶ
2793 4332 3244 4402 πεφυσιωμένοις,
3273 4333 3385 4394 τοῖς
3412 4331 3468 4383 δέ
3498 4332 3593 4384 καὶ
3627 4334 3755 4401 περὶ

2092 4423 2199 4476 τῶν
2223 4422 2491 4492 τυχόντων
2520 4420 2970 4492 ἁκριϐολογεῖται.
3016 4418 3180 4490 μηδὲν
3225 4419 3404 4481 αὐτοῖς
3442 4417 3658 4480 ἐλλιπὲς
3683 4413 3753 4469 εἷ’

2094 4527 2181 4563 ναι
2210 4508 2523 4579 βουλόμενος
2555 4510 2635 4570 εἰς
2659 4506 3029 4577 ἁκρότητα.⁶“0
3054 4507 3161 4577 γάρ
3198 4507 3343 4557 ἐστιν
3380 4508 3437 4558 ἐν
3467 4503 3546 4574 τῷ
3566 4505 3758 4575 κόσμῳ

2094 4596 2267 4665 τούτῳ
2306 4594 2578 4658 πλούσιος,
2609 4593 2767 4646 τοῦτο
2793 4592 2869 4661 τῷ
2903 4593 3018 4662 Ε)εῴ
3043 4593 3278 4654 δίκαιος’
3310 4592 3403 4644 καὶ
3448 4592 3477 4644 ὃ
3517 4594 3669 4644 ἐστιν
3700 4590 3757 4643 ἐν

2093 4682 2172 4752 τῷ
2200 4683 2389 4753 κόσμῳ
2414 4681 2602 4751 πένης,
2626 4679 2782 4732 τοῦτο
2809 4680 2885 4749 τῷ
2914 4679 3031 4749 Θεῷ
3055 4678 3371 4749 ἁμαρτωλός
3430 4678 3580 4730 οὐδὲν
3609 4695 3759 4729 πτω-

2095 4773 2313 4841 χότερον
2337 4769 2429 4823 τοῦ
2465 4769 2885 4840 ἁμαρτάνοντος,
2922 4769 3013 4821 καὶ
3042 4768 3193 4820 οὐδὲν
3234 4764 3629 4835 πλουσιώτερον
3663 4764 3756 4817 τοῦ

2095 4857 2625 4928 δικαιοπραγοῦντος.
2659 4857 2756 4910 Διὰ
2785 4856 2942 4910 τοῦτο
2974 4857 3102 4927 περὶ
3144 4856 3239 4925 μὲν
3270 4854 3376 4907 τῶν
3422 4855 3479 4905 ἐν
3506 4853 3761 4921 εὐσεϐείᾳ

2098 4946 2192 5000 καὶ
2241 4945 2463 5016 εὐθηνία
2506 4944 2798 5012 διαγόντων
2850 4944 3012 5014 φησὶν
3048 4946 3077 4996 6
3109 4943 3350 5004 Παῦλος*
3404 4938 3762 5008 Εὐχαριστῶ

2098 5035 2178 5099 τῷ
2226 5034 2367 5097 Θεῷ,
2399 5033 2487 5089 ὄτι
2534 5034 2604 5087 ὲν
2651 5032 2829 5086 παντὶ
2871 5033 3304 5091 ἐπλουτίσθητε
3354 5031 3423 5083 ἐν
3464 5026 3648 5093 αὐτῷ.
3695 5028 3765 5082 ἐν

2100 5121 2275 5173 παντὶ
2308 5121 2466 5190 λόγῳ
2498 5120 2594 5173 καί
2637 5120 2805 5187 πάσῃ
2835 5120 3068 5189 γνώσει.
3104 5119 3235 5189 Περὶ
3274 5118 3329 5170 δὲ
3360 5118 3468 5171 τῶν
3498 5116 3760 5170 ἀσεϐούνο

2099 5227 2206 5262 των
2245 5211 2273 5262 6
2308 5210 2573 5280 μακάριος
2618 5208 2885 5279 Ἱερεμίας
2928 5207 3108 5274 λέγει’
3142 5208 3317 5271 Ἴσως
3356 5206 3579 5275 πτωχοί
3614 5207 3760 5268 εισι,

2102 5296 2197 5352 διὰ
2257 5297 2424 5351 τοῦτο
2473 5300 2582 5351 οὐκ
2629 5297 2928 5364 ἠδύναντο
2980 5295 3223 5349 ἀκούειν
3284 5294 3470 5362 λόγον
3515 5293 3761 5360 Κυρίου.

2114 5384 2274 5458 Ὁρᾷς
2304 5388 2448 5450 ὅπως
2482 5386 2725 5456 πτωχοὺς
2756 5384 2911 5439 καλεί
2955 5384 3078 5448 τοὺς
3125 5380 3636 5454 ἀπεσχοινισμένους
3664 5379 3764 5449 τῆς

2168 5606 2196 5645 ὶο
2218 5605 2311 5667 Alii
2350 5604 2667 5667 παρεισάγειν.

2171 5669 2194 5697 ⁶
2227 5666 2360 5715 [Inus
2386 5657 2503 5726 R'eg.
2533 5657 2595 5720 ὥς
2619 5661 2873 5724 φοινικοῦν,
2913 5664 2976 5718 ὡς
2997 5661 3148 5726 χιόνα.
3178 5658 3303 5726 Ιῃίτα
3336 5657 3465 5707 idem
3492 5658 3766 5721 βαδίζοντα,

2106 5729 2150 5777 τί
2174 5744 2311 5828 φησιν
2335 5729 2361 5775 6
2381 5728 2441 5774 τὰ
2459 5721 2612 5773 ξωλά
2632 5721 2903 5787 χαρίσματα
2928 5721 3097 5783 διδοὺς,
3118 5722 3167 5778 ὃς
3198 5721 3271 5769 ἄν.

2227 5790 2344 5828 ητα-
2373 5802 2494 5828 unus
2516 5790 2576 5828 EE:
2594 5790 2836 5828 τράπεζαν.

2224 5790 2344 5850 lh‘g.
2373 5802 2494 5836 unus
2516 5790 2576 5842 εἰς
2594 5790 2836 5849 τράπεζαν.

3620 366 3844 428 526⁸

2064 483 2131 556 νὴ
2184 486 2215 554 ή
2251 487 2715 560 μεμαρτυρημένη
2745 487 2837 540 ἐπὶ
2871 486 3018 558 πάσῃ
3048 486 3290 558 ἁμαρτία
3318 488 3412 542 καὶ
3440 488 3665 559 ἀνομία,
3692 492 3728 559 ἠ
3840 490 3843 499 ⁴
