3862 6232
470 320 573 377 327

469 443 576 489 tate
600 430 806 488 dissiti‘l
831 428 1142 484 Peccatores
1170 425 1327 497 igitur
1353 423 1505 495 quasi
1534 435 1792 493 pauperes
1818 419 2043 474 misera-

469 535 572 589 tur,
604 534 658 580 et
686 538 715 578 a
747 521 904 592 justis
924 520 1069 590 quasi
1089 533 1118 571 a
1143 516 1393 572 divitibus
1415 514 1673 569 rationem
1696 510 1891 581 exigit;
1917 507 2048 580 ipsis

465 617 678 688 quidem
696 614 764 669 ob
779 619 1143 684 paupertatem
1160 608 1439 678 elargiens,
1452 606 1519 661 ab
1535 606 1640 659 illis
1659 618 1784 660 vero
1799 603 1868 657 ob
1883 602 2048 671 pieta-

466 710 534 763 tis
562 707 771 763 divitias
791 719 911 758 cum
940 702 1101 757 multa
1122 700 1457 756 accuratione
1479 698 1711 753 rationes
1730 707 2045 764 exposcens.

464 800 616 867 Quod
642 807 814 852 autem
850 794 975 849 facit
1018 793 1158 849 circa
1192 792 1364 863 justos
1389 798 1443 844 et
1471 799 1794 859 peccatores,
1818 785 2044 856 idipsum

466 891 590 945 facit
632 891 771 943 circa
815 887 1005 941 divites
1049 893 1103 939 et
1149 896 1408 953 pauperes
1447 897 1463 934 :
1498 895 1562 934 ac
1600 874 2047 949 quemadmodum

466 995 794 1053 peceatorem
815 994 910 1051 per
927 977 1261 1033 clementiam
1283 970 1762 1040 excitat,etjustum
1778 984 1871 1038 per
1896 981 2051 1021 seve-

463 1077 672 1130 ritatem
706 1085 888 1138 terret,
919 1072 998 1127 sic
1026 1080 1078 1126 et
1109 1070 1160 1123 in
1188 1068 1371 1123 mundi
1406 1066 1631 1135 negotiis
1656 1079 1803 1118 suam
1829 1061 2047 1129 dispen-

462 1167 720 1220 sationem
754 1165 1079 1218 moderatur.
1102 1160 1158 1216 Si
1178 1159 1368 1215 viderit
1393 1156 1734 1228 dignitatibus
1763 1152 2044 1224 fulgentes,

463 1275 638 1330 reges,
657 1258 944 1328 principes,
968 1260 1225 1325 quotquot
1260 1250 1455 1306 divitiis
1482 1248 1724 1312 affluunt,
1754 1245 1850 1298 hos
1881 1253 2049 1298 terro-

463 1370 575 1408 rem
605 1352 869 1407 incutiens
896 1347 1199 1418 alloquitur,
1214 1354 1377 1414 atque
1401 1341 1598 1396 utiliter
1625 1337 1868 1409 potestati
1892 1337 2047 1391 timo.

465 1462 578 1502 rem
606 1443 844 1500 immittit
871 1460 884 1497 :
919 1440 985 1495 Et
1012 1455 1142 1494 nunc
1164 1455 1303 1508 reges
1322 1435 1599 1506 iulelligite,
1628 1431 1895 1486 erudimini
1932 1445 2045 1482 om-

465 1554 552 1591 nes
576 1537 662 1606 qui
690 1534 941 1607 ’judiratis
984 1544 1187 1587 terram.
1221 1529 1412 1583 Semite
1456 1525 1674 1579 Domino
1699 1524 1751 1577 in
1780 1522 1975 1585 timore,
2001 1527 2049 1573 et

465 1631 710 1685 etsultate
748 1629 794 1683 ei
832 1642 945 1681 cum
973 1620 1370 1692 tremore(Psal.
1400 1620 1453 1674 2.
1488 1618 1606 1687 10);
1637 1616 1885 1686 quoniam
1936 1611 2049 1666 Rea:

464 1730 537 1775 est
582 1736 776 1791 regum,
808 1727 854 1772 et
902 1716 1146 1770 Dominus
1191 1712 1559 1767 dominantium
1584 1710 1658 1777 (1.
1690 1705 1824 1762 Tim.
1847 1706 1899 1761 6.
1930 1702 2042 1777 15).

466 1810 565 1866 Ubi
612 1808 891 1878 imperium
934 1815 1015 1861 est
1057 1802 1353 1875 potestatis,
1388 1801 1455 1855 ibi
1504 1798 1651 1869 regni
1679 1797 1759 1852 sui
1788 1806 2043 1851 terrorem

467 1897 847 1968 itnponit:ubi
879 1912 1008 1951 vero
1036 1892 1307 1949 humilitas
1355 1891 1588 1955 vilitatis,
1638 1888 1709 1942 ibi
1751 1884 2044 1941 remedium

469 1989 669 2060 profert
694 2004 805 2044 sua:
835 1985 1195 2055 benignitatis.
1224 1984 1362 2037 Deus
1396 1981 1537 2035 enim
1576 1989 1658 2034 est
1697 1977 1783 2032 hic
1823 1988 2045 2045 magnus

464 2084 578 2138 [lex
606 2097 788 2152 regum
814 2121 829 2146 ,
863 2091 916 2132 et
948 2079 1199 2132 Dominus
1229 2073 1631 2129 dominantium.
1679 2069 1774 2124 Hic
1796 2069 1909 2139 ipse
1929 2084 2047 2121 rur-

461 2190 579 2230 sum
603 2172 670 2228 de
696 2187 787 2225 sua
818 2169 1071 2238 dignitate
1097 2165 1445 2228 descendens,
1466 2161 1731 2217 invenitur
1754 2157 2043 2214 secundum

461 2276 696 2319 sanctam
723 2260 1044 2330 Scriptorum
1077 2257 1231 2312 Pater
1271 2255 1651 2325 orphanorum,
1685 2259 1739 2306 et
1765 2249 1935 2307 Judex
1963 2249 2043 2302 vi-

461 2356 682 2410 duarum
715 2352 885 2426 (Psal.
914 2352 1002 2408 67.
1035 2351 1114 2422 6),
1144 2349 1260 2404 Rex
1304 2363 1511 2419 regum,
1554 2345 1807 2414 Princeps
1849 2340 2046 2413 princi-

462 2465 607 2517 pum,
639 2446 973 2500 dominorum
1006 2442 1279 2496 Dominus.
1313 2439 1475 2493 Vides
1501 2436 1720 2491 multam
1748 2434 2045 2489 clementia;

462 2537 798 2593 ubertatem?
825 2535 970 2589 vides
1001 2533 1180 2587 utilem
1210 2539 1406 2585 metum
1438 2528 1646 2599 pietatis
1673 2535 1727 2580 et
1757 2522 2044 2594 potentiae?

468 2627 566 2684 Ubi
590 2643 816 2697 namque
844 2626 973 2680 vidit
1004 2623 1290 2694 potentiam
1319 2618 1383 2675 ad
1411 2620 1648 2675 solamen
1671 2617 1939 2681 sufficere,
1973 2614 2043 2668 ibi

461 2733 660 2777 metum
688 2719 753 2774 ad
777 2720 1052 2773 utilitatem
1074 2714 1326 2785 imposuit
1346 2732 1360 2767 :
1380 2712 1466 2767 ubi
1484 2728 1610 2766 vero
1632 2710 1764 2765 vidit
1789 2708 2043 2779 orphani-

462 2821 624 2867 tatem
669 2812 888 2873 vilitate,
919 2820 972 2864 et
996 2815 1360 2878 paupertatem
1410 2803 1775 2858 imbecillitate
1821 2801 2046 2855 viduita-

463 2907 558 2961 tis‘
586 2904 938 2969 debilitatam,
967 2901 1300 2957 clementiam
1333 2898 1397 2953 ad
1424 2898 1840 2953 consolationem
1887 2894 2043 2950 adbi-

462 3000 593 3054 ltuit.
636 2998 747 3069 Ego
793 2996 951 3050 Pater
989 2995 1351 3065 orphanorum.
1396 2992 1516 3046 Duo
1556 2990 1699 3058 facit,
1726 2998 1780 3045 et
1803 2987 2045 3059 benigni-

462 3101 623 3145 tatem
668 3088 923 3154 ostendit,
966 3095 1022 3143 et
1068 3086 1354 3156 potentiam
1399 3085 1569 3154 punit.
1614 3082 1778 3137 Vocat
1809 3081 2041 3150 seipsum

461 3182 672 3236 Patrem
716 3178 1114 3249 orphanorum,
1161 3184 1220 3232 ut
1263 3183 1318 3230 et
1361 3189 1490 3240 eos,
1531 3173 1618 3244 qui
1654 3173 1705 3227 in
1744 3172 2044 3227 calamitate

460 3272 730 3328 constituti
788 3280 949 3337 sunt,
997 3268 1323 3332 consoletur,
1367 3274 1421 3322 et
1467 3272 1710 3336 potentes
1750 3263 2039 3329 deterreat,

461 3379 531 3420 ne
573 3362 826 3433 orpltanis
863 3360 1141 3430 viduisque
1182 3358 1391 3414 molesti
1431 3359 1571 3422 sint;
1616 3352 2043 3426 quandoquidem

461 3472 606 3510 mors
630 3455 772 3509 hunc
798 3462 967 3525 patre,
991 3453 1133 3507 illam
1164 3453 1279 3506 viro
1307 3451 1537 3515 orbavit,
1569 3459 1623 3503 et
1645 3463 1780 3518 quos
1803 3447 2044 3516 corrupit

459 3562 604 3601 mors
639 3546 928 3608 naturalis,
978 3543 1318 3613 benignitatis
1353 3541 1626 3595 decretum
1663 3540 1914 3594 restituit.
1948 3540 2045 3593 At-

460 3652 564 3707 que
602 3637 786 3690 eadem
821 3636 931 3703 ipsa
961 3635 1126 3702 gratia
1173 3632 1295 3686 huic
1334 3630 1548 3700 quidem
1593 3628 1741 3684 dedit
1785 3629 2038 3699 judicent,

462 3728 703 3796 orphano
728 3735 904 3779 autem
946 3730 1146 3792 patrem
1176 3721 1377 3790 Regem
1422 3730 1745 3774 sanctorum.
1775 3718 1978 3790 Itaque,
2007 3736 2040 3774 ο

460 3819 655 3890 inique,
685 3820 779 3884 ait,
807 3817 852 3870 si
882 3815 1093 3868 viduam
1126 3812 1308 3879 lardas,
1338 3811 1614 3866 viduarum
1643 3818 2036 3879 procuratorem

459 3925 749 3983 provocas;
780 3908 823 3962 si
854 3908 1123 3976 orphanos
1168 3918 1352 3967 vexes,
1399 3917 1561 3958 vexas
1602 3901 1741 3956 ﬁlios
1784 3901 1898 3955 Dei.
1932 3899 2041 3968 Ego

459 4021 576 4060 sum
600 4004 754 4059 Pater
783 4000 1163 4072 orphanorum,
1192 4007 1246 4053 et
1270 3995 1442 4051 Judex
1467 3995 1764 4050 viduarum.
1791 3993 1921 4061 Quis
1947 4009 2044 4048 au-

462 4109 566 4152 tem
615 4098 693 4152 sic
728 4095 899 4150 audax
941 4093 1007 4147 ad
1037 4092 1383 4161 impietatem,
1412 4097 1467 4141 ut
1492 4086 1629 4142 ﬁlios
1660 4087 1749 4141 Dei
1782 4085 1955 4150 laedat,
1988 4092 2045 4139 et

461 4190 632 4243 viduis
655 4187 753 4241 sttb
784 4186 880 4240 Dei
907 4184 1068 4239 tutela
1098 4183 1283 4253 positis
1312 4179 1604 4234 molestiam
1638 4178 1842 4247 pariat?
1875 4175 2040 4231 Vides

461 4294 619 4351 quam
651 4277 852 4332 utiliter
880 4276 1090 4345 pietatis
1116 4273 1353 4330 remedia
1401 4277 1681 4341 praeparet,
1713 4278 1767 4323 et
1797 4268 1894 4321 hos
1920 4268 2041 4337 qui-

461 4371 584 4426 dem
618 4376 833 4434 terreat,
863 4369 982 4421 illos
1024 4382 1154 4421 vero
1200 4365 1499 4425 miseretur,
1529 4376 1635 4414 non
1664 4360 1776 4428 ipse
1819 4358 2038 4425 divisus,

461 4463 557 4519 sed
584 4461 651 4516 ad
694 4460 966 4515 hominum
1013 4457 1327 4513 sententiam
1374 4448 1839 4508 accommodatus?
1880 4448 2041 4503 Nobis

462 4557 639 4624 itaque
668 4554 719 4608 in
750 4550 1041 4608 remedium
1067 4549 1132 4604 ad
1155 4550 1379 4604 salutem
1412 4546 1757 4601 adhibeamus
1789 4542 2042 4613 pmniten-

463 4648 589 4702 tiam
613 4662 628 4711 ;
659 4646 766 4699 imo
793 4644 967 4714 potius
986 4657 1015 4695 a
1034 4641 1143 4695 Deo
1160 4640 1480 4709 accipiamus
1508 4638 1866 4705 paenitentiam
1888 4632 2042 4688 nobis

462 4736 788 4791 medentem.
817 4732 930 4788 Non
953 4733 1096 4787 enim
1126 4746 1223 4784 nos
1252 4730 1388 4785 hanc
1412 4730 1486 4783 illi
1511 4729 1802 4791 offerimus,
1833 4726 1926 4780 sed
1955 4725 2042 4779 ille

462 4826 617 4882 nobis
635 4840 751 4879 eam
777 4821 1211 4879 subministravit.
1234 4819 1394 4875 Vides
1420 4820 1534 4888 ejus
1564 4819 1616 4873 in
1644 4821 1760 4887 lege
1788 4817 2043 4874 severita-

462 4916 616 4975 tem?
641 4915 790 4971 vides
826 4914 942 4985 ejus
974 4932 1026 4969 ιιι
1053 4914 1218 4983 gratia
1249 4912 1667 4982 benignitatem?
1703 4911 1835 4965 Cum
1862 4920 2041 4964 autem

460 5013 581 5068 dico
623 5009 958 5065 severitatem
1002 5010 1055 5062 in
1095 5009 1210 5076 lege
1235 5047 1248 5071 ,
1292 5021 1395 5059 non
1424 5005 1647 5059 detraho
1678 5003 1878 5074 judicio
1900 5045 1915 5068 ,
1947 5002 2042 5058 sed

459 5102 778 5173 evangelicae
806 5099 989 5171 gratias
1015 5097 1352 5152 clementiam
1380 5095 1612 5164 praedico
1640 5113 1654 5149 :
1683 5095 1932 5165 quoniam
1960 5096 2043 5149 lex

460 5198 576 5253 sine
595 5194 909 5251 remissione
929 5199 1239 5262 peccatores
1261 5186 1530 5257 puniebat,
1549 5187 1714 5257 gratia
1733 5202 1858 5240 vero
1879 5186 2043 5241 multa

461 5307 579 5343 cum
610 5286 1005 5359 longanimitate
1032 5282 1209 5338 differt
1233 5278 1549 5350 supplicium
1573 5318 1590 5344 ,
1629 5289 1682 5332 ut
1715 5279 2043 5334 emendatio-

462 5397 583 5436 nem
606 5380 837 5436 inducat.
859 5376 1229 5432 Poenitentiam
1249 5372 1427 5440 itaque
1445 5369 1814 5439 suscipiamus,
1833 5368 2040 5438 fratres,

463 5475 722 5529 medelam
747 5471 816 5528 ad
843 5471 1087 5533 salutem,
1111 5465 1463 5535 suscipiamus
1488 5461 1801 5517 medicinam
1830 5470 2045 5530 peccata

463 5574 643 5618 nostra
663 5563 951 5620 delentem.
969 5557 1285 5616 l’oenitentia
1305 5564 1482 5611 autem
1502 5561 1603 5621 est,
1624 5568 1727 5610 non
1743 5567 1864 5624 qua:
1881 5551 2045 5608 verbo

533 5757 552 5788 ⁸
590 5757 751 5808 ttorel.
779 5768 830 5809 et
845 5759 1006 5818 sum,
1031 5757 1237 5811 amentia
1259 5754 1516 5809 t‘t'dttt'tam.

1094 368 1097 375 ,
1196 312 1252 369 S.
1292 310 1569 369 JOANNIS
1602 299 2074 365 CHRYSOSTOMI
2114 300 2434 361 ARCHIEP.
2473 302 3013 364 CONSTANTINOP.
3717 302 3785 358 3!

2157 416 2513 486 praedicatur,
2550 420 2645 476 sed
2681 436 2801 492 quae
2827 425 3077 492 operibus
3115 423 3391 479 ﬁrmatur
3421 438 3442 488 ;
3489 419 3792 491 vanitati!

2155 516 2256 574 est,
2277 523 2395 579 qua:
2413 524 2478 565 ex
2503 510 2618 580 ipso
2636 512 2798 567 corde
2816 513 2960 569 delet
2987 515 3251 570 maculam
3278 512 3673 586 impietatis.
3694 513 3793 567 Na:

2153 597 2436 664 Lavamim',
2461 602 2649 673 inquit,
2672 607 2848 659 mundi
2867 616 3041 674 estote,
3068 612 3265 679 auferte
3286 606 3615 677 nequitias
3629 621 3795 659 erraro

2154 691 2299 746 dibus
2327 693 2501 747 vestris
2519 711 2552 748 a
2569 706 2837 764 conspectu
2859 700 3117 752 oculorum
3139 715 3388 754 meorum
3422 696 3489 770 (1
3497 697 3596 751 sai
3602 738 3617 749 -
3637 698 3691 752 1-
3713 700 3798 761 {Gl

2154 781 2291 850 Quid
2318 782 2418 838 sibi
2447 784 2559 838 vult
2589 800 2649 839 ea
2686 786 2933 841 dictionis
2974 789 3323 844 redundantia
3354 790 3390 844 ?
3447 804 3605 842 nam
3649 788 3799 850 illud.

2154 873 2364 945 Auferte
2403 877 2647 945 nequitias
2679 894 2742 931 ea:
2767 879 2999 934 cordibus
3026 881 3197 935 uestris
3220 922 3235 945 ,
3266 895 3497 936 nonne
3533 880 3686 934 satis
3714 896 3804 935 erat

2152 964 2217 1019 ad
2248 974 2412 1020 totum
2444 967 2781 1023 iudicandum
2803 971 2828 1024 ?
2852 969 2958 1026 Cur
2983 973 3224 1040 addidit,
3250 974 3292 1027 Δ
3325 983 3676 1042 conspectu
3703 989 3805 1026 oca-

2153 1056 2319 1110 lorum
2358 1074 2584 1112 meorum
2606 1059 2632 1113 ?
2658 1059 2921 1128 Quoniam
2947 1063 3054 1118 alio
3082 1065 3241 1119 modo
3267 1066 3499 1120 vident
3536 1064 3701 1119 oculi
3733 1065 3808 1118 ba-

2153 1147 2377 1213 minum,
2409 1148 2514 1202 alio
2542 1150 2729 1204 oculus
2760 1152 2851 1206 Dei
2882 1170 2895 1206 :
2930 1153 3098 1209 Homo
3121 1157 3263 1211 enim
3292 1158 3349 1211 in
3381 1159 3655 1228 faciem,
3687 1156 3809 1211 Dm

2153 1238 2204 1291 in
2223 1237 2414 1313 cor(l.
2434 1240 2561 1313 Reg.
2588 1244 2675 1299 16.
2703 1241 2775 1314 7).
2801 1245 2878 1300 Ne
2905 1248 3079 1315 specie
3100 1289 3117 1315 ,
3148 1250 3341 1319 inquit,
3386 1251 3807 1320 penitentiam

2152 1332 2495 1400 adulterctis,
2529 1335 2625 1390 sed
2656 1343 2715 1390 in
2756 1349 3042 1407 conspectu
3071 1342 3349 1396 oculorum
3390 1358 3707 1398 meorum
3733 1358 3809 1397 oc-

2151 1424 2293 1478 culta
2319 1428 2667 1482 scrutantium
2696 1430 2959 1486 ostendite
2986 1431 3183 1488 fructus
3212 1435 3636 1505 poenitentiae.

2234 1517 2289 1570 4.
2329 1517 2552 1587 Oportet
2574 1527 2752 1574 autem
2799 1536 2897 1577 nos
2941 1538 2972 1576 a
3028 1525 3263 1593 peccatis
3319 1536 3654 1597 purgatos
3703 1526 3807 1597 ipsa

2153 1619 2370 1675 peccata
2400 1620 2523 1664 ante
2551 1613 2734 1666 oculos
2761 1614 2977 1670 habere.
3004 1616 3257 1685 Quamvis
3278 1621 3445 1674 enim
3492 1621 3671 1674 Deus
3703 1620 3807 1674 cle-

2151 1701 2346 1754 mentia
2388 1716 2480 1756 sua
2525 1714 2799 1773 peceatum
2838 1708 3140 1776 condonet,
3189 1721 3241 1764 tu
3286 1712 3355 1766 ad
3405 1715 3804 1768 securitatem

2151 1791 2342 1892 animat
2378 1800 2481 1848 tuae
2528 1808 2804 1865 peceatum
2848 1809 2970 1854 ante
2998 1802 3182 1858 oculos
3213 1802 3351 1859 habe
3388 1824 3403 1859 :
3442 1805 3804 1875 preceden-

2153 1883 2279 1934 tium
2305 1883 2447 1938 enim
2472 1887 2729 1941 memoria
2758 1886 3052 1944 futurorum
3075 1893 3558 1962 impedimentum
3593 1908 3693 1950 est
3711 1915 3730 1950 :
3754 1906 3802 1952 et

2150 1974 2239 2042 qui
2269 1974 2337 2028 de
2378 1977 2644 2044 prioribus
2688 1978 2976 2045 mordetur,
3005 1983 3070 2035 ad
3115 1987 3400 2053 sequentia
3459 1989 3800 2041 cautiorem

2149 2066 2363 2120 exhibet
2390 2079 2641 2124 mentem.
2672 2067 2901 2139 Ideoque
2926 2072 3118 2139 David,
3143 2072 3212 2126 Et
3233 2088 3526 2143 peccatum
3574 2095 3757 2132 meum
3776 2119 3793 2142 ,

2150 2154 2351 2225 inquit,
2382 2168 2559 2212 contra
2584 2176 2662 2215 me
2684 2170 2755 2214 est
2793 2179 2986 2231 semper
3006 2163 3175 2231 (Psal.
3194 2165 3284 2220 50.
3316 2167 3399 2235 5),
3440 2178 3521 2222 ut
3569 2184 3795 2239 prace-

2147 2248 2324 2304 dentia
2346 2262 2469 2305 ante
2497 2254 2678 2308 oculos
2706 2253 2927 2322 habens,
2956 2271 3025 2310 tte
3050 2256 3248 2313 incidat
3272 2261 3324 2313 in
3355 2262 3594 2316 futura.
3632 2263 3786 2330 Quod

2148 2347 2325 2395 autem
2369 2341 2508 2397 ltune
2551 2360 2581 2397 a
2624 2345 2777 2400 nobis
2829 2346 2964 2401 Deus
3010 2357 3205 2404 statum
3255 2363 3488 2422 expetat.
3523 2396 3547 2421 ,
3606 2355 3787 2425 ipsum

2149 2436 2270 2487 audi
2302 2434 2564 2490 dicentem
2597 2454 2611 2489 :
2646 2437 2756 2508 Ego
2784 2456 2894 2493 sum
2910 2440 2996 2512 qui
3022 2441 3163 2497 deleo
3191 2455 3402 2513 peccata
3428 2456 3563 2511 tua,
3601 2458 3659 2501 et
3684 2465 3779 2501 uel

2148 2527 2489 2583 recordabar:
2533 2538 2587 2581 tu
2631 2540 2800 2584 autent
2844 2534 3142 2598 recordare,
3194 2546 3241 2590 et
3270 2538 3627 2606 judicemur,
3664 2541 3780 2591 dicit

2148 2619 2396 2674 Dominus
2419 2637 2437 2674 .'
2458 2621 2538 2674 dic
2565 2632 2617 2674 tu
2643 2624 2783 2691 prius
2807 2634 3014 2693 peccata
3053 2636 3156 2690 tua,
3186 2639 3242 2681 ut
3258 2631 3594 2699 justiﬁceris
3618 2630 3773 2702 (Iret;

2147 2711 2237 2768 45.
2256 2711 2475 2777 25.26).
2502 2713 2617 2767 Non
2639 2726 2912 2783 exspectat
2937 2717 3075 2771 Deus
3105 2727 3313 2788 tempus
3341 2736 3373 2774 a
3398 2724 3775 2791 pmnitentia-

2150 2802 2335 2858 Dixisti
2362 2813 2637 2873 peccatum
2669 2816 2846 2873 tuum,
2873 2807 3193 2877 justillcatus
3225 2826 3287 2866 es
3317 2830 3332 2866 :
3368 2815 3770 2882 paenitentiam

2148 2895 2339 2965 egisti,
2387 2896 2802 2952 misericordiam
2851 2913 2911 2953 es
2947 2909 3326 2969 consequutus.
3362 2903 3485 2958 Non
3540 2915 3767 2973 tempus

2147 2999 2385 3053 excusat,
2411 2990 2505 3046 sed
2532 2992 2838 3061 paenitentis
2861 3009 3039 3050 mores
3064 3007 3337 3064 peceatum
3364 3002 3764 3071 exstinguuot.

2148 3079 2289 3134 Fieri
2337 3090 2546 3149 potest,
2609 3094 2665 3137 ut
2721 3085 2810 3153 qui
2865 3085 3031 3140 multo
3075 3095 3314 3156 tempore
3361 3092 3755 3153 excubaverit,

2148 3173 2372 3227 salutem
2404 3188 2508 3229 non
2533 3184 2909 3246 consequatur,
2932 3186 2987 3232 et
3014 3177 3222 3234 modico
3247 3188 3495 3250 tempore
3531 3188 3761 3239 sincere

2148 3266 2459 3331 confessus,
2512 3276 2784 3336 peceatum
2839 3278 3017 3323 exuat.
3076 3269 3295 3325 Multum
3342 3277 3617 3343 temporis
3674 3275 3753 3328 in.

2147 3357 2373 3426 sumpsit
2429 3356 2644 3414 Samuel
2691 3374 2787 3429 pro
2839 3359 2999 3415 Saﬁle
3044 3361 3376 3431 deprecans,
3430 3368 3749 3437 multasque

2147 3459 2333 3505 noctes
2359 3451 2628 3506 insomnes
2659 3453 2914 3522 transegit
2944 3469 3039 3523 pro
3068 3457 3334 3523 peccantis
3360 3456 3573 3524 salute;
3605 3460 3747 3514 Deus

2147 3551 2322 3595 autem
2347 3542 2568 3609 tempori
2600 3558 2703 3596 non
2730 3543 3044 3610 attendens,
3069 3546 3190 3613 quia
3214 3546 3498 3615 propheta:
3533 3549 3745 3618 suppli-

2146 3633 2286 3687 catio
2323 3646 2429 3688 non
2472 3634 2822 3688 concurrebat
2875 3648 2994 3688 eum
3044 3638 3340 3704 peccatoris
3395 3640 3735 3707 poenitentia,

2147 3724 2420 3793 propheta:
2449 3738 2547 3778 suo
2575 3723 2741 3779 dixit:
2777 3723 3045 3798 Usquequo
3084 3737 3137 3779 tu
3182 3728 3322 3799 luges
3385 3729 3545 3796 Sail,
3574 3743 3625 3788 et
3650 3749 3745 3802 ego

2146 3814 2298 3885 rejeci
2319 3830 2429 3867 eum
2454 3815 2531 3884 (1.
2568 3813 2691 3886 Reg.
2744 3816 2830 3870 16.
2859 3816 2960 3887 1)ἳ
2989 3817 3118 3871 Illud
3136 3859 3153 3884 ,
3180 3835 3434 3889 usquequo
3453 3863 3469 3887 ,
3526 3832 3735 3892 tempus

2147 3907 2415 3974 declarat,
2441 3917 2495 3962 et
2542 3907 2887 3976 supplicantis
2930 3914 3377 3979 perseverantiam
3406 3930 3419 3966 :
3449 3923 3507 3968 et
3543 3915 3735 3985 repulit

2148 4000 2289 4054 Deus
2318 4010 2522 4068 tempus
2548 3999 2936 4070 deprecationis
2964 4002 3234 4072 propheta:
3257 4022 3270 4056 :
3304 4019 3411 4058 non
3437 4007 3589 4060 enim
3615 4020 3735 4060 eum

2142 4092 2268 4162 justi
2319 4093 2617 4146 interventu
2676 4093 2814 4162 regis
2859 4094 3168 4163 poenitentia
3223 4099 3515 4151 concurrit.
3570 4099 3733 4153 Beato

2145 4193 2322 4239 autem
2354 4185 2562 4251 Davidi,
2592 4186 2683 4255 qui
2712 4188 3102 4256 correptionem
3127 4191 3292 4242 sancti
3314 4188 3575 4245 Nathanis
3607 4206 3728 4262 pre-

2147 4277 2322 4346 pheta:
2367 4290 2711 4347 susceperat,
2750 4288 2806 4334 et
2852 4281 3030 4334 statim
3085 4290 3202 4349 post
3256 4283 3724 4339 comminationem

2146 4385 2325 4425 veram
2351 4370 2759 4425 conversionem
2785 4371 3108 4438 ostenderat,
3141 4372 3482 4443 dixeratque,
3514 4374 3726 4429 Peceau

2147 4460 2366 4515 Domino
2397 4461 2470 4533 (2.
2495 4460 2625 4533 Reg.
2652 4463 2741 4517 12.
2776 4464 2898 4530 15);
2942 4464 3121 4517 statim
3168 4480 3276 4518 uno
3311 4467 3576 4534 temporis
3619 4481 3721 4521 mo-

2148 4560 2328 4608 mento
2348 4553 2568 4608 verbum
2598 4555 2807 4609 sincere
2842 4554 3107 4623 prolatum
3152 4555 3410 4626 integram
3452 4556 3721 4627 pmnitenti

2146 4646 2319 4699 attulit
2342 4645 2567 4700 salutem
2593 4663 2607 4700 :
2631 4646 2908 4700 confestim
2945 4662 3173 4718 namque
3198 4651 3520 4703 sententiam
3550 4667 3718 4706 emen-

2146 4734 2291 4789 datio
2315 4743 2540 4804 sequuta
2580 4747 2680 4791 est.
2710 4737 2797 4791 Ait
2825 4737 2981 4807 igitur
3006 4739 3078 4792 illi
3108 4739 3314 4795 Natban
3347 4758 3363 4794 :
3390 4741 3459 4795 Et
3484 4741 3718 4798 Dominus

2149 4827 2338 4881 dimisit
2367 4829 2385 4859 ¹
2418 4839 2679 4898 peccatum
2707 4839 2849 4884 tuum
2878 4829 3086 4903 (Ibid.).

2219 4920 2357 4975 Deus
2409 4920 2582 4976 tardus
2617 4922 2686 4975 ad
2715 4938 2946 4992 panum,
2976 4924 3122 4978 velox
3141 4923 3211 4977 ad
3234 4923 3475 4980 salutem.
3502 4958 3577 4970 —
3608 4927 3715 4983 Vide

2148 5012 2277 5067 mibi
2308 5012 2470 5068 Deum
2495 5013 2702 5068 tardum
2731 5013 2796 5068 ad
2822 5028 3032 5082 poenam
3061 5024 3115 5070 et
3138 5015 3374 5072 velocem
3401 5018 3471 5073 ad
3487 5021 3710 5075 salutem.

2152 5106 2215 5161 Et
2237 5106 2365 5160 mihi
2397 5109 2624 5177 primum
2651 5108 2823 5178 cogita
2852 5108 3120 5178 quomodo
3150 5111 3321 5164 multo
3352 5120 3477 5180 post
3497 5125 3715 5185 tempore

2150 5201 2530 5256 eorrectionem
2561 5202 2796 5256 clemens
2826 5201 3019 5256 intulit.
3044 5202 3285 5257 Peccavit
3310 5204 3500 5272 David,
3530 5219 3712 5262 uterum

2150 5294 2374 5363 gestavit
2400 5294 2609 5361 mulier,
2640 5292 2888 5363 nullaque
2913 5294 3176 5348 correctio
3203 5306 3488 5364 peccatum
3516 5307 3711 5368 sequuta

2151 5396 2268 5452 est;
2300 5385 2395 5443 sed
2424 5395 2539 5456 post
2573 5384 2791 5440 infantis
2816 5385 2883 5440 de
2910 5396 3129 5455 peccato
3155 5390 3264 5441 nati
3295 5396 3513 5457 partum
3532 5432 3548 5456 ,
3577 5390 3712 5445 mitti-

2154 5486 2238 5532 tur
2262 5477 2459 5549 peccati
2488 5476 2740 5532 medicus.
2767 5476 2878 5531 Cur
2912 5486 3088 5533 autem
3133 5489 3451 5548 peccantem
3499 5485 3711 5551 protinus

2148 5583 2256 5623 non
2311 5569 2586 5624 correxit?
2634 5568 2893 5635 Quoniam
2939 5567 3067 5625 vidit
3110 5568 3162 5623 itt
3215 5569 3345 5639 ipsis
3395 5581 3713 5642 peccatorqu

2218 5751 2232 5781 ι
2271 5755 2387 5812 ueg.
2414 5759 2554 5805 unus,
2580 5745 2804 5797 Dominus
2826 5745 3030 5797 sustulit.
