3906 6224
1320 314 1407 368 DE
1446 310 1911 370 ΡΟΕΝΙΤΕΝΤΙΑ.
1943 308 2176 366 ιιοωι..
2213 307 2325 369 νη.
3396 307 3502 364 3‘18

1855 427 1925 481 τὰ
1977 428 2311 499 πταίσματα.
2337 423 2606 479 Μετάνοια
2653 421 2711 477 δέ
2747 423 2911 484 ἐστιν,
2940 421 3036 491 οὐχ
3066 421 3098 492 ή
3125 419 3266 492 λόγῳ
3301 439 3502 495 κηρυτ-

1849 514 2070 585 τομένη,
2108 512 2221 567 ἀλλ’
2255 515 2288 584 ή
2330 512 2615 582 πράγμασι
2649 507 3002 579 βεϐαιουμένη
3025 525 3037 536 ·
3077 508 3328 578 μετάνοια
3368 512 3401 580 ή
3442 513 3501 579 ἐξ

1848 600 2018 670 αὐτῆς
2042 602 2140 671 τῆς
2175 598 2398 670 καρδίας
2434 596 2785 665 ἐξαλείφουσα
2804 595 2894 648 τὸν
2919 595 3083 666 ῥύπον
3104 597 3200 666 τῆς
3226 596 3499 661 ἀσεϐείας.

1846 694 2163 747 Λούσασθε
2191 694 2322 762 γὰρ,
2351 690 2503 759 φησὶ,
2542 687 2783 755 καθαροὶ
2810 687 3075 755 γίνεσθε·
3109 687 3360 755 ἀφέλετε
3395 689 3502 755 τὰς

1845 780 2142 847 πονηρίας
2191 777 2309 833 ἀπὸ
2356 776 2474 829 τῶν
2517 773 2769 843 καρδιῶν
2816 774 3000 842 ὑμῶν,
3056 773 3341 827 ἀπέναντι
3383 774 3501 827 τῶν

1844 865 2166 934 ὀφθαλμῶν
2185 882 2323 932 μου.
2360 862 2425 915 Τί
2451 862 2696 932 βούλεται
2717 861 2777 913 τὸ
2802 860 3048 932 περιττὸν
3076 860 3172 929 τῆς
3193 859 3418 924 λέξεως;
3439 861 3499 913 τὸ

1843 952 1952 1022 γὰρ
1990 951 2256 1020 Ἇφέλετε
2286 949 2390 1015 τὰς
2417 949 2704 1016 πονηρίας
2725 948 2840 1001 ἀπὸ
2878 947 2996 999 τῶν
3025 945 3277 1015 καρδιῶν
3308 946 3495 1015 ὑμῶν,

1844 1041 1943 1110 οὐχ
1979 1039 2163 1092 ἱκανὸν
2197 1037 2433 1108 μηνῦσαι
2465 1037 2525 1089 τὸ
2549 1039 2688 1101 πᾶν;
2719 1035 2815 1088 Διά
2848 1035 2898 1088 τί
2930 1031 3021 1088 οὖν
3059 1034 3358 1087 Ἀπέναντι
3381 1034 3499 1088 τῶν

1844 1126 2169 1196 ὀφθαλμῶν
2205 1142 2355 1194 μου;
2400 1124 2614 1196 Ἐπειδὴ
2658 1124 2831 1186 ἄλλως
2876 1123 3071 1193 ὁρῶσιν
3108 1122 3371 1191 ὀφθαλμοὶ
3405 1125 3498 1177 ἀν-

1842 1212 2093 1285 θρώπων,
2124 1213 2218 1265 καὶ
2251 1213 2422 1275 ἄλλως
2460 1213 2561 1282 ὀρᾷ
2601 1210 2874 1279 ὀφθαλμὸς
2913 1207 3007 1261 τοῦ
3043 1208 3175 1261 Θεοῦ
3196 1225 3209 1236 ·
3247 1211 3495 1278 Ἀνθρω-

1841 1314 1955 1365 πος
1999 1302 2107 1370 γὰρ
2150 1302 2237 1365 είς
2280 1301 2623 1367 πρόσωπον,
2664 1296 2805 1362 Θεὸς
2853 1294 2921 1348 δὲ
2964 1298 3050 1360 εἰς
3097 1296 3363 1364 καρδίαν.
3406 1297 3493 1369 Μὴ

1842 1391 2104 1459 σχήμασι,
2136 1391 2288 1458 φησὶ,
2303 1387 2588 1456 νοθεύσητε
2608 1396 2630 1424 ο
2648 1386 2745 1451 τὴν
2774 1383 3078 1454 μετάνοιαν,
3102 1383 3215 1435 ἀλλ’
3233 1384 3493 1437 ἀπέναντι

1839 1475 1946 1529 τῶν
1977 1474 2266 1546 ὀφθαλμῶν
2292 1492 2410 1545 μου,
2434 1473 2539 1526 τῶν
2570 1473 2637 1525 τὰ
2664 1470 2880 1542 κρυπτὰ
2906 1469 3264 1540 ἐρευνώντων,
3286 1470 3493 1535 δείξατε

1838 1563 1962 1624 τοὺς
1997 1564 2242 1632 καρποὺς
2263 1561 2363 1630 τῆς
2397 1559 2699 1629 μετανοίας.

1908 1650 1971 1703 δ’.
1993 1652 2081 1701 Δεῖ
2107 1649 2161 1702 δὲ
2188 1650 2335 1719 ἡμᾶς
2357 1646 2779 1718 καθαιρομένους
2806 1641 2930 1696 ’ἀπὸ
2950 1639 3057 1693 τῶν
3083 1639 3361 1712 ἁμαρτιῶν
3388 1640 3488 1710 πρὸ

1838 1735 2131 1806 ὀφθαλμῶν
2160 1736 2304 1805 ἔχειν
2338 1735 2478 1787 αὐτὰ
2507 1734 2575 1786 τὰ
2618 1732 2985 1802 ἁμαρτήματα
3007 1746 3019 1759 ·
3059 1728 3163 1781 κᾶν
3189 1729 3217 1780 6
3246 1726 3375 1789 Θεὸς
3401 1727 3491 1781 διὰ

1838 1822 2247 1894 φιλανθρωπίαν
2293 1821 2619 1890 συγχωρήσῃ
2664 1834 2745 1871 σοι
2776 1817 2875 1888 τὴν
2916 1817 3205 1887 ἁμαρτίαν,
3257 1814 3390 1867 ἁλλὰ
3424 1816 3488 1867 σὺ

44 311 173 365 5‘27

48 429 395 496 εὐσεϐείας,
434 430 520 496 Ὠς
547 433 794 502 πτωχοὺς
813 430 990 485 τοίνυν
1010 433 1135 494 τοὺς
1164 431 1572 501 ἁμαρτάνοντας
1592 428 1751 496 ἐλεεῖ,

51 515 164 567 καὶ
196 518 282 580 ὡς
313 518 597 581 πλουσίους
631 521 758 582 τοὺς
800 517 1323 590 δικαιοπραγοῦντας
1372 518 1612 577 ἀπαιτεῖ,
1641 517 1753 578 τοῖς

53 600 176 667 μὲν
222 603 315 656 διὰ
339 606 434 673 τὴν
466 604 652 656 πενίαν
686 603 1059 675 χαριζόμενος,
1088 606 1200 666 τοῖς
1228 603 1282 655 δὲ
1310 601 1399 655 διὰ
1424 601 1515 654 τὸν
1539 601 1638 671 τῆς
1662 600 1752 651 εὑ-

52 688 303 753 σεϐείας
354 691 578 745 πλοῦτον
630 692 767 760 μετὰ
817 691 1018 761 πολλῆς
1066 689 1348 761 ἀκριϐείας
1389 690 1516 752 τοὺς
1562 687 1751 756 λόγους

49 777 641 847 εἰσπραττόμενος.⁴⁹0
672 778 729 831 δὲ
763 779 904 831 ποιεῖ
938 778 1031 830 ἐπὶ
1075 777 1295 830 δικαίων
1346 777 1440 830 καὶ
1489 775 1748 846 ἁμαρτω.-

49 859 209 924 λῶν,
242 863 398 915 τοῦτο
432 868 574 917 ποιεῖ
610 866 706 918 καὶ
751 865 842 918 ἐπὶ
887 865 1155 918 πλουσίων
1208 864 1302 917 καὶ
1344 863 1621 931 πενήτων·
1659 858 1751 911 καὶ

50 946 276 1019 ὥσπερ
302 950 390 1003 τὸν
426 952 804 1021 ἁμαρτάνοντα
841 952 1041 1022 ἐγείρει
1080 951 1167 1004 διὰ
1198 947 1622 1018 φιλανθρωπίαν,
1660 944 1751 998 τὸν

51 1032 118 1085 δὲ
168 1034 386 1089 δίκαιον
428 1037 583 1105 φοϐεῖ
621 1037 709 1091 διὰ
750 1038 851 1108 τῆς
894 1037 1192 1107 ἀποτομίας
1215 1050 1230 1065 °
1263 1035 1403 1089 οὕτω
1431 1033 1524 1086 καὶ
1556 1032 1612 1085 ἐν
1639 1033 1749 1094 τοῖς

53 1124 370 1189 κοσμικοῖς
409 1125 727 1195 πράγμασιν
769 1126 1035 1195 διατίθησι
1067 1126 1163 1195 τὴν
1192 1120 1386 1177 ἑαυτοῦ
1419 1118 1745 1189 οἰκονομίαν.

69 1206 218 1259 Ἐὰν
249 1208 331 1279 ἴδῃ
363 1208 627 1274 δυναστὰς
663 1212 963 1283 ἀξιώμασιν
985 1212 1459 1281 ὑπερλάμποντας,
1492 1206 1743 1277 βασιλεῖς,

51 1291 371 1361 ἄρχοντας,
405 1297 609 1360 πάντας
651 1299 776 1361 τοὺς
822 1299 881 1351 ὲν
930 1297 1142 1367 πλούτῳ
1185 1295 1610 1365 διαπρέποντας·
1634 1289 1748 1342 τού-

50 1393 185 1440 τοις
215 1379 522 1449 διαλέγεται
555 1385 693 1453 μετὰ
729 1384 916 1453 φόϐου,
946 1385 1040 1438 καὶ
1072 1382 1345 1452 ἐπιτίθησι
1372 1378 1655 1451 χρησίμως
1676 1378 1743 1447 τῇ

50 1463 371 1538 δυναστείᾳ
415 1470 506 1524 τὸν
551 1472 746 1541 φόϐον·
795 1473 906 1528 Καὶ
957 1472 1095 1536 νῦν,
1138 1469 1455 1535 βασιλεῖς,
1507 1466 1742 1528 σύνετε,

48 1554 435 1623 παιὸεὐθητε
458 1559 680 1625 πάντες
717 1563 770 1613 οἱ
814 1560 1119 1628 κρίνοντες
1158 1556 1273 1624 τὴν
1315 1554 1465 1626 γῆν·
1498 1552 1745 1606 δουλεύ-

48 1654 226 1692 cars
271 1641 349 1707 τῷ
389 1645 583 1711 Κυρίῳ
627 1646 698 1698 ἐν
736 1647 916 1714 φόϐῳ,
957 1646 1054 1698 καὶ
1082 1639 1450 1712 ἀγαλλιᾶσθε
1489 1635 1646 1701 αὐτῷ
1674 1636 1745 1688 έν

50 1728 308 1794 τρόμῳ·
354 1729 436 1782 ὅτι
461 1732 760 1798 Βασιλεύς
797 1732 927 1784 ἐστι
972 1730 1091 1783 τῶν
1121 1726 1596 1794 βασιλευόντων,
1642 1721 1740 1774 καὶ

47 1815 291 1880 Κύριος
322 1815 440 1868 τῶν
463 1818 1057 1885 κυριευόντων.ὐπου
1096 1817 1237 1887 ἀρχὴ
1264 1812 1601 1873 δυναστείας,
1631 1811 1746 1862 ἐπι·

46 1898 256 1966 τίθησι
290 1901 379 1953 τὸν
402 1901 565 1969 φόϐον
588 1903 688 1973 τῆς
716 1903 878 1957 αὑτοῦ
906 1902 1175 1974 βασιλείας
1201 1919 1214 1936 ·
1255 1903 1387 1955 ὅπου
1418 1897 1741 1957 ταπείνωσις

48 1985 368 2050 εὐτελείας,
402 1989 742 2060 προσφέρειει
781 1991 841 2044 τὸ
874 1993 1159 2062 φάρμακον
1187 1992 1284 2061 τῆς
1319 1985 1512 2041 ἐαυτοῦ
1549 1984 1739 2054 φιλαν-

48 2072 417 2141 θρωπίας.’0
450 2078 556 2149 γὰρ
582 2078 711 2143 Θεὸς
741 2075 892 2143 οὗτος
938 2080 1108 2151 μέγας
1141 2080 1387 2151 βασιλεὺς
1433 2077 1541 2129 τῶν
1583 2075 1738 2144 βασι·’

46 2158 356 2225 λευόντων,
381 2166 473 2217 καὶ
520 2166 724 2236 Κύριος
771 2167 879 2220 τῶν
926 2169 1314 2237 κυριευόντων·
1356 2158 1510 2228 οὗτος
1555 2163 1736 2228 αὐτὸς,

47 2246 236 2299 πάλιν
264 2249 566 2304 ὑποϐαίνων
591 2254 689 2323 τῆς
716 2254 908 2308 ἐαυτοῦ
934 2254 1109 2318 ἀξίας,
1137 2253 1447 2324 εὑρίσκεται
1476 2250 1614 2304 κατὰ
1639 2250 1736 2322 τὴν

47 2332 233 2400 ἁγίαν
272 2335 487 2407 Γραφὴν
536 2341 718 2411 πατὴρ
744 2342 993 2411 ὀρφανῶν
1022 2341 1114 2395 καὶ
1145 2341 1336 2411 κριτὴς
1376 2339 1484 2392 τῶν
1530 2338 1734 2409 χηρῶν,

50 2418 340 2484 βασιλέων
381 2421 651 2491 βασιλεὺς,
696 2428 972 2497 ἀρχόντων
1000 2428 1200 2498 ἄρχων,
1241 2428 1598 2498 κυριευόντων
1632 2427 1738 2479 Κύ-

54 2523 201 2573 ριος.
225 2508 386 2578 Ὁρᾷς
432 2512 631 2583 πολλὴν
676 2514 934 2585 ἀφθονίαν
967 2514 1410 2585 φιλανθρωπίας;
1445 2514 1574 2584 ὁρᾷς
1606 2514 1733 2584 χρή-

52 2608 233 2660 σιμον
258 2595 348 2647 τὸν
377 2596 538 2663 φόϐον
561 2599 661 2669 τῆς
688 2583 972 2664 εὐσεϐέίας
1006 2601 1099 2653 καὶ
1129 2583 1225 2668 τῆς
1249 2583 1495 2665 ἐξουσίας
1561 2583 1732 2653 Ὅπου

52 2679 163 2748 μὲν
204 2682 318 2751 γὰρ
355 2678 494 2737 εἶδεν
524 2685 797 2756 ἀρκοῦσαν
820 2687 920 2758 τήν
956 2686 1198 2751 ἐξουσίαν
1234 2689 1311 2750 εἰς
1358 2687 1729 2756 παραμυθίαν,

51 2767 306 2837 ἐπέθηκε
335 2769 423 2821 τὸν
454 2771 616 2839 φόϐον
655 2775 734 2836 εἰς
766 2773 1031 2843 ὠφέλειαν
1052 2790 1065 2803 ·
1110 2776 1243 2827 ὅπου
1272 2774 1329 2826 δὲ
1362 2769 1467 2826 εἶδε
1498 2773 1733 2843 παραλε-

50 2852 119 2904 λυ
129 2856 309 2924 μένην
336 2860 402 2928 τῇ
426 2858 668 2931 εὐτελείᾳ
694 2860 792 2931 τὴν
815 2860 1098 2932 ὀρφανίαν,
1121 2861 1216 2914 καὶ
1239 2861 1337 2931 τὴν
1365 2859 1635 2930 πτωχείαν
1662 2862 1727 2929 τῇ

52 2941 305 3013 ἀτονία1⁵
327 2945 440 3016 ⁴τῆς
472 2947 716 3017 χηρείας,
751 2950 1065 3018 προσήγαγε
1091 2949 1190 3018 τήν
1220 2947 1621 3019 φιλανθρωπίαν
1650 2949 1728 3012 εἱς

52 3028 443 3097 παραμυθίαν.
462 3032 608 3101 Ἐγὼ
634 3035 828 3103 πατὴρ
850 3034 968 3089 τῶν
993 3034 1285 3104 ὀρφανῶν.
1322 3035 1424 3086 Δύο
1450 3037 1608 3097 ποιεῖ,
1637 3034 1730 3086 καὶ

53 3113 158 3184 τὴν
188 3114 601 3188 φιλανθρωπίαν
624 3120 878 3184 δείκνυσι,
907 3122 1000 3176 καὶ
1027 3123 1124 3191 τὴν
1149 3121 1460 3174 δυναστείαν
1489 3119 1726 3183 κολάζειο

53 3200 244 3253 Καλεῖ
271 3201 459 3256 ἑαυτὸν
490 3206 703 3276 πατέρα
721 3206 827 3261 τῶν
850 3209 1116 3278 ὀρφανῶν,
1145 3209 1230 3262 ἵνα
1258 3209 1496 3271 καὶτοὺς
1521 3210 1577 3260 ἐν
1601 3226 1729 3278 συμ-

55 3290 213 3359 φορᾷ
233 3291 717 3364 παραμυθήσηται,
737 3294 827 3347 καὶ
850 3297 973 3359 τοὺς
1000 3297 1055 3348 ἐν
1080 3296 1365 3367 δυναστείᾳ
1387 3295 1726 3370 καταπλήξῃ,

51 3375 205 3428 ὥστε
263 3378 339 3446 μὴ
384 3380 706 3451 ἐπηρεάζειν
736 3383 987 3453 ὀρφανοῖς
1023 3400 1081 3434 τε
1111 3385 1205 3437 καὶ
1231 3384 1453 3453 χήραις·
1486 3383 1672 3454 ἐπειδὴ
1699 3385 1727 3436 6

52 3463 296 3527 θάνατος
323 3465 605 3537 ἐγύμνωσε
629 3469 719 3521 τὸν
748 3470 845 3539 μὲν
878 3471 970 3527 τοῦ
1005 3472 1225 3541 πατρὸς,
1260 3471 1355 3542 τὴν
1380 3471 1437 3523 δὲ
1469 3472 1725 3543 ἐστέρησε

50 3550 152 3601 τοῦ
207 3550 420 3621 ἀνδρὸς,
448 3553 542 3606 καὶ
585 3554 679 3618 οὓς
721 3555 1022 3627 διέφθειρεν
1070 3560 1098 3610 6
1148 3558 1249 3627 τῆς
1303 3558 1515 3625 φύσεως
1542 3558 1721 3628 νόμος,

49 3637 407 3692 ἀνεκαίνισεν
434 3643 462 3693 6
486 3642 584 3712 τῆς
614 3642 1020 3715 φιλανθρωπίας
1041 3645 1164 3714 690;
1185 3661 1198 3675 ·
1225 3646 1317 3698 καὶ
1347 3648 1379 3717 ή
1404 3646 1539 3716 αὑτὴ
1566 3647 1723 3715 χάρις

48 3731 119 3798 τῇ
166 3729 270 3798 μὲν
320 3730 485 3784 ἔδωκε
529 3732 620 3786 τὸν
665 3734 875 3806 κριτὴν,
905 3734 982 3804 τῷ
1022 3735 1079 3788 δὲ
1116 3735 1333 3806 ὀρφανῴ
1370 3735 1600 3806 πατέρα,
1636 3735 1723 3788 τὸν

53 3816 290 3884 βασιλέα
312 3816 419 3871 τῶν
446 3818 594 3891 [551]
623 3822 1001 3889 ἁγίων.”Ωστε,
1028 3825 1208 3894 φησὶν,
1239 3818 1284 3877 ὦ
1312 3823 1482 3888 ἅδικε,
1509 3825 1602 3876 ἐὰν
1627 3825 1725 3894 χή-

56 3918 183 3971 ραις
215 3904 547 3979 ἐπηρεάζῃς,
573 3907 663 3961 τὸν
686 3908 791 3961 τῶν
823 3910 1004 3981 χηρῶν
1031 3911 1332 3982 προνοητὴν
1367 3908 1682 3981 παροξύνεις
1703 3927 1717 3940 ·

49 3990 151 4042 ἐὰν
198 3992 468 4061 ὀρφανοὺς
497 3994 707 4066 ἁδικῇς,
749 3999 895 4060 υἱοὺς
942 3998 1147 4061 ἀδικεῖς
1195 3997 1508 4066 Θεοῦ.Ἐγώ
1555 3999 1722 4066 εἱμιδ

50 4081 244 4150 πατὴρ
274 4080 379 4132 τῶν
405 4082 671 4151 ὀρφανῶν,
692 4086 784 4138 καὶ
810 4085 1000 4157 κριτής
1023 4085 1131 4139 τῶν
1157 4087 1341 4157 χηρῶν
1362 4105 1375 4118 ·
1407 4089 1488 4150 τίς
1504 4086 1558 4139 δὲ
1581 4085 1721 4138 οὕτω

46 4167 332 4237 τολμηρὸς
373 4168 507 4240 πρὸς
546 4171 823 4238 ἀσέϐειαν,
854 4171 992 4225 ὥστε
1028 4174 1174 4235 υἱοὺς
1202 4172 1405 4227 ἀδικεῖν
1434 4174 1589 4236 Θεοῦ,
1629 4176 1721 4228 καὶ

47 4256 175 4316 ταῖς
225 4253 331 4306 ὑπὸ
372 4256 465 4309 τοῦ
498 4256 631 4310 Θεοῦ
673 4259 1091 4329 προνοουμέναις
1124 4262 1318 4330 χήραις
1358 4262 1716 4332 ἐπηρεάζειν;

58 4341 229 4411 Ὁρᾷς
284 4341 401 4405 πῶς
449 4344 733 4414 χρησίμως
779 4347 1175 4410 κατασκευάζει
1208 4347 1277 4399 τὰ
1308 4348 1573 4417 φάρμακα
1620 4350 1718 4418 τῆς

47 4429 358 4492 εὐσεϐείας,
386 4432 479 4484 καὶ
504 4433 629 4495 τοὺς
663 4433 760 4502 μὲν
791 4433 962 4502 φοϐεῖ,
996 4437 1120 4498 τοὺς
1151 4435 1206 4487 δὲ
1237 4436 1393 4499 ἐλεεῖ,
1428 4437 1528 4488 οὐκ
1559 4437 1719 4499 αὐτὸς

51 4515 437 4587 μεριζόμενος,
466 4518 602 4588 πρὸς
625 4519 680 4571 δὲ
708 4519 807 4581 τὰς
835 4519 1061 4590 γνώμας
1089 4520 1198 4573 τῶν
1225 4520 1523 4591 ἀνθρώπων
1549 4523 1719 4592 ἁρμο-

48 4603 314 4672 ζόμενος;
351 4603 720 4675 Προσάγωμεν
763 4605 938 4659 τοίνυν
981 4609 1210 4669 ἐαυτοῖς,
1239 4606 1472 4675 ἀδελφοὶ,
1502 4610 1719 4679 φάρμα-

49 4705 145 4742 κον
179 4691 262 4752 είς
295 4692 566 4761 σωτηρίαν
593 4691 690 4763 τὴν
736 4693 1054 4763 μετάνοιαν·
1111 4695 1305 4764 μᾶλλον
1346 4694 1402 4748 δὲ
1441 4694 1716 4765 δεξώμεθα

48 4776 205 4846 παρὰ
237 4775 331 4828 τοῦ
352 4777 487 4829 Θεοῦ
512 4777 608 4849 τὴν
643 4780 928 4849 μετάνοιαν
958 4781 1305 4853 ἱατρεύουσαν
1329 4783 1496 4852 ἡμᾶς.
1516 4784 1587 4836 Οὐ
1608 4784 1716 4855 γὰρ

48 4865 214 4932 ἡμεῖς
246 4863 396 4934 αὑτῷ
416 4865 619 4937 ταύτην
644 4868 1007 4938 προσάγομεν,
1039 4870 1150 4922 ἀλλ’
1176 4870 1335 4932 αὐτὸς
1365 4872 1492 4940 ἡμῖν
1513 4871 1715 4940 ταύτην

48 4954 410 5023 ἐχορήγησεν.
430 4953 591 5024 Ὁρᾷς
639 4955 801 5008 αὐτοῦ
844 4957 942 5026 τὴν
991 4958 1271 5028 ἀκρίϐειαν
1300 4959 1400 5025 τὴν
1444 4961 1502 5010 ἐν
1533 4959 1610 5030 τῷ
1639 4959 1718 5011 νό-

53 5056 174 5109 μῳς
210 5041 346 5110 ὁρᾷς
383 5040 481 5111 τὴν
515 5042 916 5111 φιλανθρωπίαν
953 5045 1117 5097 αὐτοῦ
1161 5045 1258 5115 τὴν
1292 5046 1350 5097 ἐν
1388 5049 1454 5116 τῇ
1499 5048 1713 5117 χάριτι;

53 5128 226 5180 Ὅταν
269 5126 323 5179 δὲ
354 5129 489 5181 εἴπω
515 5130 614 5199 τήν
645 5131 928 5201 ἀκρίϐειαν
956 5133 1054 5203 τὴν
1087 5134 1145 5186 ἐν
1186 5132 1264 5203 τῷ
1304 5133 1473 5205 νόμῳ,
1500 5137 1559 5188 οὐ
1606 5137 1718 5190 δια-

51 5217 234 5270 ϐάλλω
269 5218 470 5287 κρίσιν,
498 5218 635 5272 ἀλλὰ
675 5220 774 5289 τῆς
807 5223 1161 5293 εὐαγγελικῆς
1212 5223 1429 5294 χάριτος
1465 5224 1716 5295 κηρύττω

50 5306 149 5375 τὴν
184 5305 621 5377 φιλανθρωπίαν·
668 5307 748 5360 ὃτι
792 5309 822 5360 6
866 5309 963 5378 μὲν
996 5309 1154 5376 νόμος
1188 5310 1574 5381 ἀπαραιτήτως
1596 5313 1691 5364 ἐκό

50 5391 183 5454 λαζε
215 5392 341 5454 τοὺς
374 5394 803 5464 ἁμαρτάνοντας,
835 5398 869 5466 ή
909 5395 967 5448 δὲ
1010 5397 1168 5466 χάρις
1203 5397 1339 5466 μετὰ
1382 5396 1579 5465 πολλῆς
1610 5414 1715 5467 μα-

54 5480 360 5549 κροθυμίας
389 5483 738 5553 ὑπερτίθεται
762 5485 860 5555 τὴν
886 5485 1174 5555 τιμωρίαν,
1207 5485 1292 5537 ἵνα
1333 5486 1588 5558 ἐπαγάγῃ
1618 5486 1715 5557 τὴν

54 5567 359 5636 διόρθωσιν.
386 5570 677 5641 Δεξώμεθα
697 5570 874 5624 τοίνυν
908 5572 1215 5641 μετάνοιαν,
1234 5571 1466 5639 ἀδελφοὶ,
1496 5573 1715 5642 φάρμα-

57 5669 151 5703 κον
181 5655 259 5716 είς
290 5656 580 5726 σωτηρίαν,
612 5656 888 5726 δεξώμεθα
930 5657 1216 5727 φάρμακον
1248 5657 1525 5726 ἐξαλεῖφον
1556 5661 1588 5728 ή
1599 5660 1714 5728 μῶν

57 5740 442 5862 wgfif‘ziivllq
463 5746 619 5808 magis
641 5748 835 5807 proprie
853 5759 997 5807 quam
1022 5742 1710 5812 Montf.,quiscripseral1tpo-

146 5820 200 5850 ει.
232 5818 356 5851 Εοίτ.

117 5818 148 5903 ἱ
176 5865 326 5915 Morel
352 5872 403 5916 et
425 5867 554 5918 Savil
598 5874 656 5925 τῆ
679 5868 895 5934 ἀπονοίᾳ.
922 5867 1055 5919 linus
1078 5869 1198 5935 Reg.
1223 5876 1278 5932 τῇ
1302 5869 1481 5938 ἀτονία,
1508 5871 1701 5919 melius.

1839 1910 1975 1982 1:96;
2007 1911 2106 1980 τὴν
2149 1909 2446 1978 ἀσφάλειαν
2487 1907 2585 1977 τῆς
2635 1905 2827 1959 ἐαυτοῦ
2857 1904 3031 1973 ψυχῆς
3066 1902 3171 1973 πρὸ
3198 1901 3489 1971 ὀφθαλμῶν

1835 1997 1925 2067 ἐχε
1975 1996 2074 2068 τὴν
2126 1995 2418 2067 ἁμαρτίαν.
2469 1995 2533 2048 Ἠ
2579 1993 2686 2063 γὰρ
2739 1992 2925 2061 μνήμη
2967 1990 3074 2041 τῶν
3114 1988 3489 2059 προλαϐόντων

1832 2082 2003 2153 ἐποχή
2038 2083 2245 2151 γίνεται
2271 2081 2379 2133 τῶν
2413 2079 2708 2151 μελλόντων
2728 2094 2742 2107 ·
2775 2078 2866 2129 καὶ
2891 2078 2919 2128 6
2949 2076 3040 2127 ἐπὶ
3070 2077 3179 2136 τοῖς
3206 2073 3488 2144 προτέροις

1832 2158 2176 2239 δακνόμενος,
2205 2167 2334 2236 περὶ
2364 2167 2433 2219 τὰ
2460 2165 2686 2233 δεύτερα
2709 2162 3112 2231 ἀσφαλεστέραν
3142 2161 3239 2232 τὴν
3264 2160 3488 2231 γνώμην

1831 2255 2088 2309 δείκνυσι.
2133 2253 2232 2308 Διὰ
2258 2254 2416 2306 τοῦτο
2446 2252 2539 2305 καὶ
2576 2252 2603 2303 6
2636 2249 2824 2303 Δαυΐδ·
2856 2249 2964 2301 Καὶ
2993 2250 3030 2315 ἠ
3064 2249 3315 2316 ἁμαρτία
3342 2265 3483 2315 μου,

1833 2345 2013 2413 φησὶν,
2047 2343 2303 2395 ἐνώπιόν
2326 2342 2443 2409 μού
2471 2339 2601 2392 ἐστι
2625 2337 2721 2390 διὰ
2748 2337 2973 2401 παντός
2993 2356 3006 2369 ·
3036 2337 3121 2387 ἵνα
3151 2336 3255 2406 πρὸ
3284 2335 3484 2403 ὀφθαλ-

1836 2431 1949 2501 μῶν
1984 2430 2119 2499 ἔχων
2146 2429 2212 2481 τὰ
2242 2426 2595 2498 προλαϐόντα,
2625 2423 2699 2494 μὴ
2737 2423 3008 2494 περιπέσῃ
3037 2425 3147 2485 τοῖς
3182 2421 3481 2491 μέλλουσιν.

1831 2519 1953 2572 Ὅτι
1981 2518 2037 2570 δὲ
2085 2516 2285 2586 ταύτην
2317 2515 2445 2583 παρ’
2480 2510 2634 2583 ἡμῶν
2668 2513 2697 2564 6
2741 2510 2872 2572 Θεὸς
2915 2511 3136 2561 ἀπαιτεῖ
3180 2508 3278 2577 τὴν
3318 2509 3484 2562 κατά-

1830 2621 2036 2667 στασιν,
2055 2604 2282 2657 ἄκουσον
2302 2599 2463 2652 αὐτοῦ
2484 2600 2729 2667 λέγοντος
2751 2614 2765 2627 ·
2798 2595 2942 2665 Ἐγώ
2967 2598 3081 2664 εἰμι
3101 2599 3132 2648 ὀ
3152 2594 3483 2664 ἐξαλείφων

1826 2690 1933 2756 τὰς
1974 2689 2259 2758 ἁμαρτίας
2285 2703 2423 2746 σου.
2464 2685 2561 2738 καὶ
2599 2687 2668 2737 οὐ
2699 2683 2785 2753 μὴ
2812 2681 3271 2751 μνησθήσομαι·
3305 2680 3385 2734 σὺ
3414 2679 3483 2734 δὲ

1822 2776 2159 2846 μνήσθητι,
2204 2772 2305 2826 καί
2357 2770 2677 2840 κριθῶμεν,
2725 2769 2887 2839 λέγει
2939 2770 3183 2835 Κύριος·
3227 2768 3367 2837 λέγε
3399 2768 3480 2821 σὺ

1827 2862 2064 2930 πρῶτον
2094 2862 2198 2925 τὰς
2233 2860 2521 2928 ἁμαρτίας
2552 2869 2691 2919 σου,
2713 2858 2813 2910 ἵνα
2843 2854 3178 2923 δικαιωθῇς.
3209 2856 3320 2908 Οὐκ
3351 2857 3483 2908 ἀνα-

1829 2952 1978 3022 μένει
2006 2952 2033 3002 6
2061 2949 2192 3011 Θεὸς
2231 2948 2418 3018 χρόνον
2450 2947 2540 2998 τὸν
2570 2944 2676 2998 ἀπὸ
2707 2945 2804 3013 τῆς
2839 2942 3121 3014 μετανοίας
3144 2960 3158 2972 ·
3197 2939 3346 3005 εἶπες
3381 2944 3479 3015 τὴν

1823 3036 2096 3108 ἁμαρτίαν
2147 3052 2260 3096 σου,
2306 3031 2658 3101 ἐδικαιώθης·
2708 3030 3054 3101 μετενόησας,
3095 3030 3349 3099 ἠλεήθης.
3403 3031 3474 3082 Οὐ

1825 3128 2013 3199 χρόνος
2038 3124 2400 3191 ἀπολογεῖται,
2426 3120 2540 3174 ἀλλ’
2570 3122 2598 3172 6
2625 3119 2822 3190 τρόπος
2846 3118 2936 3171 τοῦ
2968 3117 3350 3189 μετανοοῦντος
3379 3118 3479 3189 τὴν

1825 3213 2096 3285 ἁμαρτίαν
2125 3211 2435 3263 σϐέννυσιν·
2468 3206 2710 3259 ἐστικαὶ
2751 3205 2923 3275 χρόνῳ
2967 3205 3144 3274 πολλῷ
3178 3204 3477 3275 παρεδρεύ-

1826 3317 1994 3356 σαντα
2026 3300 2098 3370 μὴ
2148 3299 2328 3367 τυχεῖν
2367 3294 2636 3365 σωτηρίας
2658 3331 2672 3355 ,
2705 3293 2796 3344 καὶ
2835 3295 2891 3345 ἐν
2929 3292 3090 3362 ὀλίγῳ
3123 3292 3298 3362 χρόνῳ
3341 3308 3475 3361 γνη-

1825 3389 1953 3451 σίως
1983 3385 2011 3426 (ι
2048 3383 2583 3455 ἐξομολογησάμενον
2627 3377 2995 3431 ἀποδύσασθαι
3032 3376 3128 3446 τήν
3179 3376 3473 3447 ἁμαρτίαν,

1822 3476 1992 3530 Πολὺν
2017 3473 2259 3527 ἀνάλωσε
2301 3469 2490 3539 χρόνον
2516 3468 2544 3519 6
2577 3466 2843 3537 μακάριος
2869 3463 3115 3534 Σαμουὴλ
3142 3462 3305 3528 ἀξιῶν
3347 3465 3476 3534 περὶ

1821 3561 1915 3615 τοῦ
1944 3559 2136 3621 Σαοὺλ,
2161 3559 2254 3611 καὶ
2282 3555 2480 3619 πολλὰς
2504 3553 2657 3626 [552]
2687 3552 2884 3614 νύκτας
2907 3551 3151 3622 διήνυσεν
3184 3550 3475 3620 ἀγρυπνῶν

1820 3655 1949 3720 περὶ
1995 3646 2095 3716 τῆς
2145 3643 2240 3698 τοῦ
2280 3644 2695 3714 ἁμαρτήσαντος
2736 3637 3038 3709 σωτηρίας·
3067 3639 3095 3690 6
3137 3636 3193 3689 δὲ
3221 3636 3353 3699 Θεὸς
3384 3635 3475 3689 τὸν

1820 3735 2009 3806 χρόνον
2059 3730 2554 3802 παραπεμπόμενος
2582 3729 2674 3796 (οὐ
2720 3726 2824 3796 γὰρ
2859 3724 3153 3794 συνέδραμε
3201 3725 3264 3793 τῇ
3300 3723 3476 3794 ἱκεσίᾳ

1820 3821 1912 3874 τοῦ
1936 3820 2212 3890 προφήτου
2236 3819 2269 3886 ή
2298 3816 2554 3887 μετάνοια
2577 3813 2672 3867 τοῦ
2695 3813 3147 3883 ἁμαρτήσαντος),
3167 3808 3311 3876 λέγει
3340 3808 3475 3877 πρὸς

1818 3909 1908 3961 τὸν
1946 3904 2136 3960 ἑαυτοῦ
2174 3905 2491 3975 προφήτην·
2549 3902 2696 3966 Ἕως
2743 3900 2887 3951 πότε
2938 3896 3019 3950 σὺ
3068 3896 3307 3958 πενθεῖς
3343 3896 3473 3962 περὶ

1817 3996 2039 4056 Σαοὺλ,
2087 3990 2248 4060 κάγὼ
2291 3989 2571 4057 ἀπῶσμαι
2611 3988 2834 4050 αὐτόν;
2878 3984 2951 4036 Τὸ
2980 3984 3132 4047 Ἕως
3187 3984 3349 4045 πότε,
3382 3982 3473 4034 τὸν

1818 4082 2008 4151 χρόνον
2040 4078 2311 4138 δείκνυσι,
2343 4077 2436 4128 καὶ
2466 4076 2563 4145 τὴν
2614 4070 2933 4144 παραμονὴν
2963 4068 3054 4122 τοῦ
3103 4067 3456 4130 ἱκετεύοντος’

1817 4168 1912 4220 καὶ
1963 4163 2325 4234 ἀπεπέμψατο
2377 4163 2405 4214 6
2462 4160 2592 4223 Θεὸς
2633 4160 2722 4211 τὸν
2768 4158 2954 4228 χρόνον
2987 4155 3086 4223 τῆς
3129 4155 3334 4215 ἱκεσίας
3374 4151 3469 4206 τοῦ

1817 4255 2129 4327 προφήτου·
2152 4232 2229 4305 -οὑ
2267 4252 2377 4321 γὰρ
2413 4248 2709 4318 συνέδραμε
2737 4247 2804 4315 τῇ
2838 4241 3099 4314 πρεσϐείᾳ⁴
3120 4232 3224 4294 ίτοῦ
3262 4240 3469 4293 δικαίου

1817 4344 1850 4412 ή
1889 4342 2143 4412 μετάνοια
2184 4337 2276 4391 τοῦ
2326 4335 2605 4407 βασιλέως.
2651 4331 2740 4402 Τῷ
2773 4331 2828 4384 δέ
2870 4346 2933 4398 γε
2983 4328 3234 4399 μακαρίῳ
3275 4326 3466 4390 Δαυῖδ,

1822 4431 2101 4501 δεξαμένῳ
2124 4428 2213 4481 τὸν
2241 4426 2457 4494 ἔλεγχον
2491 4424 2587 4493 τῆς
2625 4420 2895 4491 ἁμαρτίας
2935 4419 3022 4470 διὰ
3054 4416 3146 4469 τοῦ
3171 4416 3323 4482 ἁγίου
3354 4416 3468 4467 Να-

1821 4520 1918 4572 θᾶν
1949 4517 2042 4571 τοῦ
2081 4516 2381 4586 προφήτου,
2407 4512 2501 4565 καὶ
2541 4508 2741 4571 εὐθέως
2770 4506 2906 4577 πρὸς
2932 4507 3030 4576 τὴν
3080 4503 3306 4573 ἀπειλὴν
3350 4504 3469 4554 ἐπι-

1817 4604 2118 4675 δειξαμένῳ
2142 4603 2239 4674 τὴν
2268 4599 2494 4669 γνησίαν
2517 4595 2866 4666 ἐπιστροφὴν,
2888 4594 2982 4646 καὶ
3004 4592 3227 4654 εἰπόντι,
3256 4590 3468 4658 ’Ήμαρ-

1818 4711 1921 4747 τον
1944 4692 2023 4757 τῷ
2045 4691 2257 4756 Κιφίῳ,
2287 4686 2487 4748 εὐθέως
2516 4685 2663 4754 ῥῆμα
2686 4683 2741 4734 ἓν
2764 4684 2820 4736 ἐν
2857 4683 2954 4751 μιᾷ
2984 4681 3121 4751 ῥοπῇ
3151 4677 3468 4749 προενεχθὲν

1815 4780 2052 4851 γνησίως
2090 4777 2382 4845 ὁλόκληρον
2409 4775 2602 4844 ἤνεγκε
2630 4771 2706 4840 τῷ
2750 4770 3136 4840 μετανοήσαντι
3166 4765 3263 4836 τὴν
3294 4781 3470 4834 σωτη-

1819 4869 1939 4940 ρίαν
1960 4884 1973 4897 ·
2014 4867 2174 4928 εὐθὺς
2215 4864 2323 4932 γὰρ
2363 4865 2394 4931 ή
2424 4859 2705 4930 διόρθωσις
2756 4856 3019 4910 κατέλαϐε
3050 4855 3147 4925 τὴν
3178 4853 3463 4922 ἀπόφασιν.

1812 4939 1951 5024 Φησὶ
1987 4953 2117 5021 γοῦν
2164 4951 2297 5021 πρὸς
2328 4949 2485 5001 αὐτὸν
2512 4949 2539 4999 6
2571 4946 2756 4999 Ναοᾶν
2776 4960 2789 4972 ·
2822 4944 2930 4998 Καὶ
2968 4944 3180 5010 Κύριος
3214 4939 3409 5009 ἀφῆκε
3440 4947 3465 4978 ο

1813 5042 1927 5110 τὴν
1957 5039 2249 5108 ἁμαρτίαν
2272 5051 2409 5089 σου.

1887 5142 2029 5210 Ὅρα
2055 5139 2110 5191 δέ
2144 5154 2231 5207 μοι
2259 5136 2346 5189 τὸν
2377 5134 2506 5187 Θεὸν
2537 5132 2732 5204 βραδὺν
2762 5132 2839 5195 εἱς
2867 5128 3153 5201 τιμωρίαν,
3181 5129 3272 5181 καὶ
3298 5125 3466 5195 ταχὺν

1812 5232 1890 5291 είς
1951 5225 2254 5297 σωτηρίαν·
2319 5223 2411 5275 καί
2463 5239 2551 5292 μοι
2600 5222 2812 5291 πρῶτον
2851 5220 3135 5289 ἐννόησον,
3184 5217 3329 5277 ὅπως
3377 5211 3466 5266 τὸν

1812 5316 2028 5384 ἔλεγχον
2058 5317 2085 5367 6
2119 5311 2494 5381 φιλάνθρωπος
2530 5308 2669 5381 μετά
2721 5309 2945 5368 πολλοὺς
2994 5306 3308 5374 προσήγαγε
3340 5299 3469 5371 χρό-

1812 5420 1954 5465 νους.
1971 5402 2258 5471 ’Ἢμαρτεν
2281 5402 2308 5451 ὁ
2341 5398 2503 5450 Δαυϊδ
2522 5411 2536 5424 ’
2562 5395 2923 5465 ἐκυοφόρησεν
2954 5390 3158 5461 ήγυνὴ,
3182 5388 3276 5441 καὶ
3294 5387 3468 5451 οὐδεὶς

1812 5490 2031 5558 ἐλεγχος
2088 5491 2155 5558 τῇ
2207 5487 2450 5556 ἁμαρτίᾳ
2496 5480 3009 5554 παρηκολούθησεν,
3050 5476 3183 5529 ἀλλὰ
3235 5473 3370 5545 μετά
3407 5473 3469 5527 τὸ

1819 5576 2172 5647 ἁποτεχθῆναι
2204 5574 2263 5628 τὸ
2308 5573 2504 5644 βρέφος
2535 5571 2596 5623 τὸ
2636 5573 2700 5620 ἐκ
2729 5568 2828 5634 τῆς
2874 5564 3176 5635 ἁμαρτίας,
3210 5560 3470 5616 ἀποστέλ-
3527 5618 3532 5623 ,

1815 5665 1966 5717 λεται
1996 5666 2024 5717 ὀ
2076 5662 2255 5732 ἰατρὸς
2298 5660 2399 5726 τ’ής
2430 5656 2721 5728 ἁμαρτίας,
2749 5653 2845 5706 Διά
2889 5652 2941 5704 τὶ
2978 5651 3036 5705 δὲ
3083 5650 3470 5723 ἁμαρτήσαντα

1885 5755 1906 5782 (⁵
1934 5749 2081 5800 Savil.
2107 5755 2159 5796 et
2179 5760 2304 5795 unus
2327 5748 2447 5804 Reg.
2474 5741 2712 5802 νοθεύσῃς.

1880 5812 1905 5849 τι
1934 5812 2070 5860 L'uus
2091 5811 2209 5869 Reg.
2236 5809 2316 5854 καὶ
2352 5801 2699 5869 év'a‘nﬁpéagéoﬁ;
2722 5801 2923 5863 γνησίως

1885 5878 1907 5905 ⁸
1932 5874 2054 5935 Heg.
2084 5866 2210 5919 umis
2227 5869 2396 5930 Κύριος
2414 5866 2719 5928 παρεϐίΰασε.
