3862 6232
96 290 265 350 ‘5"29

91 401 484 467 primordiis
534 409 854 459 excaecatum
915 395 1247 469 peccantium
1315 394 1582 457 animam,
1632 392 1755 461 quia

94 494 439 552 iibturatte
465 504 615 549 erant
635 508 790 547 aures
822 505 1030 555 eorum,
1058 503 1178 543 cum
1219 487 1271 542 in
1292 484 1607 554 profundum
1635 496 1759 552 pec-

88 588 251 640 cati
345 586 577 643 demersi
628 592 828 639 essent.
887 580 1072 636 Dill‘ert
1134 594 1261 648 ergo
1315 575 1538 631 tumenti
1599 574 1760 628 animi

116 679 369 737 Morbo
392 677 644 731 auxilium
673 675 981 740 admovere,
1008 679 1235 742 postque
1259 676 1474 723 tantum
1502 664 1760 735 temporis

115 770 357 840 prodit
398 768 698 834 correctio;
725 775 883 835 atque
929 765 981 817 in
1038 778 1146 816 uno
1190 760 1447 831 temporis
1486 765 1760 812 momen-to

100 861 486 932 paenitentia
533 866 590 912 et
635 855 900 911 remissio.
934 853 998 907 Et
1049 851 1294 906 Dominus
1351 848 1540 903 dimisit
1586 862 1761 915 pecta-

117 961 260 1004 tum
320 960 489 1004 ruunt.
527 946 572 1003 0
611 944 1061 1017 dispensationem
1109 937 1515 996 comminantis!
1570 933 1760 992 Viden’

116 1040 305 1109 quod
370 1040 530 1095 velox
584 1037 653 1093 sit
697 1035 763 1091 ad
826 1032 1091 1089 salutem?
1151 1030 1207 1086 Id
1260 1040 1311 1085 et
1362 1031 1414 1083 in
1469 1027 1587 1084 aliis
1635 1024 1762 1081 facit

120 1131 393 1187 tardam
419 1129 633 1200 quidem
679 1126 747 1181 ad
789 1120 1325 1186 destructionem,ad
1373 1118 1759 1189 protectionem

118 1237 292 1278 vero
345 1236 657 1292 properans.
685 1217 927 1289 Exempli
968 1231 1161 1282 causa,
1193 1213 1332 1283 apud
1376 1226 1475 1266 nos
1515 1208 1760 1265 homines

123 1313 343 1368 multo
364 1320 605 1382 tempore
630 1310 852 1365 aedilicia
896 1315 1297 1372 construuntur,
1320 1303 1593 1373 multoque
1621 1311 1760 1356 tem-

130 1420 299 1474 pore
325 1404 546 1459 domum
575 1402 901 1457 tediticamus
929 1418 942 1454 :
965 1408 1123 1469 atque
1141 1399 1303 1468 ipsius
1324 1403 1601 1452 structurae
1619 1393 1760 1447 mul-

132 1506 268 1551 tum
292 1504 389 1551 est
408 1494 684 1563 temporis,
706 1507 895 1563 parum
917 1505 1043 1544 vero
1054 1487 1447 1544 destructionis.
1470 1486 1524 1540 In
1542 1486 1651 1540 Deo
1666 1499 1761 1537 au-

132 1596 266 1640 tem
300 1585 638 1640 contrarium
661 1582 851 1637 accidit
884 1598 899 1635 :
925 1594 1046 1635 cum
1063 1577 1308 1640 mditicat,
1324 1576 1580 1629 velociter
1600 1573 1761 1628 aedili-

131 1687 239 1735 cat
265 1696 284 1733 :
323 1695 448 1734 cum
475 1677 718 1741 destruit,
742 1673 888 1728 tarde
915 1668 1347 1726 destruit.Veon
1369 1667 1507 1721 Deus
1525 1676 1755 1730 struens,

134 1772 362 1827 tardus
380 1772 600 1827 diruens
618 1786 632 1820 :
651 1767 774 1838 quia
803 1765 914 1819 Deo
934 1763 1049 1817 hanc
1064 1761 1223 1815 ambo
1236 1758 1558 1814 conveniunt
1588 1775 1600 1810 :
1632 1755 1757 1811 illud

134 1866 312 1920 enim
352 1864 603 1934 potentiae
637 1871 739 1927 est,
763 1859 864 1914 hoc
896 1855 1181 1913 bonitatis:
1216 1853 1469 1924 pmentiae
1493 1850 1759 1906 excellen-

140 1957 227 2011 tia
256 1956 450 2019 velox,
475 1951 839 2023 magnitudine
862 1947 1110 2003 bonitatis
1146 1945 1345 2000 tardus.
1373 1945 1758 2013 Argumentum

134 2046 462 2101 verborum
487 2052 571 2098 est
590 2058 653 2097 ex
662 2040 915 2112 perientia
933 2052 1133 2093 rerum.
1154 2036 1260 2091 Sex
1276 2034 1463 2089 diebus
1479 2033 1603 2087 fecit
1621 2032 1758 2086 Deus

143 2136 366 2190 calum
395 2142 450 2189 et
482 2143 704 2196 terram,
735 2129 1126 2201 magnitudines
1149 2127 1441 2187 montium,
1472 2122 1717 2193 planities
1739 2162 1755 2187 ,

140 2228 360 2293 valles,
388 2226 574 2289 saltus,
603 2224 799 2296 sylvas,
835 2223 1061 2292 plantas,
1094 2219 1285 2284 fontes,
1315 2216 1564 2280 ﬂumina,
1595 2228 1754 2284 para-

144 2320 373 2387 disum,
404 2317 667 2373 visibilem
699 2329 913 2369 omnem
936 2312 1247 2367 varietatem
1266 2351 1285 2377 ,
1317 2309 1418 2366 hoc
1463 2323 1613 2363 mare
1640 2323 1757 2363 ma-

142 2427 333 2478 gnum
380 2418 435 2464 et
478 2408 794 2479 spatiosum,
825 2405 1043 2469 insulas,
1070 2403 1363 2458 maritimas
1399 2402 1644 2471 regiones
1664 2442 1680 2465 ,
1703 2408 1759 2455 et

152 2501 641 2565 mediterraneas;
692 2513 907 2554 omnem
971 2496 1113 2550 hunc
1175 2494 1437 2550 visibilem
1500 2493 1757 2548 mundum

148 2596 398 2665 ejusque
425 2590 869 2664 pulchritudinem
891 2603 984 2643 sex
1005 2587 1194 2642 diebus
1220 2586 1343 2640 fecit
1361 2587 1498 2640 Deus
1518 2603 1533 2641 :
1554 2586 1758 2640 anima-

151 2686 227 2742 lia
249 2686 308 2740 in
331 2699 404 2739 eo
430 2682 727 2750 rationalia,
750 2691 804 2735 et
830 2677 1173 2741 irrationalia,
1191 2691 1529 2744 omnemque,
1552 2675 1641 2746 qui
1661 2675 1759 2731 sub

153 2787 448 2847 aspectum
474 2776 634 2842 cadit,
666 2784 912 2831 ornatum
952 2788 1046 2827 sex
1075 2772 1264 2828 diebus
1291 2770 1514 2840 perlicit.
1546 2769 1642 2823 Hic
1664 2768 1758 2839 igi-

157 2879 254 2925 tur
289 2879 404 2924 tam
431 2868 585 2923 velox
632 2868 688 2921 in
735 2864 1116 2929 construendo,
1158 2879 1278 2918 cum
1327 2862 1650 2916 deliberaret
1687 2860 1756 2916 de

159 2978 272 3017 una
317 2958 645 3017 destruenda
682 2958 833 3022 urbe,
879 2956 1060 3011 tardus
1097 2955 1167 3009 ob
1195 2956 1483 3009 bonitatem
1513 2963 1754 3022 repertus

158 3064 271 3108 est.
305 3052 440 3105 Vult
483 3049 848 3106 Jerichuntem
895 3047 1126 3112 diruere,
1156 3058 1210 3100 et
1246 3047 1322 3099 ait
1361 3044 1429 3098 ad
1467 3044 1755 3100 Israelem:

159 3145 396 3199 Circuite
423 3159 534 3197 eam
558 3152 745 3211 septem
774 3140 967 3203 diebus,
995 3150 1041 3193 et
1081 3140 1291 3208 septima
1316 3138 1397 3190 die
1416 3139 1561 3191 cadet
1583 3153 1758 3191 murus

162 3234 304 3307 (los.
341 3236 397 3289 ϐ.
421 3237 474 3290 5.
495 3233 574 3304 5).
609 3232 860 3287 Mundum
890 3232 1195 3286 universum
1218 3244 1311 3284 sex
1338 3227 1523 3282 condis
1545 3227 1753 3294 diebus,

164 3336 224 3380 et
259 3341 427 3380 unam
470 3324 656 3378 urbem
715 3332 919 3391 septem
964 3322 1153 3375 diebus
1200 3320 1404 3374 solvis?
1435 3318 1561 3389 quid
1611 3326 1754 3372 tuam

164 3416 401 3485 impedit
429 3413 759 3484 potentiam?
786 3428 883 3469 cur
910 3428 1028 3466 eam
1069 3418 1290 3480 repente
1335 3426 1440 3465 non
1486 3410 1757 3465 destruis?

165 3521 352 3560 annon
383 3506 451 3560 de
490 3514 543 3561 te
587 3505 783 3559 clamat
828 3502 1116 3571 propheta,
1152 3502 1355 3566 dicens,
1387 3501 1447 3555 Si
1500 3500 1757 3571 aperueris

164 3596 378 3661 cretum,
407 3606 594 3649 tremor
616 3612 649 3648 a
673 3605 721 3648 te
747 3602 937 3648 montes
955 3593 1237 3662 occupabit,
1266 3604 1312 3646 et
1334 3592 1602 3662 liquescant
1626 3591 1756 3644 sicut

166 3702 286 3742 cera
329 3703 366 3740 a
402 3687 533 3756 {acie
572 3686 704 3757 ignis
729 3684 879 3756 (Isui.
903 3686 992 3741 64.
1026 3686 1079 3739 1.
1110 3683 1212 3755 2)?
1240 3698 1416 3737 annon
1461 3681 1622 3735 David
1662 3697 1759 3750 po-

169 3780 360 3836 tentiae
409 3789 513 3833 tua:
558 3794 720 3848 opera
770 3791 992 3831 narrans
1039 3776 1134 3842 ait,
1164 3774 1286 3827 Non
1315 3773 1595 3827 timebimus
1635 3773 1755 3826 dum

172 3872 460 3926 turbabitur
485 3880 638 3935 terra,
671 3879 719 3922 et
760 3871 1125 3940 transferentur
1161 3876 1355 3919 montes
1379 3866 1433 3919 in
1475 3881 1562 3919 cor
1601 3865 1757 3918 maris

170 3962 348 4034 (Psat.
375 3964 463 4019 45.
488 3965 523 4017 5
547 3963 599 4032 )?
625 3962 832 4017 Montes
860 3960 1152 4015 transferre
1171 3969 1227 4015 et
1268 3960 1321 4013 in
1360 3973 1508 4013 mare
1535 3958 1755 4028 injicere

171 4064 350 4124 potes,
381 4065 542 4124 atque
577 4053 764 4107 urbem
800 4067 960 4106 unam
1001 4060 1381 4121 repugnantem
1418 4065 1523 4104 non
1551 4050 1632 4104 vis
1656 4051 1753 4104 de-

173 4154 415 4212 struere,
448 4145 543 4201 sed
599 4154 804 4215 septem
850 4144 967 4199 dies
1013 4143 1222 4198 excidio
1267 4141 1494 4196 tribuis?
1544 4141 1755 4211 quare?

175 4236 290 4292 Non
323 4237 578 4308 potentia,
604 4235 805 4304 inquit,
850 4234 1049 4300 delicit,
1096 4233 1191 4287 sed
1236 4232 1516 4287 clementia
1556 4232 1756 4287 diutius

177 4328 371 4384 tolerat
398 4346 411 4381 :
441 4329 511 4383 do
539 4336 743 4399 septem
771 4326 886 4381 dies
910 4367 925 4391 ,
956 4333 1015 4379 ut
1064 4325 1293 4379 triduum
1338 4325 1539 4379 Ninivae
1570 4340 1588 4380 :
1616 4325 1755 4380 forte

174 4419 395 4489 recipiet
423 4418 748 4490 poenitentia:
775 4416 1227 4487 praedicationem,
1259 4425 1313 4470 et
1350 4418 1572 4471 salutem
1626 4431 1755 4471 con-

176 4520 449 4579 sequetur.
478 4509 548 4563 Et
574 4510 692 4579 quis
718 4508 798 4562 eis
825 4508 1152 4577 poenitentiae
1182 4507 1536 4576 praedicator?
1562 4507 1754 4562 Hostes

177 4601 362 4657 urbem
418 4602 923 4670 circumsepserant,
951 4600 1059 4654 dux
1109 4599 1475 4654 circumdabat
1526 4614 1748 4654 muros:

178 4706 400 4763 magnus
452 4704 644 4758 terror,
673 4695 863 4761 ingens
905 4690 1161 4745 tumultus
1192 4705 1387 4760 :quam
1446 4704 1574 4759 ergo
1624 4690 1753 4759 ipsis

178 4786 502 4853 poenitentia:
528 4787 671 4839 viam
700 4782 1000 4854 aperuisti?
1022 4798 1148 4835 num
1177 4780 1490 4852 prophetam
1511 4781 1742 4835 misisti?

176 4888 302 4929 num
324 4873 746 4945 evangelistam?
771 4889 897 4927 num
926 4873 1046 4944 quis
1071 4879 1187 4927 erat
1216 4872 1351 4926 inter
1378 4887 1470 4926 eos
1490 4912 1505 4935 ,
1533 4872 1621 4941 qui
1647 4887 1708 4924 ea
1733 4912 1749 4938 ,

178 4979 293 5033 qua;
342 4965 520 5023 facere
573 4965 903 5028 conveniret,
949 4964 1293 5034 suggereret?
1335 4962 1528 5028 Etiam,
1559 4962 1748 5031 inquit,

182 5056 438 5112 habebant
465 5059 609 5112 intus
653 5057 977 5127 paenitentia:
1020 5055 1311 5118 doctorem,
1343 5054 1639 5108 mirabilem
1684 5053 1750 5107 il-

179 5147 279 5202 lam
304 5148 511 5217 Rahab,
534 5164 693 5220 quam
714 5163 810 5219 per
829 5148 1193 5217 penitentiam
1218 5146 1418 5200 salvam
1448 5145 1566 5200 feci.
1595 5144 1751 5215 Ejus-

183 5242 296 5298 dem
319 5253 439 5303 erat
461 5261 675 5312 massae,
707 5244 802 5300 sed
829 5244 951 5314 quia
973 5241 1212 5313 ejusdem
1240 5255 1345 5295 non
1377 5249 1492 5295 erat
1529 5248 1747 5295 senten-

188 5336 287 5404 tiae,
312 5356 417 5395 non
453 5337 868 5395 communicavit
895 5344 1133 5408 peccato,
1163 5349 1283 5405 qua:
1313 5348 1422 5388 non
1452 5333 1748 5388 communi-

190 5433 322 5486 cavit
347 5430 723 5488 incredulitati.

249 5523 300 5577 5.
339 5523 405 5578 Et
431 5523 551 5578 vide
574 5522 705 5577 mihi
736 5536 928 5576 novam
949 5519 1250 5577 clementiae
1279 5518 1743 5588 praedicationem:

186 5613 265 5671 (lui
313 5615 363 5667 in
410 5615 529 5684 lege
579 5614 737 5679 dicit,
771 5613 892 5668 Non
920 5612 1244 5668 mwcltaberis
1270 5609 1461 5681 (Exod.
1490 5610 1581 5667 20.
1615 5609 1705 5682 Η)
1727 5651 1743 5677 ,

184 5715 282 5757 non
332 5705 700 5777 tornicabcris,
734 5707 833 5764 hoc
871 5705 1093 5765 verbum
1144 5711 1361 5776 propter
1406 5702 1740 5761 clementiam

1304 275 1399 330 DE
1431 272 1900 330 ΡΟΕΝΙΤΕΝἸΊΑ.
1939 272 2170 330 1103111..
2210 273 2323 330 νη.

3335 281 3440 335 350

1866 398 2078 446 mutans
2103 389 2298 447 clamat
2342 403 2435 460 per
2472 387 2686 445 beatum
2732 388 2915 446 Jesum
2941 407 2957 446 :
2987 390 3167 447 Rahab
3204 397 3440 448 meretrix

1863 487 1994 538 vivat
2025 485 2159 557 (Jos.
2191 486 2245 541 6.
2286 484 2405 557 i7)!
2433 485 2589 541 Jesus
2639 485 2731 541 ille
2787 484 2925 539 Iilius
2962 486 3125 553 Nave,
3150 488 3238 557 qui
3288 488 3439 556 dicit,

1866 574 2111 630 Meretrix
2147 576 2298 643 uiuat,
2331 577 2502 646 imago
2549 585 2663 632 erat
2712 577 2918 631 Domini
2956 577 3100 642 Jesu,
3133 580 3221 649 qui
3267 580 3438 637 dicit:

1867 663 2153 719 Meretrices
2173 676 2219 718 et
2247 666 2500 735 publicani
2527 666 2807 737 prwcedent
2833 683 2918 722 uos
2942 669 2996 724 in
3024 685 3178 739 regno
3198 671 3439 725 oculorum

1863 754 2077 826 (Matth.
2100 756 2161 810 2i
2178 793 2190 807 .
2226 755 2339 826 5-1).
2372 755 2427 811 Si
2451 757 2631 812 vivere
2647 757 2825 824 debet,
2849 774 3012 828 quare
3037 761 3293 815 meretrix
3321 765 3442 816 est?

1864 849 1908 903 si
1937 850 2210 910 meretrix,
2239 866 2405 921 quare
2449 851 2630 905 vivat?
2659 852 2805 920 Dico,
2835 852 3025 922 inquit,
3054 855 3283 922 priorem
3328 866 3437 910 sta-

1865 947 1998 1005 ttun,
2022 954 2127 1009 quo
2172 952 2483 1010 sequentem
2534 941 2745 996 mireris
2794 945 3160 999 mutationem.
3202 946 3269 1000 Et
3313 947 3438 1017 quid

1860 1027 2013 1094 fecit,
2047 1032 2269 1102 inquies,
2301 1032 2489 1089 Raliab
2519 1035 2657 1104 quod
2701 1035 2767 1089 ad
2814 1037 3037 1090 salutem
3078 1038 3434 1094 conduceret?

1856 1124 2000 1194 quod
2027 1125 2394 1192 exploratores
2419 1141 2540 1180 cum
2579 1141 2707 1196 pace
2730 1131 3021 1197 susceperit
3044 1129 3066 1182 ξ’
3093 1129 3206 1184 Hoc
3241 1139 3294 1185 et
3336 1130 3437 1186 ho-

1861 1218 1997 1284 spita
2026 1216 2168 1270 facit.
2201 1218 2269 1271 At
2298 1232 2402 1271 non
2441 1232 2506 1272 ex
2543 1218 2662 1272 solo
2710 1232 2956 1274 sermone
2986 1221 3206 1275 salutem
3254 1236 3442 1277 conse-

1862 1310 2076 1377 quitur;
2104 1310 2196 1364 sed
2227 1310 2493 1391 prmcipue
2529 1327 2594 1364 ex
2634 1310 2738 1366 lide
2774 1322 2828 1365 et
2855 1311 3048 1367 all'ectu
3090 1330 3213 1383 erga
3252 1314 3439 1370 Deum.

1863 1404 2036 1471 Atque
2066 1411 2123 1456 ut
2149 1403 2323 1456 discas
2357 1403 2477 1458 fidei
2506 1405 2649 1457 illius
2674 1406 3113 1475 magnitudinem,
3145 1407 3266 1461 audi
3287 1424 3437 1462 eam-

1861 1493 1980 1547 dem
2010 1495 2176 1562 ipsam
2203 1493 2555 1563 Scripturam,
2582 1496 2696 1565 ejus
2736 1498 2989 1566 prmclara
3032 1510 3179 1567 gesm
3221 1515 3440 1554 narran-

1859 1592 1972 1638 tem
2000 1593 2158 1653 atque
2188 1594 2493 1640 testantem.
2526 1587 2656 1641 Erat
2681 1586 2734 1641 in
2761 1586 2966 1644 fornice
2985 1629 3001 1652 ,
3033 1604 3130 1643 ceu
3160 1592 3439 1660 margarita

1864 1674 1915 1728 in
1937 1690 2090 1729 emno
2113 1676 2382 1741 volutata,
2407 1692 2596 1731 aurum
2642 1678 2936 1749 projectum
2989 1680 3042 1734 in
3088 1681 3197 1736 luto
3222 1683 3428 1750 jacens,

1862 1763 1961 1819 llos
1988 1766 2199 1835 pietatis
2229 1768 2396 1837 spinis
2422 1769 2644 1822 obrutus
2664 1809 2680 1833 ,
2716 1770 2799 1837 pia
2839 1771 3015 1824 anima
3055 1770 3111 1825 in
3155 1773 3441 1841 impleta-tis

1862 1855 1983 1910 loco
2032 1857 2467 1914 concludebatur.
2496 1859 2727 1914 Mentem
2763 1860 2893 1915 mihi
2921 1861 3206 1931 diligenter
3228 1863 3438 1920 adhibe.

1861 1944 2087 2017 Excepit
2136 1948 2522 2017 exploratores,
2575 1959 2629 2004 et
2679 1966 2839 2019 quem
2886 1952 3118 2022 prodidit
3170 1953 3330 2009 Israel
3389 1956 3441 2010 in

1860 2036 2283 2106 deserto,hunc
2332 2040 2638 2110 praedicavit
2686 2041 2873 2097 Ilahab
2913 2044 2969 2098 in
3013 2044 3272 2116 lupanari.
3299 2046 3434 2113 Quid

1860 2144 2101 2184 memoro
2153 2130 2316 2186 Israel
2362 2132 2415 2185 iu
2466 2132 2723 2188 deserto?
2750 2134 2881 2189 Cum
2927 2152 3083 2191 mons
3140 2138 3445 2209 replebatur

1858 2222 2004 2276 nube
2044 2228 2100 2276 et
2148 2222 2392 2292 caligine,
2417 2225 2576 2289 tubis,
2602 2225 2891 2296 fulguribus
2918 2269 2934 2294 ,
2963 2228 3187 2300 aliisque
3234 2233 3444 2287 terribi-

1860 2310 2021 2380 libus,
2052 2311 2254 2367 audivit
2279 2329 2308 2367 a
2349 2314 2458 2368 Deo
2501 2313 2569 2369 de
2613 2316 2791 2370 medio
2841 2317 2977 2388 ignis
3010 2336 3023 2372 :
3064 2320 3200 2374 Audi
3228 2320 3443 2377 Israel:

1860 2401 2112 2458 Dominus
2160 2404 2294 2459 Deus
2349 2415 2484 2472 tuus,
2512 2406 2760 2463 Dominus
2804 2426 2936 2464 unus
2982 2421 3052 2465 est
3078 2411 3255 2485 (Deut.
3285 2414 3337 2469 6.
3361 2413 3442 2485 4).

1863 2494 1985 2549 Non
2011 2506 2155 2550 erunt
2181 2496 2270 2550 tibi
2303 2497 2376 2550 dii
2399 2498 2488 2551 alii
2517 2498 2708 2571 (Exod.
2726 2500 2815 2555 20.
2840 2502 2921 2569 4).
2954 2501 3062 2574 Ego
3088 2505 3142 2557 in
3167 2506 3289 2559 caelo
3326 2522 3442 2560 sur-

1860 2603 1972 2641 sum
1995 2587 2120 2640 etin
2151 2597 2286 2641 terra
2310 2587 2564 2653 deorsum,
2586 2600 2634 2645 et
2678 2602 2859 2660 praeter
2912 2609 2990 2646 me
3035 2610 3134 2646 non
3185 2605 3256 2648 est
3304 2595 3445 2651 Deus

1867 2676 2040 2749 (Deut.
2077 2679 2132 2732 4.
2162 2678 2274 2749 59).
2307 2680 2431 2735 llmc
2463 2681 2686 2736 audiens
2713 2681 2875 2738 Israel
2904 2684 3123 2738 vitulum
3166 2685 3441 2752 conﬂavit.

1863 2770 2134 2839 Deumque
2159 2771 2466 2841 reprobavit
2494 2790 2508 2827 :
2533 2773 2795 2842 ignoravit
2815 2774 3115 2840 Dominum,
3143 2778 3443 2847 repudiavit

1863 2860 2277 2927 benefactorem,
2306 2872 2358 2918 et
2378 2862 2507 2919 dicit
2534 2866 2731 2919 Aaroni
2753 2884 2768 2921 :
2791 2864 2902 2918 Fac
2923 2867 3063 2921 nobis
3091 2867 3226 2922 Deos
3248 2868 3439 2942 (Exod.

1860 2950 2046 3022 32.1).
2065 2952 2122 3007 Si
2142 2953 2235 3018 dii,
2258 2970 2422 3024 quare
2444 2954 2599 3021 dicis,
2628 2957 2751 3029 fac?
2777 2960 3046 3028 quomodo
3071 2960 3165 3028 dii,
3197 2961 3243 3018 si
3275 2965 3444 3018 ﬁant?

1860 3043 1949 3099 Sic
1968 3045 2163 3099 malitia
2194 3056 2483 3115 exca'cata,
2512 3062 2692 3103 secum
2721 3051 2835 3119 ipsa
2861 3060 3078 3121 pugnat,
3102 3055 3441 3124 semetipsam

1861 3137 2107 3192 destruit.
2132 3137 2282 3193 Unus
2315 3137 2487 3194 factus
2511 3148 2596 3195 est
2632 3142 2850 3209 vitulus,
2877 3154 2933 3199 et
2975 3145 3170 3201 clamat
3208 3148 3444 3218 ingratus

1861 3227 2023 3283 Israel
2055 3245 2070 3281 :
2107 3226 2177 3281 Ili
2215 3228 2288 3282 dii
2333 3231 2426 3293 tui,
2452 3228 2651 3298 Israel,
2673 3232 2759 3302 qui
2804 3234 3081 3289 eduxerunt
3124 3246 3171 3290 te
3208 3238 3270 3292 de
3311 3249 3443 3295 terra

1860 3318 2295 3390 lEgyptHExod.
2344 3321 2432 3375 52.
2454 3322 2531 3392 4).
2563 3321 2634 3375 Hi
2671 3324 2788 3377 dii:
2817 3341 2976 3379 unum
3017 3327 3158 3383 videt
3198 3330 3440 3397 vitulum,

1862 3426 2025 3465 unum
2047 3411 2241 3466 factum
2269 3412 2510 3479 idolum;
2541 3429 2636 3468 cur
2654 3429 2782 3485 ergo
2809 3417 2862 3470 hi
2893 3418 3009 3472 dii?
3046 3418 3113 3474 Ut
3139 3422 3443 3477 ostenderet

1859 3514 1918 3555 se
1948 3517 2052 3555 non
2082 3503 2244 3556 modo
2273 3504 2322 3557 id
2353 3503 2494 3573 quod
2519 3503 2733 3559 videbat
2749 3506 2996 3573 adorare,
3024 3509 3117 3564 sed
3140 3520 3192 3565 et
3218 3510 3442 3567 deorum

1862 3592 2219 3660 pluralitatem
2253 3593 2560 3666 contingere
2587 3615 2601 3652 :
2629 3600 2949 3654 sententiam
2981 3614 3132 3654 suam
3174 3601 3440 3671 interpre-

1862 3691 2023 3749 tatur,
2053 3701 2161 3739 non
2199 3696 2375 3741 autem
2428 3688 2479 3742 id
2509 3688 2649 3758 quod
2677 3690 2888 3745 videtur
2905 3689 3126 3760 judicat.
3160 3690 3230 3747 Ut
3263 3704 3440 3748 autem

1860 3775 1927 3829 ad
1958 3776 2289 3846 prepositum
2336 3786 2689 3846 revertamur,
2727 3796 2847 3850 quae
2895 3780 3094 3836 audivit
3134 3781 3332 3849 Israel,
3364 3792 3442 3838 tot

1859 3869 2244 3938 circumseptus
2297 3874 2591 3940 portentis,
2619 3881 2673 3927 et
2727 3881 2869 3927 tanta
2912 3873 3147 3928 imbutus
3194 3874 3346 3944 lege,
3389 3884 3443 3930 et

1862 3970 2041 4015 tamen
2067 3961 2294 4030 negavit,
2329 3961 2444 4015 hrec
2463 3962 2649 4017 Rahab
2676 3963 2729 4017 in
2756 3963 2998 4034 lupanari
3026 3964 3227 4018 inclusa
3251 3965 3441 4033 praedi-

1860 4060 1945 4103 cat
1977 4069 1991 4106 ε
2023 4050 2154 4105 dicit
2181 4050 2321 4105 enim
2343 4052 2772 4121 exploratoribus
2795 4094 2810 4117 ,
2834 4051 3084 4107 Nouimus
3109 4065 3297 4123 quanta
3317 4055 3436 4125 fecit

1860 4139 1998 4194 Deus
2043 4151 2201 4195 uester
2251 4140 2515 4213 ﬂgyptiis
2544 4142 2678 4212 (Jos.
2709 4144 2763 4197 2.
2791 4143 2868 4214 9).
2896 4143 3111 4199 Judmus
3152 4145 3318 4212 dicit,
3367 4145 3439 4199 lli

1857 4239 1974 4283 sunt
2012 4231 2083 4283 dii
2125 4231 2218 4298 tui,
2246 4233 2331 4298 qui
2371 4233 2651 4285 eduxerunt
2692 4243 2738 4286 te
2764 4232 2825 4285 de
2852 4243 2985 4286 terra
3006 4232 3223 4305 A'Igypti
3244 4233 3440 4303 (Exod.

1859 4322 1948 4377 52.
1973 4325 2027 4394 4)
2052 4340 2067 4389 ;
2095 4332 2151 4379 et
2176 4328 2431 4379 meretrix
2459 4340 2564 4379 non
2589 4324 2710 4390 diis,
2736 4324 2826 4380 sed
2851 4323 2963 4380 Deo
2988 4326 3214 4381 salutem
3241 4327 3441 4381 adscri-

1861 4415 1935 4469 bit
1961 4433 1974 4468 :
2007 4416 2252 4470 Nouimus
2272 4426 2459 4487 quanta
2486 4415 2628 4470 Deus
2653 4426 2810 4470 vester
2830 4417 2945 4485 fecit
2972 4416 3236 4488 {Egyptiis
3264 4419 3316 4472 in
3344 4419 3436 4472 de-

1859 4517 1991 4561 serto
2016 4549 2033 4573 ,
2064 4518 2109 4562 et
2140 4510 2422 4561 audiuimus
2441 4549 2457 4575 ,
2491 4518 2537 4561 et
2581 4510 2904 4579 liquefactum
2951 4520 3023 4563 est
3045 4505 3143 4563 ἐοι-
3185 4520 3434 4576 nostrum,

1860 4607 1906 4652 et
1950 4599 2189 4667 fortitudo
2237 4616 2336 4652 non
2382 4609 2453 4652 est
2505 4602 2557 4650 in
2588 4599 2748 4653 nobis.
2790 4598 3039 4652 Nouimus
3087 4609 3275 4670 quanta
3324 4602 3441 4672 fecit

1861 4689 1997 4744 Deus
2018 4701 2192 4744 uester.
2226 4689 2386 4744 Vides
2428 4690 2694 4759 quomodo
2741 4691 2930 4760 recipit
2968 4691 3289 4760 legislatoris
3319 4708 3441 4747 ver-

1860 4779 1985 4833 bum
2042 4791 2142 4849 per‘
2172 4779 2372 4834 ﬁdem?
2402 4777 2469 4833 Et
2510 4781 2624 4833 novi
2660 4781 2795 4851 quod
2843 4780 2978 4835 Deus
3008 4791 3167 4836 uester
3211 4784 3266 4837 in
3317 4784 3440 4838 cwlo

1860 4888 2097 4937 sursum,
2126 4882 2170 4924 et
2194 4873 2248 4925 in
2287 4880 2420 4925 terra
2456 4871 2691 4926 deorsum
2723 4882 2812 4927 :et
2841 4883 3023 4943 praeter
3072 4891 3186 4929 eum
3229 4892 3333 4930 non
3370 4884 3440 4930 est

1862 4963 2021 5018 Deus.

1933 5055 2113 5110 lia/tab
2144 5054 2385 5111 Ecclesia:
2423 5057 2611 5128 ﬁgura.
2633 5088 2705 5100 —
2729 5057 2913 5113 Rabab
2933 5068 3014 5115 est
3050 5062 3214 5130 ﬁgura
3250 5059 3439 5115 Eccle-

1861 5146 1955 5200 sia:
1984 5147 2035 5201 in
2084 5146 2434 5203 fornicatione
2476 5148 2777 5203 daemonum
2817 5149 2944 5203 olim
2981 5150 3265 5216 volutatus,
3299 5164 3439 5204 nunc

1860 5253 1992 5293 vero
2041 5237 2235 5292 Christi
2288 5238 2651 5309 exploratures
2696 5240 3060 5310 suscipientis,
3085 5255 3193 5294 non
3232 5255 3261 5291 a
3310 5239 3437 5293 Jesu

1853 5331 1999 5388 Nave
2023 5331 2155 5398 lilio,
2182 5331 2275 5387 sed
2302 5346 2332 5385 a
2361 5331 2486 5387 Jesu
2514 5347 2643 5387 vero
2672 5334 2962 5388 Servatore
2991 5332 3184 5385 missos
3209 5341 3429 5397 aposto-

1854 5424 1957 5479 los.
1981 5423 2134 5491 Noui,
2166 5424 2371 5494 inquit,
2400 5424 2535 5495 quod
2567 5423 2700 5478 Deus
2720 5434 2878 5478 uester
2900 5424 2954 5477 in
2982 5422 3106 5476 uelo
3134 5438 3366 5488 sursum,
3387 5439 3429 5476 et

1853 5516 1909 5569 in
1956 5526 2088 5569 terra
2113 5516 2346 5570 deorsum
2380 5532 2399 5570 :
2425 5526 2471 5569 et
2501 5525 2683 5587 praeter
2709 5530 2821 5568 eum
2864 5530 2965 5567 non
3014 5521 3087 5566 est
3129 5510 3269 5566 Deus
3298 5511 3435 5582 (Jos.

1853 5605 1910 5662 2.
1945 5607 2055 5681 11).
2091 5607 2215 5662 Ilrcc
2238 5615 2561 5676 acceperunt
2588 5604 2778 5663 Judaei.
2811 5614 2866 5660 et
2904 5619 3009 5659 non
3033 5605 3433 5659 custodierunt:

1858 5699 1974 5756 haec
2030 5698 2229 5754 audivit
2266 5696 2545 5764 Ecclesia,
2598 5707 2653 5751 et
2698 5696 3017 5752 observavit.
3068 5696 3230 5772 Digna
3282 5697 3430 5767 igitur
