  <div class='ocr_page' id='page_1' title='image "/cluster/home/n/w/nwhite01/storage/ocr_20150623/49/mdp.39015028539461/331.png"; bbox 0 0 3906 6224; ppageno 0'>
   <div class='ocr_carea' id='block_1_1' title="bbox 442 300 539 355">
    <p class='ocr_par' dir='ltr' id='par_1_1' title="bbox 442 300 539 355">
     <span class='ocr_line' id='line_1_1' title="bbox 442 300 539 355; baseline -0.01 0"><span class='ocrx_word' id='word_1_1' title='bbox 442 300 539 355; x_wconf 75' lang='grc'><strong>351</strong></span> 
     </span>
    </p>
   </div>
   <div class='ocr_carea' id='block_1_2' title="bbox 438 403 2019 477">
    <p class='ocr_par' dir='ltr' id='par_1_2' title="bbox 438 403 2019 477">
     <span class='ocr_line' id='line_1_2' title="bbox 438 403 2019 477; baseline -0.004 -11"><span class='ocrx_word' id='word_1_2' title='bbox 438 410 582 466; x_wconf 90' lang='lat' dir='ltr'><strong>omni</strong></span> <span class='ocrx_word' id='word_1_3' title='bbox 613 403 767 464; x_wconf 87' lang='lat' dir='ltr'><strong>laude</strong></span> <span class='ocrx_word' id='word_1_4' title='bbox 795 405 997 467; x_wconf 81' lang='lat' dir='ltr'><strong>Bahab.</strong></span> <span class='ocrx_word' id='word_1_5' title='bbox 1026 407 1276 463; x_wconf 71' lang='lat' dir='ltr'><strong>Ecclesia!</strong></span> <span class='ocrx_word' id='word_1_6' title='bbox 1301 409 1492 476; x_wconf 82' lang='lat' dir='ltr'><strong>imago.</strong></span> <span class='ocrx_word' id='word_1_7' title='bbox 1526 406 1700 474; x_wconf 76' lang='lat' dir='ltr'><strong>Qusre</strong></span> <span class='ocrx_word' id='word_1_8' title='bbox 1726 421 2019 477; x_wconf 84' lang='lat' dir='ltr'><strong>generosus</strong></span> 
     </span>
    </p>
   </div>
   <div class='ocr_carea' id='block_1_3' title="bbox 442 498 2020 571">
    <p class='ocr_par' dir='ltr' id='par_1_3' title="bbox 442 498 2020 571">
     <span class='ocr_line' id='line_1_3' title="bbox 442 498 2020 571; baseline -0.003 -12"><span class='ocrx_word' id='word_1_9' title='bbox 442 504 637 559; x_wconf 78' lang='lat' dir='ltr'><strong>Paulus</strong></span> <span class='ocrx_word' id='word_1_10' title='bbox 674 517 795 557; x_wconf 88' lang='lat' dir='ltr'><strong>cum</strong></span> <span class='ocrx_word' id='word_1_11' title='bbox 827 501 943 569; x_wconf 83' lang='lat' dir='ltr'><strong>ejus</strong></span> <span class='ocrx_word' id='word_1_12' title='bbox 998 500 1119 554; x_wconf 92' lang='lat' dir='ltr'><strong>ﬁdei</strong></span> <span class='ocrx_word' id='word_1_13' title='bbox 1171 499 1481 571; x_wconf 86' lang='lat' dir='ltr'><strong>dignitatem</strong></span> <span class='ocrx_word' id='word_1_14' title='bbox 1527 498 1864 561; x_wconf 88' lang='lat' dir='ltr'><strong>edidicisset,</strong></span> <span class='ocrx_word' id='word_1_15' title='bbox 1915 514 2020 554; x_wconf 92' lang='lat' dir='ltr'><strong>non</strong></span> 
     </span>
    </p>
   </div>
   <div class='ocr_carea' id='block_1_4' title="bbox 440 590 2023 663">
    <p class='ocr_par' dir='ltr' id='par_1_4' title="bbox 440 590 2023 663">
     <span class='ocr_line' id='line_1_4' title="bbox 440 590 2023 663; baseline -0.003 -13"><span class='ocrx_word' id='word_1_16' title='bbox 440 611 561 650; x_wconf 90' lang='lat' dir='ltr'><strong>eam</strong></span> <span class='ocrx_word' id='word_1_17' title='bbox 590 593 869 663; x_wconf 86' lang='lat' dir='ltr'><strong>reprobam</strong></span> <span class='ocrx_word' id='word_1_18' title='bbox 900 599 1091 662; x_wconf 89' lang='lat' dir='ltr'><strong>putans</strong></span> <span class='ocrx_word' id='word_1_19' title='bbox 1130 591 1200 645; x_wconf 90' lang='lat' dir='ltr'><strong>oh</strong></span> <span class='ocrx_word' id='word_1_20' title='bbox 1236 590 1464 660; x_wconf 89' lang='lat' dir='ltr'><strong>priorem</strong></span> <span class='ocrx_word' id='word_1_21' title='bbox 1493 600 1686 645; x_wconf 88' lang='lat' dir='ltr'><strong>statum</strong></span> <span class='ocrx_word' id='word_1_22' title='bbox 1706 632 1720 656; x_wconf 96' lang='lat'><strong>,</strong></span> <span class='ocrx_word' id='word_1_23' title='bbox 1749 591 1840 645; x_wconf 90' lang='lat' dir='ltr'><strong>sed</strong></span> <span class='ocrx_word' id='word_1_24' title='bbox 1871 605 2023 645; x_wconf 87' lang='lat' dir='ltr'><strong>acce-</strong></span> 
     </span>
    </p>
   </div>
   <div class='ocr_carea' id='block_1_5' title="bbox 435 681 2024 757">
    <p class='ocr_par' dir='ltr' id='par_1_5' title="bbox 435 681 2024 757">
     <span class='ocr_line' id='line_1_5' title="bbox 435 681 2024 757; baseline -0.003 -15"><span class='ocrx_word' id='word_1_25' title='bbox 435 686 684 757; x_wconf 83' lang='lat' dir='ltr'><strong>ptabilcm</strong></span> <span class='ocrx_word' id='word_1_26' title='bbox 704 685 773 739; x_wconf 88' lang='lat' dir='ltr'><strong>ob</strong></span> <span class='ocrx_word' id='word_1_27' title='bbox 793 683 1023 739; x_wconf 82' lang='lat' dir='ltr'><strong>divinam</strong></span> <span class='ocrx_word' id='word_1_28' title='bbox 1046 683 1414 747; x_wconf 76' lang='lat' dir='ltr'><strong>mulationem,</strong></span> <span class='ocrx_word' id='word_1_29' title='bbox 1429 698 1545 738; x_wconf 88' lang='lat' dir='ltr'><strong>eam</strong></span> <span class='ocrx_word' id='word_1_30' title='bbox 1566 686 1763 736; x_wconf 89' lang='lat' dir='ltr'><strong>sanctis</strong></span> <span class='ocrx_word' id='word_1_31' title='bbox 1779 681 2024 737; x_wconf 85' lang='lat' dir='ltr'><strong>omnibus</strong></span> 
     </span>
    </p>
   </div>
   <div class='ocr_carea' id='block_1_6' title="bbox 435 774 2024 846">
    <p class='ocr_par' dir='ltr' id='par_1_6' title="bbox 435 774 2024 846">
     <span class='ocr_line' id='line_1_6' title="bbox 435 774 2024 846; baseline -0.005 -12"><span class='ocrx_word' id='word_1_32' title='bbox 435 786 825 834; x_wconf 84' lang='lat' dir='ltr'><strong>connumerat:</strong></span> <span class='ocrx_word' id='word_1_33' title='bbox 853 786 905 830; x_wconf 91' lang='lat' dir='ltr'><strong>et</strong></span> <span class='ocrx_word' id='word_1_34' title='bbox 937 786 1216 846; x_wconf 79' lang='lat' dir='ltr'><strong>postquam</strong></span> <span class='ocrx_word' id='word_1_35' title='bbox 1245 775 1471 840; x_wconf 90' lang='lat' dir='ltr'><strong>dixerat,</strong></span> <span class='ocrx_word' id='word_1_36' title='bbox 1500 774 1631 828; x_wconf 89' lang='lat' dir='ltr'><strong>Fide</strong></span> <span class='ocrx_word' id='word_1_37' title='bbox 1667 775 1791 828; x_wconf 84' lang='lat' dir='ltr'><strong>Abel</strong></span> <span class='ocrx_word' id='word_1_38' title='bbox 1825 774 2024 843; x_wconf 78' lang='lat' dir='ltr'><strong>sacriﬁ-</strong></span> 
     </span>
    </p>
   </div>
   <div class='ocr_carea' id='block_1_7' title="bbox 435 864 2019 936">
    <p class='ocr_par' dir='ltr' id='par_1_7' title="bbox 435 864 2019 936">
     <span class='ocr_line' id='line_1_7' title="bbox 435 864 2019 936; baseline -0.002 -14"><span class='ocrx_word' id='word_1_39' title='bbox 435 871 571 923; x_wconf 86' lang='lat' dir='ltr'><strong>cium</strong></span> <span class='ocrx_word' id='word_1_40' title='bbox 613 867 807 931; x_wconf 80' lang='lat' dir='ltr'><strong>obtulit,</strong></span> <span class='ocrx_word' id='word_1_41' title='bbox 836 868 938 933; x_wconf 82' lang='lat' dir='ltr'><strong>ﬁde</strong></span> <span class='ocrx_word' id='word_1_42' title='bbox 958 867 1216 920; x_wconf 80' lang='lat' dir='ltr'><strong>Abraham</strong></span> <span class='ocrx_word' id='word_1_43' title='bbox 1258 868 1360 921; x_wconf 91' lang='lat' dir='ltr'><strong>hoc</strong></span> <span class='ocrx_word' id='word_1_44' title='bbox 1405 876 1459 921; x_wconf 90' lang='lat' dir='ltr'><strong>et</strong></span> <span class='ocrx_word' id='word_1_45' title='bbox 1509 864 1636 920; x_wconf 88' lang='lat' dir='ltr'><strong>illud</strong></span> <span class='ocrx_word' id='word_1_46' title='bbox 1689 865 2019 936; x_wconf 82' lang='lat' dir='ltr'><strong>fecit(Hebr.</strong></span> 
     </span>
    </p>
   </div>
   <div class='ocr_carea' id='block_1_8' title="bbox 436 955 2020 1029">
    <p class='ocr_par' dir='ltr' id='par_1_8' title="bbox 436 955 2020 1029">
     <span class='ocr_line' id='line_1_8' title="bbox 436 955 2020 1029; baseline -0.002 -16"><span class='ocrx_word' id='word_1_47' title='bbox 436 960 531 1013; x_wconf 84' lang='grc'><strong>11.</strong></span> <span class='ocrx_word' id='word_1_48' title='bbox 553 957 609 1029; x_wconf 81' lang='grc'><strong>4)</strong></span> <span class='ocrx_word' id='word_1_49' title='bbox 627 999 640 1021; x_wconf 88' lang='grc'><em>,</em></span> <span class='ocrx_word' id='word_1_50' title='bbox 683 957 787 1011; x_wconf 89' lang='lat' dir='ltr'><strong>ﬁde</strong></span> <span class='ocrx_word' id='word_1_51' title='bbox 810 956 925 1012; x_wconf 86' lang='lat' dir='ltr'><strong>Noe</strong></span> <span class='ocrx_word' id='word_1_52' title='bbox 964 972 1141 1012; x_wconf 89' lang='lat' dir='ltr'><strong>arcam</strong></span> <span class='ocrx_word' id='word_1_53' title='bbox 1174 955 1318 1023; x_wconf 90' lang='lat' dir='ltr'><strong>fecit,</strong></span> <span class='ocrx_word' id='word_1_54' title='bbox 1349 956 1454 1011; x_wconf 91' lang='lat' dir='ltr'><strong>ﬁde</strong></span> <span class='ocrx_word' id='word_1_55' title='bbox 1474 956 1686 1029; x_wconf 85' lang='lat' dir='ltr'><strong>Moyses</strong></span> <span class='ocrx_word' id='word_1_56' title='bbox 1713 957 1827 1011; x_wconf 60' lang='lat' dir='ltr'><strong>hare</strong></span> <span class='ocrx_word' id='word_1_57' title='bbox 1853 967 1907 1013; x_wconf 91' lang='lat' dir='ltr'><strong>et</strong></span> <span class='ocrx_word' id='word_1_58' title='bbox 1934 956 2020 1011; x_wconf 89' lang='lat' dir='ltr'><strong>illa</strong></span> 
     </span>
    </p>
   </div>
   <div class='ocr_carea' id='block_1_9' title="bbox 433 1048 2020 1120">
    <p class='ocr_par' dir='ltr' id='par_1_9' title="bbox 433 1048 2020 1120">
     <span class='ocr_line' id='line_1_9' title="bbox 433 1048 2020 1120; baseline 0.001 -18"><span class='ocrx_word' id='word_1_59' title='bbox 433 1049 693 1120; x_wconf 67' lang='lat' dir='ltr'><strong>praeclare</strong></span> <span class='ocrx_word' id='word_1_60' title='bbox 742 1057 887 1118; x_wconf 89' lang='lat' dir='ltr'><strong>gesta</strong></span> <span class='ocrx_word' id='word_1_61' title='bbox 945 1048 1150 1111; x_wconf 86' lang='lat' dir='ltr'><strong>edidit;</strong></span> <span class='ocrx_word' id='word_1_62' title='bbox 1205 1063 1268 1103; x_wconf 92' lang='lat' dir='ltr'><strong>ac</strong></span> <span class='ocrx_word' id='word_1_63' title='bbox 1322 1049 1519 1103; x_wconf 91' lang='lat' dir='ltr'><strong>multos</strong></span> <span class='ocrx_word' id='word_1_64' title='bbox 1569 1049 1764 1104; x_wconf 88' lang='lat' dir='ltr'><strong>deinde</strong></span> <span class='ocrx_word' id='word_1_65' title='bbox 1807 1059 2020 1104; x_wconf 90' lang='lat' dir='ltr'><strong>sanctos</strong></span> 
     </span>
    </p>
   </div>
   <div class='ocr_carea' id='block_1_10' title="bbox 430 1141 2023 1211">
    <p class='ocr_par' dir='ltr' id='par_1_10' title="bbox 430 1141 2023 1211">
     <span class='ocr_line' id='line_1_10' title="bbox 430 1141 2023 1211; baseline 0 -14"><span class='ocrx_word' id='word_1_66' title='bbox 430 1152 823 1198; x_wconf 83' lang='lat' dir='ltr'><strong>memoraverat</strong></span> <span class='ocrx_word' id='word_1_67' title='bbox 885 1141 1095 1196; x_wconf 85' lang='lat' dir='ltr'><strong>tandem</strong></span> <span class='ocrx_word' id='word_1_68' title='bbox 1126 1141 1352 1211; x_wconf 87' lang='lat' dir='ltr'><strong>adjecit,</strong></span> <span class='ocrx_word' id='word_1_69' title='bbox 1383 1141 1517 1195; x_wconf 83' lang='lat' dir='ltr'><strong>Fide</strong></span> <span class='ocrx_word' id='word_1_70' title='bbox 1562 1142 1739 1196; x_wconf 77' lang='lat' dir='ltr'><strong>Baltab</strong></span> <span class='ocrx_word' id='word_1_71' title='bbox 1788 1145 2023 1197; x_wconf 70' lang='lat' dir='ltr'><strong>meretrix</strong></span> 
     </span>
    </p>
   </div>
   <div class='ocr_carea' id='block_1_11' title="bbox 431 1232 2021 1305">
    <p class='ocr_par' dir='ltr' id='par_1_11' title="bbox 431 1232 2021 1305">
     <span class='ocr_line' id='line_1_11' title="bbox 431 1232 2021 1305; baseline -0.001 -17"><span class='ocrx_word' id='word_1_72' title='bbox 431 1251 533 1288; x_wconf 88' lang='lat' dir='ltr'><strong>non</strong></span> <span class='ocrx_word' id='word_1_73' title='bbox 559 1235 706 1305; x_wconf 76' lang='lat' dir='ltr'><strong>periit</strong></span> <span class='ocrx_word' id='word_1_74' title='bbox 732 1250 847 1287; x_wconf 89' lang='lat' dir='ltr'><strong>cum</strong></span> <span class='ocrx_word' id='word_1_75' title='bbox 871 1232 1164 1299; x_wconf 73' lang='lat' dir='ltr'><strong>incredulis,</strong></span> <span class='ocrx_word' id='word_1_76' title='bbox 1188 1235 1530 1302; x_wconf 76' lang='lat' dir='ltr'><strong>exploratores</strong></span> <span class='ocrx_word' id='word_1_77' title='bbox 1555 1234 1827 1301; x_wconf 69' lang='lat' dir='ltr'><strong>excipiens,</strong></span> <span class='ocrx_word' id='word_1_78' title='bbox 1852 1243 1898 1287; x_wconf 85' lang='lat' dir='ltr'><strong>et</strong></span> <span class='ocrx_word' id='word_1_79' title='bbox 1917 1234 2021 1287; x_wconf 87' lang='lat' dir='ltr'><strong>alia</strong></span> 
     </span>
    </p>
   </div>
   <div class='ocr_carea' id='block_1_12' title="bbox 429 1324 2018 1396">
    <p class='ocr_par' dir='ltr' id='par_1_12' title="bbox 429 1324 2018 1396">
     <span class='ocr_line' id='line_1_12' title="bbox 429 1324 2018 1396; baseline 0 -16"><span class='ocrx_word' id='word_1_80' title='bbox 429 1329 511 1381; x_wconf 81' lang='lat' dir='ltr'><strong>via</strong></span> <span class='ocrx_word' id='word_1_81' title='bbox 539 1327 793 1380; x_wconf 87' lang='lat' dir='ltr'><strong>remittens</strong></span> <span class='ocrx_word' id='word_1_82' title='bbox 823 1324 1003 1396; x_wconf 80' lang='lat' dir='ltr'><strong>(Hebr.</strong></span> <span class='ocrx_word' id='word_1_83' title='bbox 1038 1325 1124 1378; x_wconf 84' lang='grc'><strong>11.</strong></span> <span class='ocrx_word' id='word_1_84' title='bbox 1154 1325 1266 1396; x_wconf 76' lang='grc'><strong>51).</strong></span> <span class='ocrx_word' id='word_1_85' title='bbox 1301 1324 1370 1378; x_wconf 86' lang='lat' dir='ltr'><strong>Et</strong></span> <span class='ocrx_word' id='word_1_86' title='bbox 1408 1325 1527 1381; x_wconf 86' lang='lat' dir='ltr'><strong>vide</strong></span> <span class='ocrx_word' id='word_1_87' title='bbox 1554 1325 1821 1395; x_wconf 90' lang='lat' dir='ltr'><strong>quomodo</strong></span> <span class='ocrx_word' id='word_1_88' title='bbox 1857 1326 2018 1380; x_wconf 90' lang='lat' dir='ltr'><strong>multa</strong></span> 
     </span>
    </p>
   </div>
   <div class='ocr_carea' id='block_1_13' title="bbox 430 1417 2016 1488">
    <p class='ocr_par' dir='ltr' id='par_1_13' title="bbox 430 1417 2016 1488">
     <span class='ocr_line' id='line_1_13' title="bbox 430 1417 2016 1488; baseline -0.001 -15"><span class='ocrx_word' id='word_1_89' title='bbox 430 1435 553 1473; x_wconf 90' lang='lat' dir='ltr'><strong>cum</strong></span> <span class='ocrx_word' id='word_1_90' title='bbox 604 1419 864 1488; x_wconf 82' lang='lat' dir='ltr'><strong>sapientia</strong></span> <span class='ocrx_word' id='word_1_91' title='bbox 914 1417 1298 1471; x_wconf 78' lang='lat' dir='ltr'><strong>humanitatem</strong></span> <span class='ocrx_word' id='word_1_92' title='bbox 1350 1424 1495 1471; x_wconf 89' lang='lat' dir='ltr'><strong>tuam</strong></span> <span class='ocrx_word' id='word_1_93' title='bbox 1562 1417 2016 1486; x_wconf 86' lang='lat' dir='ltr'><strong>attemperaverit.</strong></span> 
     </span>
    </p>
   </div>
   <div class='ocr_carea' id='block_1_14' title="bbox 429 1507 2020 1578">
    <p class='ocr_par' dir='ltr' id='par_1_14' title="bbox 429 1507 2020 1578">
     <span class='ocr_line' id='line_1_14' title="bbox 429 1507 2020 1578; baseline -0.001 -14"><span class='ocrx_word' id='word_1_94' title='bbox 429 1508 563 1565; x_wconf 80' lang='lat' dir='ltr'><strong>Nam</strong></span> <span class='ocrx_word' id='word_1_95' title='bbox 590 1524 711 1564; x_wconf 92' lang='lat' dir='ltr'><strong>cum</strong></span> <span class='ocrx_word' id='word_1_96' title='bbox 737 1524 765 1562; x_wconf 93' lang='lat' dir='ltr'><strong>a</strong></span> <span class='ocrx_word' id='word_1_97' title='bbox 794 1524 920 1578; x_wconf 90' lang='lat' dir='ltr'><strong>rege</strong></span> <span class='ocrx_word' id='word_1_98' title='bbox 949 1508 1096 1564; x_wconf 86' lang='lat' dir='ltr'><strong>missi</strong></span> <span class='ocrx_word' id='word_1_99' title='bbox 1133 1517 1258 1563; x_wconf 89' lang='lat' dir='ltr'><strong>sunt</strong></span> <span class='ocrx_word' id='word_1_100' title='bbox 1288 1508 1377 1578; x_wconf 87' lang='lat' dir='ltr'><strong>qui</strong></span> <span class='ocrx_word' id='word_1_101' title='bbox 1404 1507 1778 1577; x_wconf 81' lang='lat' dir='ltr'><strong>exploratores</strong></span> <span class='ocrx_word' id='word_1_102' title='bbox 1806 1509 2020 1578; x_wconf 87' lang='lat' dir='ltr'><strong>perqui-</strong></span> 
     </span>
    </p>
   </div>
   <div class='ocr_carea' id='block_1_15' title="bbox 431 1600 2014 1672">
    <p class='ocr_par' dir='ltr' id='par_1_15' title="bbox 431 1600 2014 1672">
     <span class='ocr_line' id='line_1_15' title="bbox 431 1600 2014 1672; baseline 0.001 -18"><span class='ocrx_word' id='word_1_103' title='bbox 431 1611 613 1656; x_wconf 90' lang='lat' dir='ltr'><strong>rerent</strong></span> <span class='ocrx_word' id='word_1_104' title='bbox 630 1642 647 1668; x_wconf 97' lang='lat'><strong>,</strong></span> <span class='ocrx_word' id='word_1_105' title='bbox 678 1600 862 1655; x_wconf 88' lang='lat' dir='ltr'><strong>dicunt</strong></span> <span class='ocrx_word' id='word_1_106' title='bbox 882 1601 953 1668; x_wconf 90' lang='lat' dir='ltr'><strong>ei,</strong></span> <span class='ocrx_word' id='word_1_107' title='bbox 980 1600 1040 1655; x_wconf 89' lang='lat' dir='ltr'><strong>Si</strong></span> <span class='ocrx_word' id='word_1_108' title='bbox 1066 1601 1281 1672; x_wconf 86' lang='lat' dir='ltr'><strong>ingressi</strong></span> <span class='ocrx_word' id='word_1_109' title='bbox 1304 1610 1421 1655; x_wconf 85' lang='lat' dir='ltr'><strong>sunt</strong></span> <span class='ocrx_word' id='word_1_110' title='bbox 1449 1601 1517 1653; x_wconf 88' lang='lat' dir='ltr'><strong>ad</strong></span> <span class='ocrx_word' id='word_1_111' title='bbox 1542 1610 1589 1655; x_wconf 88' lang='lat' dir='ltr'><strong>te</strong></span> <span class='ocrx_word' id='word_1_112' title='bbox 1613 1601 1706 1655; x_wconf 82' lang='lat' dir='ltr'><strong>uiri</strong></span> <span class='ocrx_word' id='word_1_113' title='bbox 1724 1600 1857 1671; x_wconf 84' lang='lat' dir='ltr'><strong>(Jos.</strong></span> <span class='ocrx_word' id='word_1_114' title='bbox 1885 1602 1938 1654; x_wconf 79' lang='lat'><strong>2.</strong></span> <span class='ocrx_word' id='word_1_115' title='bbox 1960 1602 2014 1656; x_wconf 79' lang='grc'><strong>5.</strong></span> 
     </span>
    </p>
   </div>
   <div class='ocr_carea' id='block_1_16' title="bbox 429 1690 2018 1762">
    <p class='ocr_par' dir='ltr' id='par_1_16' title="bbox 429 1690 2018 1762">
     <span class='ocr_line' id='line_1_16' title="bbox 429 1690 2018 1762; baseline 0.001 -17"><span class='ocrx_word' id='word_1_116' title='bbox 429 1691 487 1761; x_wconf 67' lang='grc' dir='ltr'><strong>ι)</strong></span> <span class='ocrx_word' id='word_1_117' title='bbox 507 1691 531 1741; x_wconf 81' lang='lat' dir='ltr'><strong>‘t</strong></span> <span class='ocrx_word' id='word_1_118' title='bbox 551 1690 827 1760; x_wconf 79' lang='lat' dir='ltr'><strong>respondit</strong></span> <span class='ocrx_word' id='word_1_119' title='bbox 853 1692 930 1746; x_wconf 89' lang='lat' dir='ltr'><strong>eis</strong></span> <span class='ocrx_word' id='word_1_120' title='bbox 954 1732 970 1757; x_wconf 97' lang='lat'><strong>,</strong></span> <span class='ocrx_word' id='word_1_121' title='bbox 999 1691 1169 1745; x_wconf 87' lang='lat' dir='ltr'><strong>Etiam</strong></span> <span class='ocrx_word' id='word_1_122' title='bbox 1198 1692 1422 1762; x_wconf 86' lang='lat' dir='ltr'><strong>ingressi</strong></span> <span class='ocrx_word' id='word_1_123' title='bbox 1445 1700 1588 1746; x_wconf 91' lang='lat' dir='ltr'><strong>sunt.</strong></span> <span class='ocrx_word' id='word_1_124' title='bbox 1617 1691 1797 1746; x_wconf 88' lang='lat' dir='ltr'><strong>Primo</strong></span> <span class='ocrx_word' id='word_1_125' title='bbox 1822 1693 2018 1748; x_wconf 87' lang='lat' dir='ltr'><strong>verita-</strong></span> 
     </span>
    </p>
   </div>
   <div class='ocr_carea' id='block_1_17' title="bbox 432 1781 2015 1854">
    <p class='ocr_par' dir='ltr' id='par_1_17' title="bbox 432 1781 2015 1854">
     <span class='ocr_line' id='line_1_17' title="bbox 432 1781 2015 1854; baseline 0.004 -21"><span class='ocrx_word' id='word_1_126' title='bbox 432 1788 540 1834; x_wconf 87' lang='lat' dir='ltr'><strong>tem</strong></span> <span class='ocrx_word' id='word_1_127' title='bbox 565 1781 814 1846; x_wconf 74' lang='lat' dir='ltr'><strong>:ediﬁcat,</strong></span> <span class='ocrx_word' id='word_1_128' title='bbox 833 1788 991 1850; x_wconf 86' lang='lat' dir='ltr'><strong>atque</strong></span> <span class='ocrx_word' id='word_1_129' title='bbox 1018 1782 1088 1836; x_wconf 91' lang='lat' dir='ltr'><strong>ita</strong></span> <span class='ocrx_word' id='word_1_130' title='bbox 1115 1781 1453 1837; x_wconf 89' lang='lat' dir='ltr'><strong>mendacium</strong></span> <span class='ocrx_word' id='word_1_131' title='bbox 1479 1782 1696 1837; x_wconf 90' lang='lat' dir='ltr'><strong>inducit.</strong></span> <span class='ocrx_word' id='word_1_132' title='bbox 1719 1783 2015 1854; x_wconf 86' lang='lat' dir='ltr'><strong>Numquam</strong></span> 
     </span>
    </p>
   </div>
   <div class='ocr_carea' id='block_1_18' title="bbox 428 1869 2017 1944">
    <p class='ocr_par' dir='ltr' id='par_1_18' title="bbox 428 1869 2017 1944">
     <span class='ocr_line' id='line_1_18' title="bbox 428 1869 2017 1944; baseline 0.004 -21"><span class='ocrx_word' id='word_1_133' title='bbox 428 1869 572 1924; x_wconf 88' lang='lat' dir='ltr'><strong>enim</strong></span> <span class='ocrx_word' id='word_1_134' title='bbox 601 1871 933 1925; x_wconf 85' lang='lat' dir='ltr'><strong>mendacium</strong></span> <span class='ocrx_word' id='word_1_135' title='bbox 967 1886 1060 1941; x_wconf 91' lang='lat' dir='ltr'><strong>per</strong></span> <span class='ocrx_word' id='word_1_136' title='bbox 1075 1887 1133 1926; x_wconf 93' lang='lat' dir='ltr'><strong>se</strong></span> <span class='ocrx_word' id='word_1_137' title='bbox 1150 1873 1404 1936; x_wconf 89' lang='lat' dir='ltr'><strong>creditur,</strong></span> <span class='ocrx_word' id='word_1_138' title='bbox 1435 1874 1535 1928; x_wconf 92' lang='lat' dir='ltr'><strong>nisi</strong></span> <span class='ocrx_word' id='word_1_139' title='bbox 1559 1876 1837 1929; x_wconf 84' lang='lat' dir='ltr'><strong>veritatem</strong></span> <span class='ocrx_word' id='word_1_140' title='bbox 1870 1875 2017 1944; x_wconf 90' lang='lat' dir='ltr'><strong>prius</strong></span> 
     </span>
    </p>
   </div>
   <div class='ocr_carea' id='block_1_19' title="bbox 392 1956 2016 2034">
    <p class='ocr_par' dir='ltr' id='par_1_19' title="bbox 392 1956 2016 2034">
     <span class='ocr_line' id='line_1_19' title="bbox 392 1956 2016 2034; baseline 0.004 -21"><span class='ocrx_word' id='word_1_141' title='bbox 392 1956 401 1969; x_wconf 89' lang='grc'><em>’</em></span> <span class='ocrx_word' id='word_1_142' title='bbox 429 1961 717 2016; x_wconf 82' lang='lat' dir='ltr'><strong>ostendere</strong></span> <span class='ocrx_word' id='word_1_143' title='bbox 742 1963 1102 2031; x_wconf 84' lang='lat' dir='ltr'><strong>occupaverit.</strong></span> <span class='ocrx_word' id='word_1_144' title='bbox 1136 1961 1261 2018; x_wconf 91' lang='lat' dir='ltr'><strong>ldeo</strong></span> <span class='ocrx_word' id='word_1_145' title='bbox 1287 1964 1375 2034; x_wconf 89' lang='lat' dir='ltr'><strong>qui</strong></span> <span class='ocrx_word' id='word_1_146' title='bbox 1395 1963 1557 2018; x_wconf 85' lang='lat' dir='ltr'><strong>modo</strong></span> <span class='ocrx_word' id='word_1_147' title='bbox 1585 1964 1652 2019; x_wconf 90' lang='lat' dir='ltr'><strong>ad</strong></span> <span class='ocrx_word' id='word_1_148' title='bbox 1695 1964 2016 2034; x_wconf 91' lang='lat' dir='ltr'><strong>persuaden-</strong></span> 
     </span>
    </p>
   </div>
   <div class='ocr_carea' id='block_1_20' title="bbox 427 2050 2011 2127">
    <p class='ocr_par' dir='ltr' id='par_1_20' title="bbox 427 2050 2011 2127">
     <span class='ocr_line' id='line_1_20' title="bbox 427 2050 2011 2127; baseline 0.004 -22"><span class='ocrx_word' id='word_1_149' title='bbox 427 2050 556 2105; x_wconf 87' lang='lat' dir='ltr'><strong>dum</strong></span> <span class='ocrx_word' id='word_1_150' title='bbox 589 2061 712 2122; x_wconf 91' lang='lat' dir='ltr'><strong>apto</strong></span> <span class='ocrx_word' id='word_1_151' title='bbox 746 2053 1091 2121; x_wconf 88' lang='lat' dir='ltr'><strong>mentiuntur,</strong></span> <span class='ocrx_word' id='word_1_152' title='bbox 1134 2057 1309 2124; x_wconf 90' lang='lat' dir='ltr'><strong>primo</strong></span> <span class='ocrx_word' id='word_1_153' title='bbox 1354 2070 1478 2109; x_wconf 84' lang='lat' dir='ltr'><strong>vera</strong></span> <span class='ocrx_word' id='word_1_154' title='bbox 1517 2055 1704 2110; x_wconf 92' lang='lat' dir='ltr'><strong>dicunt</strong></span> <span class='ocrx_word' id='word_1_155' title='bbox 1741 2065 1899 2127; x_wconf 89' lang='lat' dir='ltr'><strong>atque</strong></span> <span class='ocrx_word' id='word_1_156' title='bbox 1925 2073 2011 2127; x_wconf 81' lang='lat' dir='ltr'><strong>ea,</strong></span> 
     </span>
    </p>
   </div>
   <div class='ocr_carea' id='block_1_21' title="bbox 426 2143 2013 2214">
    <p class='ocr_par' dir='ltr' id='par_1_21' title="bbox 426 2143 2013 2214">
     <span class='ocr_line' id='line_1_21' title="bbox 426 2143 2013 2214; baseline 0.005 -18"><span class='ocrx_word' id='word_1_157' title='bbox 426 2158 548 2213; x_wconf 83' lang='lat' dir='ltr'><strong>qme</strong></span> <span class='ocrx_word' id='word_1_158' title='bbox 576 2143 717 2214; x_wconf 89' lang='lat' dir='ltr'><strong>apud</strong></span> <span class='ocrx_word' id='word_1_159' title='bbox 740 2160 929 2200; x_wconf 92' lang='lat' dir='ltr'><strong>omnes</strong></span> <span class='ocrx_word' id='word_1_160' title='bbox 969 2147 1020 2200; x_wconf 91' lang='lat' dir='ltr'><strong>in</strong></span> <span class='ocrx_word' id='word_1_161' title='bbox 1051 2146 1299 2202; x_wconf 88' lang='lat' dir='ltr'><strong>confesso</strong></span> <span class='ocrx_word' id='word_1_162' title='bbox 1343 2154 1501 2213; x_wconf 91' lang='lat' dir='ltr'><strong>sunt;</strong></span> <span class='ocrx_word' id='word_1_163' title='bbox 1534 2162 1598 2203; x_wconf 89' lang='lat' dir='ltr'><strong>ac</strong></span> <span class='ocrx_word' id='word_1_164' title='bbox 1620 2148 1815 2205; x_wconf 91' lang='lat' dir='ltr'><strong>deinde</strong></span> <span class='ocrx_word' id='word_1_165' title='bbox 1858 2165 2013 2205; x_wconf 91' lang='lat' dir='ltr'><strong>men-</strong></span> 
     </span>
    </p>
   </div>
   <div class='ocr_carea' id='block_1_22' title="bbox 425 2236 2013 2312">
    <p class='ocr_par' dir='ltr' id='par_1_22' title="bbox 425 2236 2013 2312">
     <span class='ocr_line' id='line_1_22' title="bbox 425 2236 2013 2312; baseline 0.005 -23"><span class='ocrx_word' id='word_1_166' title='bbox 425 2236 575 2291; x_wconf 86' lang='lat' dir='ltr'><strong>dacia</strong></span> <span class='ocrx_word' id='word_1_167' title='bbox 604 2246 660 2291; x_wconf 92' lang='lat' dir='ltr'><strong>et</strong></span> <span class='ocrx_word' id='word_1_168' title='bbox 685 2236 843 2292; x_wconf 91' lang='lat' dir='ltr'><strong>dubia</strong></span> <span class='ocrx_word' id='word_1_169' title='bbox 877 2238 1149 2293; x_wconf 90' lang='lat' dir='ltr'><strong>inducunt.</strong></span> <span class='ocrx_word' id='word_1_170' title='bbox 1183 2238 1410 2310; x_wconf 83' lang='lat' dir='ltr'><strong>lngressi</strong></span> <span class='ocrx_word' id='word_1_171' title='bbox 1441 2249 1565 2295; x_wconf 87' lang='lat' dir='ltr'><strong>sunt</strong></span> <span class='ocrx_word' id='word_1_172' title='bbox 1591 2241 1655 2295; x_wconf 92' lang='lat' dir='ltr'><strong>ad</strong></span> <span class='ocrx_word' id='word_1_173' title='bbox 1686 2250 1738 2297; x_wconf 90' lang='lat' dir='ltr'><strong>te</strong></span> <span class='ocrx_word' id='word_1_174' title='bbox 1765 2243 2013 2312; x_wconf 77' lang='lat' dir='ltr'><strong>explem-</strong></span> 
     </span>
    </p>
   </div>
   <div class='ocr_carea' id='block_1_23' title="bbox 426 2328 2010 2403">
    <p class='ocr_par' dir='ltr' id='par_1_23' title="bbox 426 2328 2010 2403">
     <span class='ocr_line' id='line_1_23' title="bbox 426 2328 2010 2403; baseline 0.004 -21"><span class='ocrx_word' id='word_1_175' title='bbox 426 2336 573 2383; x_wconf 90' lang='lat' dir='ltr'><strong>tores</strong></span> <span class='ocrx_word' id='word_1_176' title='bbox 599 2328 624 2379; x_wconf 72' lang='grc' dir='ltr'><strong><em>τ</em></strong></span> <span class='ocrx_word' id='word_1_177' title='bbox 644 2329 955 2397; x_wconf 89' lang='lat' dir='ltr'><strong>respondet,</strong></span> <span class='ocrx_word' id='word_1_178' title='bbox 991 2331 1182 2385; x_wconf 79' lang='lat' dir='ltr'><strong>Etiam.</strong></span> <span class='ocrx_word' id='word_1_179' title='bbox 1214 2330 1270 2386; x_wconf 89' lang='lat' dir='ltr'><strong>Si</strong></span> <span class='ocrx_word' id='word_1_180' title='bbox 1302 2332 1445 2386; x_wconf 91' lang='lat' dir='ltr'><strong>enim</strong></span> <span class='ocrx_word' id='word_1_181' title='bbox 1482 2347 1512 2386; x_wconf 93' lang='lat' dir='ltr'><strong>a</strong></span> <span class='ocrx_word' id='word_1_182' title='bbox 1537 2334 1801 2403; x_wconf 84' lang='lat' dir='ltr'><strong>principio</strong></span> <span class='ocrx_word' id='word_1_183' title='bbox 1846 2334 2010 2388; x_wconf 80' lang='lat' dir='ltr'><strong>dixis-</strong></span> 
     </span>
    </p>
   </div>
   <div class='ocr_carea' id='block_1_24' title="bbox 424 2419 2011 2494">
    <p class='ocr_par' dir='ltr' id='par_1_24' title="bbox 424 2419 2011 2494">
     <span class='ocr_line' id='line_1_24' title="bbox 424 2419 2011 2494; baseline 0.003 -20"><span class='ocrx_word' id='word_1_184' title='bbox 424 2428 528 2484; x_wconf 83' lang='lat' dir='ltr'><strong>set,</strong></span> <span class='ocrx_word' id='word_1_185' title='bbox 550 2419 688 2486; x_wconf 89' lang='lat' dir='ltr'><strong>Non,</strong></span> <span class='ocrx_word' id='word_1_186' title='bbox 718 2421 782 2474; x_wconf 88' lang='lat' dir='ltr'><strong>ad</strong></span> <span class='ocrx_word' id='word_1_187' title='bbox 811 2421 1124 2476; x_wconf 86' lang='lat' dir='ltr'><strong>scrutinium</strong></span> <span class='ocrx_word' id='word_1_188' title='bbox 1154 2431 1500 2492; x_wconf 84' lang='lat' dir='ltr'><strong>provocasset</strong></span> <span class='ocrx_word' id='word_1_189' title='bbox 1527 2439 1641 2489; x_wconf 89' lang='lat' dir='ltr'><strong>eos,</strong></span> <span class='ocrx_word' id='word_1_190' title='bbox 1664 2426 1753 2494; x_wconf 88' lang='lat' dir='ltr'><strong>qui</strong></span> <span class='ocrx_word' id='word_1_191' title='bbox 1782 2425 2011 2479; x_wconf 86' lang='lat' dir='ltr'><strong>advene—</strong></span> 
     </span>
    </p>
   </div>
   <div class='ocr_carea' id='block_1_25' title="bbox 352 2502 2012 2585">
    <p class='ocr_par' dir='ltr' id='par_1_25' title="bbox 352 2502 2012 2585">
     <span class='ocr_line' id='line_1_25' title="bbox 352 2502 2012 2585; baseline 0.003 -19"><span class='ocrx_word' id='word_1_192' title='bbox 352 2502 361 2511; x_wconf 81' lang='grc'><em>’</em></span> <span class='ocrx_word' id='word_1_193' title='bbox 425 2518 564 2566; x_wconf 87' lang='lat' dir='ltr'><strong>rant.</strong></span> <span class='ocrx_word' id='word_1_194' title='bbox 581 2511 708 2575; x_wconf 89' lang='lat' dir='ltr'><strong>Sed,</strong></span> <span class='ocrx_word' id='word_1_195' title='bbox 734 2511 801 2566; x_wconf 89' lang='lat' dir='ltr'><strong>Et</strong></span> <span class='ocrx_word' id='word_1_196' title='bbox 819 2512 1042 2583; x_wconf 90' lang='lat' dir='ltr'><strong>ingressi</strong></span> <span class='ocrx_word' id='word_1_197' title='bbox 1067 2520 1211 2577; x_wconf 89' lang='lat' dir='ltr'><strong>sunt,</strong></span> <span class='ocrx_word' id='word_1_198' title='bbox 1234 2513 1424 2583; x_wconf 89' lang='lat' dir='ltr'><strong>inquit,</strong></span> <span class='ocrx_word' id='word_1_199' title='bbox 1452 2523 1508 2569; x_wconf 89' lang='lat' dir='ltr'><strong>et</strong></span> <span class='ocrx_word' id='word_1_200' title='bbox 1534 2516 1737 2585; x_wconf 82' lang='lat' dir='ltr'><strong>egressi</strong></span> <span class='ocrx_word' id='word_1_201' title='bbox 1766 2524 1889 2570; x_wconf 88' lang='lat' dir='ltr'><strong>sunt</strong></span> <span class='ocrx_word' id='word_1_202' title='bbox 1913 2515 2012 2571; x_wconf 90' lang='lat' dir='ltr'><strong>hac</strong></span> 
     </span>
    </p>
   </div>
   <div class='ocr_carea' id='block_1_26' title="bbox 423 2604 2007 2678">
    <p class='ocr_par' dir='ltr' id='par_1_26' title="bbox 423 2604 2007 2678">
     <span class='ocr_line' id='line_1_26' title="bbox 423 2604 2007 2678; baseline 0.006 -23"><span class='ocrx_word' id='word_1_203' title='bbox 423 2604 539 2657; x_wconf 88' lang='lat' dir='ltr'><strong>via:</strong></span> <span class='ocrx_word' id='word_1_204' title='bbox 558 2604 960 2674; x_wconf 85' lang='lat' dir='ltr'><strong>persequimini,</strong></span> <span class='ocrx_word' id='word_1_205' title='bbox 980 2616 1031 2659; x_wconf 90' lang='lat' dir='ltr'><strong>et</strong></span> <span class='ocrx_word' id='word_1_206' title='bbox 1048 2606 1516 2675; x_wconf 86' lang='lat' dir='ltr'><strong>comprehendetis</strong></span> <span class='ocrx_word' id='word_1_207' title='bbox 1534 2622 1646 2662; x_wconf 92' lang='lat' dir='ltr'><strong>eos.</strong></span> <span class='ocrx_word' id='word_1_208' title='bbox 1667 2607 1712 2662; x_wconf 91' lang='grc' dir='ltr'><strong>Ο</strong></span> <span class='ocrx_word' id='word_1_209' title='bbox 1729 2610 2007 2678; x_wconf 90' lang='lat' dir='ltr'><strong>pulchrum</strong></span> 
     </span>
    </p>
   </div>
   <div class='ocr_carea' id='block_1_27' title="bbox 424 2694 2011 2770">
    <p class='ocr_par' dir='ltr' id='par_1_27' title="bbox 424 2694 2011 2770">
     <span class='ocr_line' id='line_1_27' title="bbox 424 2694 2011 2770; baseline 0.005 -22"><span class='ocrx_word' id='word_1_210' title='bbox 424 2694 760 2749; x_wconf 87' lang='lat' dir='ltr'><strong>mendacium</strong></span> <span class='ocrx_word' id='word_1_211' title='bbox 789 2694 803 2749; x_wconf 87' lang='lat' dir='ltr'><strong>l</strong></span> <span class='ocrx_word' id='word_1_212' title='bbox 833 2709 867 2749; x_wconf 89' lang='grc' dir='ltr'>ο</span> <span class='ocrx_word' id='word_1_213' title='bbox 894 2696 1176 2765; x_wconf 88' lang='lat' dir='ltr'><strong>pulchrum</strong></span> <span class='ocrx_word' id='word_1_214' title='bbox 1194 2696 1399 2764; x_wconf 88' lang='lat' dir='ltr'><strong>dolum,</strong></span> <span class='ocrx_word' id='word_1_215' title='bbox 1427 2698 1603 2753; x_wconf 90' lang='lat' dir='ltr'><strong>divina</strong></span> <span class='ocrx_word' id='word_1_216' title='bbox 1644 2701 2011 2770; x_wconf 62' lang='lat' dir='ltr'><strong>notuproden-</strong></span> 
     </span>
    </p>
   </div>
   <div class='ocr_carea' id='block_1_28' title="bbox 422 2785 2010 2860">
    <p class='ocr_par' dir='ltr' id='par_1_28' title="bbox 422 2785 2010 2860">
     <span class='ocr_line' id='line_1_28' title="bbox 422 2785 2010 2860; baseline 0.006 -21"><span class='ocrx_word' id='word_1_217' title='bbox 422 2794 554 2849; x_wconf 91' lang='lat' dir='ltr'><strong>tem,</strong></span> <span class='ocrx_word' id='word_1_218' title='bbox 594 2785 690 2842; x_wconf 91' lang='lat' dir='ltr'><strong>sed</strong></span> <span class='ocrx_word' id='word_1_219' title='bbox 742 2787 995 2856; x_wconf 86' lang='lat' dir='ltr'><strong>pietatem</strong></span> <span class='ocrx_word' id='word_1_220' title='bbox 1039 2786 1428 2844; x_wconf 89' lang='lat' dir='ltr'><strong>custodientem</strong></span> <span class='ocrx_word' id='word_1_221' title='bbox 1457 2790 1471 2843; x_wconf 96' lang='lat' dir='ltr'><strong>l</strong></span> <span class='ocrx_word' id='word_1_222' title='bbox 1504 2790 1561 2845; x_wconf 91' lang='lat' dir='ltr'><strong>Si</strong></span> <span class='ocrx_word' id='word_1_223' title='bbox 1617 2791 1775 2860; x_wconf 79' lang='lat' dir='ltr'><strong>igitur</strong></span> <span class='ocrx_word' id='word_1_224' title='bbox 1826 2792 2010 2848; x_wconf 76' lang='lat' dir='ltr'><strong>Baliab</strong></span> 
     </span>
    </p>
   </div>
   <div class='ocr_carea' id='block_1_29' title="bbox 421 2879 2011 2955">
    <p class='ocr_par' dir='ltr' id='par_1_29' title="bbox 421 2879 2011 2955">
     <span class='ocr_line' id='line_1_29' title="bbox 421 2879 2011 2955; baseline 0.005 -22"><span class='ocrx_word' id='word_1_225' title='bbox 421 2879 566 2934; x_wconf 87' lang='lat' dir='ltr'><strong>illam</strong></span> <span class='ocrx_word' id='word_1_226' title='bbox 599 2880 904 2949; x_wconf 88' lang='lat' dir='ltr'><strong>poenitentia</strong></span> <span class='ocrx_word' id='word_1_227' title='bbox 955 2881 1126 2936; x_wconf 86' lang='lat' dir='ltr'><strong>salute</strong></span> <span class='ocrx_word' id='word_1_228' title='bbox 1162 2881 1375 2951; x_wconf 83' lang='lat' dir='ltr'><strong>dignam</strong></span> <span class='ocrx_word' id='word_1_229' title='bbox 1421 2882 1624 2950; x_wconf 71' lang='lat' dir='ltr'><strong>effecit,</strong></span> <span class='ocrx_word' id='word_1_230' title='bbox 1655 2892 1710 2939; x_wconf 90' lang='lat' dir='ltr'><strong>et</strong></span> <span class='ocrx_word' id='word_1_231' title='bbox 1757 2885 1871 2955; x_wconf 89' lang='lat' dir='ltr'><strong>ipsa</strong></span> <span class='ocrx_word' id='word_1_232' title='bbox 1915 2901 2011 2955; x_wconf 89' lang='lat' dir='ltr'><strong>per</strong></span> 
     </span>
    </p>
   </div>
   <div class='ocr_carea' id='block_1_30' title="bbox 421 2973 2010 3042">
    <p class='ocr_par' dir='ltr' id='par_1_30' title="bbox 421 2973 2010 3042">
     <span class='ocr_line' id='line_1_30' title="bbox 421 2973 2010 3042; baseline 0.005 -17"><span class='ocrx_word' id='word_1_233' title='bbox 421 2982 727 3027; x_wconf 89' lang='lat' dir='ltr'><strong>sanctorum</strong></span> <span class='ocrx_word' id='word_1_234' title='bbox 757 2986 851 3026; x_wconf 90' lang='lat' dir='ltr'><strong>ora</strong></span> <span class='ocrx_word' id='word_1_235' title='bbox 879 2973 1234 3042; x_wconf 75' lang='lat' dir='ltr'><strong>prazdicatur,</strong></span> <span class='ocrx_word' id='word_1_236' title='bbox 1261 2973 1387 3030; x_wconf 87' lang='lat' dir='ltr'><strong>Jesu</strong></span> <span class='ocrx_word' id='word_1_237' title='bbox 1418 2974 1559 3030; x_wconf 83' lang='lat' dir='ltr'><strong>Nave</strong></span> <span class='ocrx_word' id='word_1_238' title='bbox 1582 2977 1634 3030; x_wconf 94' lang='lat' dir='ltr'><strong>in</strong></span> <span class='ocrx_word' id='word_1_239' title='bbox 1663 2976 1880 3032; x_wconf 88' lang='lat' dir='ltr'><strong>deserto</strong></span> <span class='ocrx_word' id='word_1_240' title='bbox 1898 2978 2010 3032; x_wconf 86' lang='lat' dir='ltr'><strong>cla-</strong></span> 
     </span>
    </p>
   </div>
   <div class='ocr_carea' id='block_1_31' title="bbox 420 3062 2003 3136">
    <p class='ocr_par' dir='ltr' id='par_1_31' title="bbox 420 3062 2003 3136">
     <span class='ocr_line' id='line_1_31' title="bbox 420 3062 2003 3136; baseline 0.004 -18"><span class='ocrx_word' id='word_1_241' title='bbox 420 3071 621 3129; x_wconf 86' lang='lat' dir='ltr'><strong>mante,</strong></span> <span class='ocrx_word' id='word_1_242' title='bbox 664 3062 806 3117; x_wconf 81' lang='lat' dir='ltr'><strong>Vivat</strong></span> <span class='ocrx_word' id='word_1_243' title='bbox 842 3062 1022 3117; x_wconf 84' lang='lat' dir='ltr'><strong>Rahab</strong></span> <span class='ocrx_word' id='word_1_244' title='bbox 1070 3066 1338 3130; x_wconf 72' lang='lat' dir='ltr'><strong>meretrix,</strong></span> <span class='ocrx_word' id='word_1_245' title='bbox 1370 3065 1535 3121; x_wconf 89' lang='lat' dir='ltr'><strong>Paulo</strong></span> <span class='ocrx_word' id='word_1_246' title='bbox 1560 3077 1737 3123; x_wconf 91' lang='lat' dir='ltr'><strong>autem</strong></span> <span class='ocrx_word' id='word_1_247' title='bbox 1771 3069 2003 3136; x_wconf 85' lang='lat' dir='ltr'><strong>dicente,</strong></span> 
     </span>
    </p>
   </div>
   <div class='ocr_carea' id='block_1_32' title="bbox 425 3153 2005 3227">
    <p class='ocr_par' dir='ltr' id='par_1_32' title="bbox 425 3153 2005 3227">
     <span class='ocr_line' id='line_1_32' title="bbox 425 3153 2005 3227; baseline 0.004 -17"><span class='ocrx_word' id='word_1_248' title='bbox 425 3156 555 3210; x_wconf 84' lang='lat' dir='ltr'><strong>Fide</strong></span> <span class='ocrx_word' id='word_1_249' title='bbox 583 3153 763 3208; x_wconf 84' lang='lat' dir='ltr'><strong>Raltab</strong></span> <span class='ocrx_word' id='word_1_250' title='bbox 792 3158 1030 3211; x_wconf 73' lang='lat' dir='ltr'><strong>meretrix</strong></span> <span class='ocrx_word' id='word_1_251' title='bbox 1055 3174 1157 3212; x_wconf 83' lang='lat' dir='ltr'><strong>non</strong></span> <span class='ocrx_word' id='word_1_252' title='bbox 1188 3159 1334 3227; x_wconf 88' lang='lat' dir='ltr'><strong>periit</strong></span> <span class='ocrx_word' id='word_1_253' title='bbox 1373 3175 1489 3213; x_wconf 88' lang='lat' dir='ltr'><strong>cum</strong></span> <span class='ocrx_word' id='word_1_254' title='bbox 1515 3177 1617 3215; x_wconf 86' lang='lat' dir='ltr'><strong>non</strong></span> <span class='ocrx_word' id='word_1_255' title='bbox 1647 3163 1962 3218; x_wconf 78' lang='lat' dir='ltr'><strong>credentibus</strong></span> <span class='ocrx_word' id='word_1_256' title='bbox 1987 3179 2005 3217; x_wconf 90' lang='lat'><em>:</em></span> 
     </span>
    </p>
   </div>
   <div class='ocr_carea' id='block_1_33' title="bbox 419 3249 2004 3323">
    <p class='ocr_par' dir='ltr' id='par_1_33' title="bbox 419 3249 2004 3323">
     <span class='ocr_line' id='line_1_33' title="bbox 419 3249 2004 3323; baseline 0.007 -23"><span class='ocrx_word' id='word_1_257' title='bbox 419 3255 619 3316; x_wconf 89' lang='lat' dir='ltr'><strong>quanto</strong></span> <span class='ocrx_word' id='word_1_258' title='bbox 648 3249 819 3319; x_wconf 87' lang='lat' dir='ltr'><strong>magis</strong></span> <span class='ocrx_word' id='word_1_259' title='bbox 847 3263 944 3304; x_wconf 93' lang='lat' dir='ltr'><strong>nos</strong></span> <span class='ocrx_word' id='word_1_260' title='bbox 973 3250 1016 3302; x_wconf 92' lang='lat' dir='ltr'><strong>si</strong></span> <span class='ocrx_word' id='word_1_261' title='bbox 1053 3251 1422 3318; x_wconf 69' lang='lat' dir='ltr'><strong>paenitentiam</strong></span> <span class='ocrx_word' id='word_1_262' title='bbox 1455 3252 1827 3323; x_wconf 86' lang='lat' dir='ltr'><strong>exhibeamus,</strong></span> <span class='ocrx_word' id='word_1_263' title='bbox 1858 3256 2004 3311; x_wconf 86' lang='lat' dir='ltr'><strong>salu-</strong></span> 
     </span>
    </p>
   </div>
   <div class='ocr_carea' id='block_1_34' title="bbox 419 3340 2001 3414">
    <p class='ocr_par' dir='ltr' id='par_1_34' title="bbox 419 3340 2001 3414">
     <span class='ocr_line' id='line_1_34' title="bbox 419 3340 2001 3414; baseline 0.007 -23"><span class='ocrx_word' id='word_1_264' title='bbox 419 3346 528 3392; x_wconf 89' lang='lat' dir='ltr'><strong>tem</strong></span> <span class='ocrx_word' id='word_1_265' title='bbox 579 3340 1014 3410; x_wconf 85' lang='lat' dir='ltr'><strong>cOnsequemur?</strong></span> <span class='ocrx_word' id='word_1_266' title='bbox 1045 3340 1380 3397; x_wconf 76' lang='lat' dir='ltr'><strong>Pmnitentize</strong></span> <span class='ocrx_word' id='word_1_267' title='bbox 1430 3352 1641 3414; x_wconf 90' lang='lat' dir='ltr'><strong>tempus</strong></span> <span class='ocrx_word' id='word_1_268' title='bbox 1684 3361 1827 3400; x_wconf 91' lang='lat' dir='ltr'><strong>nunc</strong></span> <span class='ocrx_word' id='word_1_269' title='bbox 1873 3355 2001 3402; x_wconf 86' lang='lat' dir='ltr'><strong>est:</strong></span> 
     </span>
    </p>
   </div>
   <div class='ocr_carea' id='block_1_35' title="bbox 417 3430 2001 3507">
    <p class='ocr_par' dir='ltr' id='par_1_35' title="bbox 417 3430 2001 3507">
     <span class='ocr_line' id='line_1_35' title="bbox 417 3430 2001 3507; baseline 0.006 -22"><span class='ocrx_word' id='word_1_270' title='bbox 417 3430 607 3499; x_wconf 83' lang='lat' dir='ltr'><strong>ingens</strong></span> <span class='ocrx_word' id='word_1_271' title='bbox 632 3433 774 3486; x_wconf 90' lang='lat' dir='ltr'><strong>enim</strong></span> <span class='ocrx_word' id='word_1_272' title='bbox 798 3432 957 3487; x_wconf 92' lang='lat' dir='ltr'><strong>timor</strong></span> <span class='ocrx_word' id='word_1_273' title='bbox 987 3433 1149 3488; x_wconf 87' lang='lat' dir='ltr'><strong>instat</strong></span> <span class='ocrx_word' id='word_1_274' title='bbox 1184 3435 1574 3491; x_wconf 89' lang='lat' dir='ltr'><strong>imminentium</strong></span> <span class='ocrx_word' id='word_1_275' title='bbox 1622 3448 1958 3507; x_wconf 87' lang='lat' dir='ltr'><strong>peccatorum</strong></span> <span class='ocrx_word' id='word_1_276' title='bbox 1986 3482 2001 3507; x_wconf 91' lang='lat'><strong>,</strong></span> 
     </span>
    </p>
   </div>
   <div class='ocr_carea' id='block_1_36' title="bbox 417 3521 2006 3599">
    <p class='ocr_par' dir='ltr' id='par_1_36' title="bbox 417 3521 2006 3599">
     <span class='ocr_line' id='line_1_36' title="bbox 417 3521 2006 3599; baseline 0.006 -23"><span class='ocrx_word' id='word_1_277' title='bbox 417 3522 520 3576; x_wconf 91' lang='lat' dir='ltr'><strong>nisi</strong></span> <span class='ocrx_word' id='word_1_278' title='bbox 548 3521 861 3591; x_wconf 88' lang='lat' dir='ltr'><strong>supplicium</strong></span> <span class='ocrx_word' id='word_1_279' title='bbox 882 3532 1165 3592; x_wconf 64' lang='lat' dir='ltr'><strong>praevertet</strong></span> <span class='ocrx_word' id='word_1_280' title='bbox 1203 3527 1536 3594; x_wconf 72' lang='lat' dir='ltr'><strong>poenitentia.</strong></span> <span class='ocrx_word' id='word_1_281' title='bbox 1585 3526 2006 3599; x_wconf 77' lang='lat' dir='ltr'><strong>Prteoccupemus</strong></span> 
     </span>
    </p>
   </div>
   <div class='ocr_carea' id='block_1_37' title="bbox 417 3611 2005 3690">
    <p class='ocr_par' dir='ltr' id='par_1_37' title="bbox 417 3611 2005 3690">
     <span class='ocr_line' id='line_1_37' title="bbox 417 3611 2005 3690; baseline 0.007 -25"><span class='ocrx_word' id='word_1_282' title='bbox 417 3611 599 3682; x_wconf 79' lang='lat' dir='ltr'><strong>faciem</strong></span> <span class='ocrx_word' id='word_1_283' title='bbox 625 3614 734 3682; x_wconf 87' lang='lat' dir='ltr'><strong>ejus</strong></span> <span class='ocrx_word' id='word_1_284' title='bbox 759 3612 814 3665; x_wconf 87' lang='lat' dir='ltr'><strong>in</strong></span> <span class='ocrx_word' id='word_1_285' title='bbox 834 3615 1148 3684; x_wconf 82' lang='lat' dir='ltr'><strong>confessione</strong></span> <span class='ocrx_word' id='word_1_286' title='bbox 1173 3614 1342 3686; x_wconf 87' lang='lat' dir='ltr'><strong>(Psal.</strong></span> <span class='ocrx_word' id='word_1_287' title='bbox 1364 3616 1453 3672; x_wconf 77' lang='grc'><strong>94.</strong></span> <span class='ocrx_word' id='word_1_288' title='bbox 1481 3617 1537 3687; x_wconf 77' lang='lat'><strong>2)</strong></span> <span class='ocrx_word' id='word_1_289' title='bbox 1562 3636 1577 3671; x_wconf 87' lang='lat'><strong>:</strong></span> <span class='ocrx_word' id='word_1_290' title='bbox 1607 3620 2005 3690; x_wconf 86' lang='lat' dir='ltr'><strong>exstinguamus</strong></span> 
     </span>
    </p>
   </div>
   <div class='ocr_carea' id='block_1_38' title="bbox 419 3708 2004 3783">
    <p class='ocr_par' dir='ltr' id='par_1_38' title="bbox 419 3708 2004 3783">
     <span class='ocr_line' id='line_1_38' title="bbox 419 3708 2004 3783; baseline 0.008 -27"><span class='ocrx_word' id='word_1_291' title='bbox 419 3711 763 3773; x_wconf 89' lang='lat' dir='ltr'><strong>peccatorum</strong></span> <span class='ocrx_word' id='word_1_292' title='bbox 809 3718 1030 3773; x_wconf 88' lang='lat' dir='ltr'><strong>rogum,</strong></span> <span class='ocrx_word' id='word_1_293' title='bbox 1077 3720 1188 3759; x_wconf 91' lang='lat' dir='ltr'><strong>non</strong></span> <span class='ocrx_word' id='word_1_294' title='bbox 1239 3708 1420 3761; x_wconf 91' lang='lat' dir='ltr'><strong>multis</strong></span> <span class='ocrx_word' id='word_1_295' title='bbox 1473 3710 1647 3778; x_wconf 90' lang='lat' dir='ltr'><strong>aquis,</strong></span> <span class='ocrx_word' id='word_1_296' title='bbox 1674 3712 1768 3766; x_wconf 89' lang='lat' dir='ltr'><strong>sed</strong></span> <span class='ocrx_word' id='word_1_297' title='bbox 1823 3715 2004 3783; x_wconf 89' lang='lat' dir='ltr'><strong>parvis</strong></span> 
     </span>
    </p>
   </div>
   <div class='ocr_carea' id='block_1_39' title="bbox 416 3793 2002 3866">
    <p class='ocr_par' dir='ltr' id='par_1_39' title="bbox 416 3793 2002 3866">
     <span class='ocr_line' id='line_1_39' title="bbox 416 3793 2002 3866; baseline 0.006 -17"><span class='ocrx_word' id='word_1_298' title='bbox 416 3794 687 3866; x_wconf 85' lang='lat' dir='ltr'><strong>lacrymis.</strong></span> <span class='ocrx_word' id='word_1_299' title='bbox 709 3793 904 3851; x_wconf 82' lang='lat' dir='ltr'><strong>Multus</strong></span> <span class='ocrx_word' id='word_1_300' title='bbox 929 3804 1011 3849; x_wconf 90' lang='lat' dir='ltr'><strong>est</strong></span> <span class='ocrx_word' id='word_1_301' title='bbox 1041 3795 1177 3865; x_wconf 86' lang='lat' dir='ltr'><strong>ignis</strong></span> <span class='ocrx_word' id='word_1_302' title='bbox 1203 3798 1427 3866; x_wconf 88' lang='lat' dir='ltr'><strong>peccati,</strong></span> <span class='ocrx_word' id='word_1_303' title='bbox 1471 3810 1526 3855; x_wconf 91' lang='lat' dir='ltr'><strong>et</strong></span> <span class='ocrx_word' id='word_1_304' title='bbox 1553 3810 1729 3856; x_wconf 89' lang='lat' dir='ltr'><strong>tamen</strong></span> <span class='ocrx_word' id='word_1_305' title='bbox 1779 3805 2002 3859; x_wconf 85' lang='lat' dir='ltr'><strong>modicis</strong></span> 
     </span>
    </p>
   </div>
   <div class='ocr_carea' id='block_1_40' title="bbox 414 3886 2001 3966">
    <p class='ocr_par' dir='ltr' id='par_1_40' title="bbox 414 3886 2001 3966">
     <span class='ocr_line' id='line_1_40' title="bbox 414 3886 2001 3966; baseline 0.008 -26"><span class='ocrx_word' id='word_1_306' title='bbox 414 3886 665 3958; x_wconf 86' lang='lat' dir='ltr'><strong>lacrymis</strong></span> <span class='ocrx_word' id='word_1_307' title='bbox 687 3887 1038 3958; x_wconf 79' lang='lat' dir='ltr'><strong>exstinguitur</strong></span> <span class='ocrx_word' id='word_1_308' title='bbox 1067 3904 1081 3942; x_wconf 91' lang='lat'><strong>:</strong></span> <span class='ocrx_word' id='word_1_309' title='bbox 1110 3905 1233 3944; x_wconf 89' lang='lat' dir='ltr'><strong>nam</strong></span> <span class='ocrx_word' id='word_1_310' title='bbox 1264 3891 1514 3963; x_wconf 68' lang='lat' dir='ltr'><strong>lacrymte</strong></span> <span class='ocrx_word' id='word_1_311' title='bbox 1539 3896 1884 3966; x_wconf 88' lang='lat' dir='ltr'><strong>exstinguunt</strong></span> <span class='ocrx_word' id='word_1_312' title='bbox 1910 3915 2001 3952; x_wconf 90' lang='lat' dir='ltr'><strong>ro-</strong></span> 
     </span>
    </p>
   </div>
   <div class='ocr_carea' id='block_1_41' title="bbox 413 3982 1997 4050">
    <p class='ocr_par' dir='ltr' id='par_1_41' title="bbox 413 3982 1997 4050">
     <span class='ocr_line' id='line_1_41' title="bbox 413 3982 1997 4050; baseline 0.009 -19"><span class='ocrx_word' id='word_1_313' title='bbox 413 3991 541 4046; x_wconf 90' lang='lat' dir='ltr'><strong>gum</strong></span> <span class='ocrx_word' id='word_1_314' title='bbox 597 3986 957 4047; x_wconf 88' lang='lat' dir='ltr'><strong>peccatorum,</strong></span> <span class='ocrx_word' id='word_1_315' title='bbox 986 3987 1042 4034; x_wconf 91' lang='lat' dir='ltr'><strong>et</strong></span> <span class='ocrx_word' id='word_1_316' title='bbox 1102 3982 1302 4050; x_wconf 91' lang='lat' dir='ltr'><strong>peccati</strong></span> <span class='ocrx_word' id='word_1_317' title='bbox 1351 3982 1595 4039; x_wconf 60' lang='lat' dir='ltr'><strong>faetorem</strong></span> <span class='ocrx_word' id='word_1_318' title='bbox 1643 3987 1890 4044; x_wconf 87' lang='lat' dir='ltr'><strong>abluunt.</strong></span> <span class='ocrx_word' id='word_1_319' title='bbox 1943 3991 1997 4044; x_wconf 91' lang='lat' dir='ltr'><strong>ld</strong></span> 
     </span>
    </p>
   </div>
   <div class='ocr_carea' id='block_1_42' title="bbox 413 4068 2001 4148">
    <p class='ocr_par' dir='ltr' id='par_1_42' title="bbox 413 4068 2001 4148">
     <span class='ocr_line' id='line_1_42' title="bbox 413 4068 2001 4148; baseline 0.008 -24"><span class='ocrx_word' id='word_1_320' title='bbox 413 4068 730 4125; x_wconf 88' lang='lat' dir='ltr'><strong>testiﬁcatur</strong></span> <span class='ocrx_word' id='word_1_321' title='bbox 784 4070 973 4127; x_wconf 84' lang='lat' dir='ltr'><strong>beatus</strong></span> <span class='ocrx_word' id='word_1_322' title='bbox 1028 4072 1190 4127; x_wconf 92' lang='lat' dir='ltr'><strong>David</strong></span> <span class='ocrx_word' id='word_1_323' title='bbox 1237 4072 1463 4142; x_wconf 87' lang='lat' dir='ltr'><strong>dicens,</strong></span> <span class='ocrx_word' id='word_1_324' title='bbox 1491 4085 1546 4132; x_wconf 90' lang='lat' dir='ltr'><strong>et</strong></span> <span class='ocrx_word' id='word_1_325' title='bbox 1572 4089 1769 4148; x_wconf 88' lang='lat' dir='ltr'><strong>quanta</strong></span> <span class='ocrx_word' id='word_1_326' title='bbox 1804 4083 1873 4136; x_wconf 87' lang='lat' dir='ltr'><strong>sit</strong></span> <span class='ocrx_word' id='word_1_327' title='bbox 1921 4083 2001 4137; x_wconf 87' lang='lat' dir='ltr'><strong>vis</strong></span> 
     </span>
    </p>
   </div>
   <div class='ocr_carea' id='block_1_43' title="bbox 412 4162 1998 4245">
    <p class='ocr_par' dir='ltr' id='par_1_43' title="bbox 412 4162 1998 4245">
     <span class='ocr_line' id='line_1_43' title="bbox 412 4162 1998 4245; baseline 0.007 -27"><span class='ocrx_word' id='word_1_328' title='bbox 412 4162 767 4233; x_wconf 86' lang='lat' dir='ltr'><strong>lacrymarum</strong></span> <span class='ocrx_word' id='word_1_329' title='bbox 796 4166 1085 4219; x_wconf 89' lang='lat' dir='ltr'><strong>ostendens</strong></span> <span class='ocrx_word' id='word_1_330' title='bbox 1109 4182 1123 4219; x_wconf 91' lang='lat'><strong>:</strong></span> <span class='ocrx_word' id='word_1_331' title='bbox 1155 4164 1354 4221; x_wconf 85' lang='lat' dir='ltr'><strong>Lavabo</strong></span> <span class='ocrx_word' id='word_1_332' title='bbox 1378 4209 1393 4235; x_wconf 93' lang='lat'><strong>,</strong></span> <span class='ocrx_word' id='word_1_333' title='bbox 1438 4169 1636 4239; x_wconf 76' lang='lat' dir='ltr'><strong>inquit,</strong></span> <span class='ocrx_word' id='word_1_334' title='bbox 1664 4189 1753 4241; x_wconf 87' lang='lat' dir='ltr'><strong>per</strong></span> <span class='ocrx_word' id='word_1_335' title='bbox 1771 4175 1998 4245; x_wconf 83' lang='lat' dir='ltr'><strong>singulas</strong></span> 
     </span>
    </p>
   </div>
   <div class='ocr_carea' id='block_1_44' title="bbox 410 4256 1997 4328">
    <p class='ocr_par' dir='ltr' id='par_1_44' title="bbox 410 4256 1997 4328">
     <span class='ocr_line' id='line_1_44' title="bbox 410 4256 1997 4328; baseline 0.008 -20"><span class='ocrx_word' id='word_1_336' title='bbox 410 4264 584 4309; x_wconf 88' lang='lat' dir='ltr'><strong>noctes</strong></span> <span class='ocrx_word' id='word_1_337' title='bbox 606 4256 787 4308; x_wconf 87' lang='lat' dir='ltr'><strong>lectum</strong></span> <span class='ocrx_word' id='word_1_338' title='bbox 813 4272 998 4322; x_wconf 81' lang='lat' dir='ltr'><strong>meum,</strong></span> <span class='ocrx_word' id='word_1_339' title='bbox 1030 4267 1078 4310; x_wconf 90' lang='lat' dir='ltr'><strong>et</strong></span> <span class='ocrx_word' id='word_1_340' title='bbox 1125 4257 1364 4328; x_wconf 85' lang='lat' dir='ltr'><strong>lacrymis</strong></span> <span class='ocrx_word' id='word_1_341' title='bbox 1406 4262 1528 4315; x_wconf 85' lang='lat' dir='ltr'><strong>meis</strong></span> <span class='ocrx_word' id='word_1_342' title='bbox 1574 4273 1786 4318; x_wconf 84' lang='lat' dir='ltr'><strong>stratum</strong></span> <span class='ocrx_word' id='word_1_343' title='bbox 1832 4283 1997 4321; x_wconf 86' lang='lat' dir='ltr'><strong>meum</strong></span> 
     </span>
    </p>
   </div>
   <div class='ocr_carea' id='block_1_45' title="bbox 410 4346 1994 4424">
    <p class='ocr_par' dir='ltr' id='par_1_45' title="bbox 410 4346 1994 4424">
     <span class='ocr_line' id='line_1_45' title="bbox 410 4346 1994 4424; baseline 0.009 -24"><span class='ocrx_word' id='word_1_344' title='bbox 410 4347 587 4418; x_wconf 86' lang='lat' dir='ltr'><strong>rigabo</strong></span> <span class='ocrx_word' id='word_1_345' title='bbox 615 4346 785 4417; x_wconf 83' lang='lat' dir='ltr'><strong>(I’sal.</strong></span> <span class='ocrx_word' id='word_1_346' title='bbox 812 4346 865 4402; x_wconf 90' lang='lat'><strong>6.</strong></span> <span class='ocrx_word' id='word_1_347' title='bbox 893 4348 970 4418; x_wconf 88' lang='lat'><strong>7).</strong></span> <span class='ocrx_word' id='word_1_348' title='bbox 1002 4350 1163 4415; x_wconf 82' lang='lat' dir='ltr'><strong>Atqui</strong></span> <span class='ocrx_word' id='word_1_349' title='bbox 1210 4351 1253 4403; x_wconf 91' lang='lat' dir='ltr'><strong>si</strong></span> <span class='ocrx_word' id='word_1_350' title='bbox 1302 4350 1655 4424; x_wconf 86' lang='lat' dir='ltr'><strong>lacrymarum</strong></span> <span class='ocrx_word' id='word_1_351' title='bbox 1699 4358 1994 4414; x_wconf 86' lang='lat' dir='ltr'><strong>ubertatem</strong></span> 
     </span>
    </p>
   </div>
   <div class='ocr_carea' id='block_1_46' title="bbox 411 4439 1996 4522">
    <p class='ocr_par' dir='ltr' id='par_1_46' title="bbox 411 4439 1996 4522">
     <span class='ocr_line' id='line_1_46' title="bbox 411 4439 1996 4522; baseline 0.01 -30"><span class='ocrx_word' id='word_1_352' title='bbox 411 4439 670 4495; x_wconf 88' lang='lat' dir='ltr'><strong>voluisset</strong></span> <span class='ocrx_word' id='word_1_353' title='bbox 695 4440 1000 4507; x_wconf 89' lang='lat' dir='ltr'><strong>ostendere,</strong></span> <span class='ocrx_word' id='word_1_354' title='bbox 1031 4444 1160 4498; x_wconf 90' lang='lat' dir='ltr'><strong>satis</strong></span> <span class='ocrx_word' id='word_1_355' title='bbox 1185 4453 1299 4499; x_wconf 88' lang='lat' dir='ltr'><strong>erat</strong></span> <span class='ocrx_word' id='word_1_356' title='bbox 1320 4446 1518 4503; x_wconf 82' lang='lat' dir='ltr'><strong>dixisse</strong></span> <span class='ocrx_word' id='word_1_357' title='bbox 1534 4490 1547 4512; x_wconf 94' lang='lat'><strong>,</strong></span> <span class='ocrx_word' id='word_1_358' title='bbox 1582 4448 1849 4522; x_wconf 88' lang='lat' dir='ltr'><strong>Lacrymis</strong></span> <span class='ocrx_word' id='word_1_359' title='bbox 1874 4456 1996 4508; x_wconf 86' lang='lat' dir='ltr'><strong>meis</strong></span> 
     </span>
    </p>
   </div>
   <div class='ocr_carea' id='block_1_47' title="bbox 411 4533 1995 4612">
    <p class='ocr_par' dir='ltr' id='par_1_47' title="bbox 411 4533 1995 4612">
     <span class='ocr_line' id='line_1_47' title="bbox 411 4533 1995 4612; baseline 0.01 -28"><span class='ocrx_word' id='word_1_360' title='bbox 411 4540 623 4585; x_wconf 87' lang='lat' dir='ltr'><strong>stratum</strong></span> <span class='ocrx_word' id='word_1_361' title='bbox 649 4547 814 4585; x_wconf 87' lang='lat' dir='ltr'><strong>meum</strong></span> <span class='ocrx_word' id='word_1_362' title='bbox 850 4533 1024 4604; x_wconf 86' lang='lat' dir='ltr'><strong>rigabo</strong></span> <span class='ocrx_word' id='word_1_363' title='bbox 1053 4549 1073 4587; x_wconf 93' lang='lat'><strong><em>:</em></strong></span> <span class='ocrx_word' id='word_1_364' title='bbox 1099 4549 1194 4590; x_wconf 92' lang='lat' dir='ltr'><strong>cur</strong></span> <span class='ocrx_word' id='word_1_365' title='bbox 1221 4552 1350 4607; x_wconf 89' lang='lat' dir='ltr'><strong>ergo</strong></span> <span class='ocrx_word' id='word_1_366' title='bbox 1390 4542 1650 4608; x_wconf 67' lang='lat' dir='ltr'><strong>praimisit</strong></span> <span class='ocrx_word' id='word_1_367' title='bbox 1692 4543 1818 4597; x_wconf 89' lang='lat' dir='ltr'><strong>illud</strong></span> <span class='ocrx_word' id='word_1_368' title='bbox 1839 4586 1855 4612; x_wconf 96' lang='lat'><strong>,</strong></span> <span class='ocrx_word' id='word_1_369' title='bbox 1888 4545 1995 4600; x_wconf 89' lang='lat' dir='ltr'><strong>La-</strong></span> 
     </span>
    </p>
   </div>
   <div class='ocr_carea' id='block_1_48' title="bbox 410 4624 1992 4707">
    <p class='ocr_par' dir='ltr' id='par_1_48' title="bbox 410 4624 1992 4707">
     <span class='ocr_line' id='line_1_48' title="bbox 410 4624 1992 4707; baseline 0.013 -31"><span class='ocrx_word' id='word_1_370' title='bbox 410 4624 576 4678; x_wconf 82' lang='lat' dir='ltr'><strong>vabo?</strong></span> <span class='ocrx_word' id='word_1_371' title='bbox 605 4624 671 4680; x_wconf 91' lang='lat' dir='ltr'><strong>Ut</strong></span> <span class='ocrx_word' id='word_1_372' title='bbox 695 4625 943 4680; x_wconf 89' lang='lat' dir='ltr'><strong>ostendat</strong></span> <span class='ocrx_word' id='word_1_373' title='bbox 964 4626 1236 4684; x_wconf 80' lang='lat' dir='ltr'><strong>lavacrum</strong></span> <span class='ocrx_word' id='word_1_374' title='bbox 1262 4640 1317 4685; x_wconf 92' lang='lat' dir='ltr'><strong>et</strong></span> <span class='ocrx_word' id='word_1_375' title='bbox 1346 4633 1611 4703; x_wconf 89' lang='lat' dir='ltr'><strong>piaculum</strong></span> <span class='ocrx_word' id='word_1_376' title='bbox 1650 4648 1992 4707; x_wconf 87' lang='lat' dir='ltr'><strong>peccatorum</strong></span> 
     </span>
    </p>
   </div>
   <div class='ocr_carea' id='block_1_49' title="bbox 408 4717 837 4788">
    <p class='ocr_par' dir='ltr' id='par_1_49' title="bbox 408 4717 837 4788">
     <span class='ocr_line' id='line_1_49' title="bbox 408 4717 837 4788; baseline 0.005 -19"><span class='ocrx_word' id='word_1_377' title='bbox 408 4729 529 4770; x_wconf 89' lang='lat' dir='ltr'><strong>esse</strong></span> <span class='ocrx_word' id='word_1_378' title='bbox 552 4717 837 4788; x_wconf 87' lang='lat' dir='ltr'><strong>lacrymas.</strong></span> 
     </span>
    </p>
   </div>
   <div class='ocr_carea' id='block_1_50' title="bbox 478 4803 1993 4880">
    <p class='ocr_par' dir='ltr' id='par_1_50' title="bbox 478 4803 1993 4880">
     <span class='ocr_line' id='line_1_50' title="bbox 478 4803 1993 4880; baseline 0.017 -24"><span class='ocrx_word' id='word_1_379' title='bbox 478 4805 535 4862; x_wconf 88' lang='lat'><strong>6.</strong></span> <span class='ocrx_word' id='word_1_380' title='bbox 582 4803 801 4860; x_wconf 85' lang='lat' dir='ltr'><strong>Peccata</strong></span> <span class='ocrx_word' id='word_1_381' title='bbox 847 4810 1070 4862; x_wconf 88' lang='lat' dir='ltr'><strong>omnium</strong></span> <span class='ocrx_word' id='word_1_382' title='bbox 1111 4827 1266 4866; x_wconf 88' lang='lat' dir='ltr'><strong>causa</strong></span> <span class='ocrx_word' id='word_1_383' title='bbox 1316 4816 1585 4874; x_wconf 85' lang='lat' dir='ltr'><strong>malorum.</strong></span> <span class='ocrx_word' id='word_1_384' title='bbox 1630 4850 1703 4863; x_wconf 86' lang='lat'><strong>—-</strong></span> <span class='ocrx_word' id='word_1_385' title='bbox 1747 4821 1993 4880; x_wconf 90' lang='lat' dir='ltr'><strong>Omnium</strong></span> 
     </span>
    </p>
   </div>
   <div class='ocr_carea' id='block_1_51' title="bbox 406 4899 1989 4986">
    <p class='ocr_par' dir='ltr' id='par_1_51' title="bbox 406 4899 1989 4986">
     <span class='ocr_line' id='line_1_51' title="bbox 406 4899 1989 4986; baseline 0.013 -33"><span class='ocrx_word' id='word_1_386' title='bbox 406 4912 565 4953; x_wconf 89' lang='lat' dir='ltr'><strong>causa</strong></span> <span class='ocrx_word' id='word_1_387' title='bbox 587 4899 845 4954; x_wconf 92' lang='lat' dir='ltr'><strong>malorum</strong></span> <span class='ocrx_word' id='word_1_388' title='bbox 864 4911 987 4956; x_wconf 91' lang='lat' dir='ltr'><strong>sunt</strong></span> <span class='ocrx_word' id='word_1_389' title='bbox 1015 4915 1225 4972; x_wconf 89' lang='lat' dir='ltr'><strong>peccata</strong></span> <span class='ocrx_word' id='word_1_390' title='bbox 1247 4924 1261 4960; x_wconf 90' lang='lat'><strong>:</strong></span> <span class='ocrx_word' id='word_1_391' title='bbox 1283 4918 1494 4979; x_wconf 90' lang='lat' dir='ltr'><strong>propter</strong></span> <span class='ocrx_word' id='word_1_392' title='bbox 1514 4924 1729 4982; x_wconf 89' lang='lat' dir='ltr'><strong>peccata</strong></span> <span class='ocrx_word' id='word_1_393' title='bbox 1755 4916 1989 4986; x_wconf 88' lang='lat' dir='ltr'><strong>dolores,</strong></span> 
     </span>
    </p>
   </div>
   <div class='ocr_carea' id='block_1_52' title="bbox 404 4994 1988 5083">
    <p class='ocr_par' dir='ltr' id='par_1_52' title="bbox 404 4994 1988 5083">
     <span class='ocr_line' id='line_1_52' title="bbox 404 4994 1988 5083; baseline 0.015 -41"><span class='ocrx_word' id='word_1_394' title='bbox 404 4997 626 5059; x_wconf 88' lang='lat' dir='ltr'><strong>propter</strong></span> <span class='ocrx_word' id='word_1_395' title='bbox 676 5000 892 5061; x_wconf 85' lang='lat' dir='ltr'><strong>peccata</strong></span> <span class='ocrx_word' id='word_1_396' title='bbox 939 4994 1231 5063; x_wconf 89' lang='lat' dir='ltr'><strong>tumultus,</strong></span> <span class='ocrx_word' id='word_1_397' title='bbox 1287 5009 1505 5069; x_wconf 88' lang='lat' dir='ltr'><strong>propter</strong></span> <span class='ocrx_word' id='word_1_398' title='bbox 1555 5016 1770 5073; x_wconf 88' lang='lat' dir='ltr'><strong>peccata</strong></span> <span class='ocrx_word' id='word_1_399' title='bbox 1815 5008 1988 5083; x_wconf 76' lang='lat' dir='ltr'><strong>bella,</strong></span> 
     </span>
    </p>
   </div>
   <div class='ocr_carea' id='block_1_53' title="bbox 405 5082 1991 5155">
    <p class='ocr_par' dir='ltr' id='par_1_53' title="bbox 405 5082 1991 5155">
     <span class='ocr_line' id='line_1_53' title="bbox 405 5082 1991 5155; baseline 0.013 -20"><span class='ocrx_word' id='word_1_400' title='bbox 405 5082 617 5149; x_wconf 90' lang='lat' dir='ltr'><strong>morbi,</strong></span> <span class='ocrx_word' id='word_1_401' title='bbox 644 5092 699 5138; x_wconf 92' lang='lat' dir='ltr'><strong>et</strong></span> <span class='ocrx_word' id='word_1_402' title='bbox 741 5092 997 5154; x_wconf 92' lang='lat' dir='ltr'><strong>quotquot</strong></span> <span class='ocrx_word' id='word_1_403' title='bbox 1040 5087 1193 5142; x_wconf 91' lang='lat' dir='ltr'><strong>nobis</strong></span> <span class='ocrx_word' id='word_1_404' title='bbox 1242 5090 1491 5146; x_wconf 91' lang='lat' dir='ltr'><strong>accidunt</strong></span> <span class='ocrx_word' id='word_1_405' title='bbox 1531 5106 1717 5151; x_wconf 88' lang='lat' dir='ltr'><strong>sanatu</strong></span> <span class='ocrx_word' id='word_1_406' title='bbox 1747 5097 1991 5155; x_wconf 90' lang='lat' dir='ltr'><strong>difﬁciles</strong></span> 
     </span>
    </p>
   </div>
   <div class='ocr_carea' id='block_1_54' title="bbox 404 5174 1989 5256">
    <p class='ocr_par' dir='ltr' id='par_1_54' title="bbox 404 5174 1989 5256">
     <span class='ocr_line' id='line_1_54' title="bbox 404 5174 1989 5256; baseline 0.014 -29"><span class='ocrx_word' id='word_1_407' title='bbox 404 5174 764 5243; x_wconf 67' lang='lat' dir='ltr'><strong>aegritudines.</strong></span> <span class='ocrx_word' id='word_1_408' title='bbox 792 5175 1249 5243; x_wconf 85' lang='lat' dir='ltr'><strong>Quemadmodum</strong></span> <span class='ocrx_word' id='word_1_409' title='bbox 1276 5182 1437 5251; x_wconf 79' lang='lat' dir='ltr'><strong>igitur</strong></span> <span class='ocrx_word' id='word_1_410' title='bbox 1459 5175 1644 5256; x_wconf 86' lang='lat' dir='ltr'><strong>optimi</strong></span> <span class='ocrx_word' id='word_1_411' title='bbox 1667 5192 1855 5247; x_wconf 90' lang='lat' dir='ltr'><strong>medici</strong></span> <span class='ocrx_word' id='word_1_412' title='bbox 1885 5209 1989 5249; x_wconf 87' lang='lat' dir='ltr'><strong>non</strong></span> 
     </span>
    </p>
   </div>
   <div class='ocr_carea' id='block_1_55' title="bbox 372 5260 1989 5341">
    <p class='ocr_par' dir='ltr' id='par_1_55' title="bbox 372 5260 1989 5341">
     <span class='ocr_line' id='line_1_55' title="bbox 372 5260 1989 5341; baseline 0.014 -22"><span class='ocrx_word' id='word_1_413' title='bbox 372 5334 382 5341; x_wconf 42' lang='grc'><em>,</em></span> <span class='ocrx_word' id='word_1_414' title='bbox 405 5266 567 5322; x_wconf 89' lang='lat' dir='ltr'><strong>modo</strong></span> <span class='ocrx_word' id='word_1_415' title='bbox 594 5278 913 5338; x_wconf 86' lang='lat' dir='ltr'><strong>apparentes</strong></span> <span class='ocrx_word' id='word_1_416' title='bbox 937 5271 1150 5327; x_wconf 85' lang='lat' dir='ltr'><strong>morbos</strong></span> <span class='ocrx_word' id='word_1_417' title='bbox 1179 5260 1479 5341; x_wconf 81' lang='lat' dir='ltr'><strong>explorant.</strong></span> <span class='ocrx_word' id='word_1_418' title='bbox 1501 5279 1593 5333; x_wconf 90' lang='lat' dir='ltr'><strong>sed</strong></span> <span class='ocrx_word' id='word_1_419' title='bbox 1617 5280 1775 5337; x_wconf 88' lang='lat' dir='ltr'><strong>etiam</strong></span> <span class='ocrx_word' id='word_1_420' title='bbox 1805 5300 1989 5341; x_wconf 91' lang='lat' dir='ltr'><strong>eorum</strong></span> 
     </span>
    </p>
   </div>
   <div class='ocr_carea' id='block_1_56' title="bbox 403 5358 1991 5432">
    <p class='ocr_par' dir='ltr' id='par_1_56' title="bbox 403 5358 1991 5432">
     <span class='ocr_line' id='line_1_56' title="bbox 403 5358 1991 5432; baseline 0.014 -22"><span class='ocrx_word' id='word_1_421' title='bbox 403 5371 619 5412; x_wconf 85' lang='lat' dir='ltr'><strong>causam</strong></span> <span class='ocrx_word' id='word_1_422' title='bbox 649 5367 955 5414; x_wconf 86' lang='lat' dir='ltr'><strong>scrutantur</strong></span> <span class='ocrx_word' id='word_1_423' title='bbox 982 5379 996 5416; x_wconf 89' lang='lat'><strong>:</strong></span> <span class='ocrx_word' id='word_1_424' title='bbox 1025 5358 1096 5416; x_wconf 91' lang='lat' dir='ltr'><strong>ita</strong></span> <span class='ocrx_word' id='word_1_425' title='bbox 1135 5371 1190 5417; x_wconf 91' lang='lat' dir='ltr'><strong>et</strong></span> <span class='ocrx_word' id='word_1_426' title='bbox 1212 5364 1465 5420; x_wconf 80' lang='lat' dir='ltr'><strong>Servatur</strong></span> <span class='ocrx_word' id='word_1_427' title='bbox 1492 5370 1776 5426; x_wconf 89' lang='lat' dir='ltr'><strong>ostendere</strong></span> <span class='ocrx_word' id='word_1_428' title='bbox 1806 5376 1991 5432; x_wconf 90' lang='lat' dir='ltr'><strong>volens</strong></span> 
     </span>
    </p>
   </div>
   <div class='ocr_carea' id='block_1_57' title="bbox 405 5448 1988 5526">
    <p class='ocr_par' dir='ltr' id='par_1_57' title="bbox 405 5448 1988 5526">
     <span class='ocr_line' id='line_1_57' title="bbox 405 5448 1988 5526; baseline 0.014 -26"><span class='ocrx_word' id='word_1_429' title='bbox 405 5448 644 5503; x_wconf 88' lang='lat' dir='ltr'><strong>omnium</strong></span> <span class='ocrx_word' id='word_1_430' title='bbox 673 5465 792 5520; x_wconf 68' lang='lat' dir='ltr'><strong>qua:</strong></span> <span class='ocrx_word' id='word_1_431' title='bbox 817 5450 1122 5508; x_wconf 88' lang='lat' dir='ltr'><strong>hominibus</strong></span> <span class='ocrx_word' id='word_1_432' title='bbox 1147 5458 1459 5526; x_wconf 82' lang='lat' dir='ltr'><strong>centingunt</strong></span> <span class='ocrx_word' id='word_1_433' title='bbox 1486 5461 1744 5517; x_wconf 89' lang='lat' dir='ltr'><strong>malorum</strong></span> <span class='ocrx_word' id='word_1_434' title='bbox 1775 5479 1988 5521; x_wconf 89' lang='lat' dir='ltr'><strong>causam</strong></span> 
     </span>
    </p>
   </div>
   <div class='ocr_carea' id='block_1_58' title="bbox 403 5543 1993 5622">
    <p class='ocr_par' dir='ltr' id='par_1_58' title="bbox 403 5543 1993 5622">
     <span class='ocr_line' id='line_1_58' title="bbox 403 5543 1993 5622; baseline 0.014 -31"><span class='ocrx_word' id='word_1_435' title='bbox 403 5553 524 5593; x_wconf 89' lang='lat' dir='ltr'><strong>esse</strong></span> <span class='ocrx_word' id='word_1_436' title='bbox 554 5549 825 5609; x_wconf 87' lang='lat' dir='ltr'><strong>peccatum</strong></span> <span class='ocrx_word' id='word_1_437' title='bbox 851 5582 866 5606; x_wconf 93' lang='lat'><strong>,</strong></span> <span class='ocrx_word' id='word_1_438' title='bbox 897 5543 1187 5615; x_wconf 85' lang='lat' dir='ltr'><strong>paralytieo</strong></span> <span class='ocrx_word' id='word_1_439' title='bbox 1216 5545 1343 5601; x_wconf 91' lang='lat' dir='ltr'><strong>dicit</strong></span> <span class='ocrx_word' id='word_1_440' title='bbox 1369 5588 1383 5610; x_wconf 93' lang='lat'><strong>,</strong></span> <span class='ocrx_word' id='word_1_441' title='bbox 1416 5549 1536 5619; x_wconf 88' lang='lat' dir='ltr'><strong>quia</strong></span> <span class='ocrx_word' id='word_1_442' title='bbox 1566 5567 1756 5622; x_wconf 86' lang='lat' dir='ltr'><strong>nempe</strong></span> <span class='ocrx_word' id='word_1_443' title='bbox 1781 5556 1993 5613; x_wconf 89' lang='lat' dir='ltr'><strong>videbat</strong></span> 
     </span>
    </p>
   </div>
   <div class='ocr_carea' id='block_1_59' title="bbox 405 5627 1988 5710">
    <p class='ocr_par' dir='ltr' id='par_1_59' title="bbox 405 5627 1988 5710">
     <span class='ocr_line' id='line_1_59' title="bbox 405 5627 1988 5710; baseline 0.014 -27"><span class='ocrx_word' id='word_1_444' title='bbox 405 5627 495 5683; x_wconf 81' lang='lat' dir='ltr'><strong>ille</strong></span> <span class='ocrx_word' id='word_1_445' title='bbox 519 5631 814 5685; x_wconf 90' lang='lat' dir='ltr'><strong>animarum</strong></span> <span class='ocrx_word' id='word_1_446' title='bbox 844 5634 1080 5689; x_wconf 91' lang='lat' dir='ltr'><strong>medicus</strong></span> <span class='ocrx_word' id='word_1_447' title='bbox 1100 5651 1221 5690; x_wconf 87' lang='lat' dir='ltr'><strong>cum</strong></span> <span class='ocrx_word' id='word_1_448' title='bbox 1246 5639 1421 5693; x_wconf 89' lang='lat' dir='ltr'><strong>anima</strong></span> <span class='ocrx_word' id='word_1_449' title='bbox 1452 5642 1615 5710; x_wconf 88' lang='lat' dir='ltr'><strong>prius,</strong></span> <span class='ocrx_word' id='word_1_450' title='bbox 1643 5644 1836 5702; x_wconf 89' lang='lat' dir='ltr'><strong>deinde</strong></span> <span class='ocrx_word' id='word_1_451' title='bbox 1865 5664 1988 5704; x_wconf 90' lang='lat' dir='ltr'><strong>cor-</strong></span> 
     </span>
    </p>
   </div>
   <div class='ocr_carea' id='block_1_60' title="bbox 406 5721 1988 5813">
    <p class='ocr_par' dir='ltr' id='par_1_60' title="bbox 406 5721 1988 5813">
     <span class='ocr_line' id='line_1_60' title="bbox 406 5721 1988 5813; baseline 0.018 -41"><span class='ocrx_word' id='word_1_452' title='bbox 406 5735 536 5792; x_wconf 85' lang='lat' dir='ltr'><strong>pore</strong></span> <span class='ocrx_word' id='word_1_453' title='bbox 585 5721 927 5792; x_wconf 81' lang='lat' dir='ltr'><strong>paralyticum</strong></span> <span class='ocrx_word' id='word_1_454' title='bbox 948 5767 963 5792; x_wconf 93' lang='lat'><strong>,</strong></span> <span class='ocrx_word' id='word_1_455' title='bbox 992 5727 1061 5780; x_wconf 86' lang='lat' dir='ltr'><strong>ait</strong></span> <span class='ocrx_word' id='word_1_456' title='bbox 1087 5768 1103 5794; x_wconf 92' lang='lat'><strong>,</strong></span> <span class='ocrx_word' id='word_1_457' title='bbox 1131 5729 1343 5800; x_wconf 87' lang='lat' dir='ltr'><strong>inquam</strong></span> <span class='ocrx_word' id='word_1_458' title='bbox 1365 5772 1380 5800; x_wconf 90' lang='lat'><strong>,</strong></span> <span class='ocrx_word' id='word_1_459' title='bbox 1417 5732 1493 5789; x_wconf 90' lang='lat' dir='ltr'><strong>illi</strong></span> <span class='ocrx_word' id='word_1_460' title='bbox 1526 5753 1540 5791; x_wconf 86' lang='lat'><strong>:</strong></span> <span class='ocrx_word' id='word_1_461' title='bbox 1576 5737 1707 5797; x_wconf 82' lang='lat' dir='ltr'><strong>Ecce</strong></span> <span class='ocrx_word' id='word_1_462' title='bbox 1729 5759 1881 5799; x_wconf 79' lang='lat' dir='ltr'><strong>sanus</strong></span> <span class='ocrx_word' id='word_1_463' title='bbox 1909 5745 1988 5813; x_wconf 81' lang='lat' dir='ltr'><strong>fa-</strong></span> 
     </span>
    </p>
   </div>
   <div class='ocr_carea' id='block_1_61' title="bbox 1179 292 2961 355">
    <p class='ocr_par' dir='ltr' id='par_1_61' title="bbox 1179 292 2961 355">
     <span class='ocr_line' id='line_1_61' title="bbox 1179 292 2961 355; baseline 0.001 -3"><span class='ocrx_word' id='word_1_464' title='bbox 1179 294 1235 352; x_wconf 91' lang='lat' dir='ltr'><strong>S.</strong></span> <span class='ocrx_word' id='word_1_465' title='bbox 1266 294 1544 351; x_wconf 66' lang='lat' dir='ltr'><strong>JOANNlS</strong></span> <span class='ocrx_word' id='word_1_466' title='bbox 1578 292 2049 351; x_wconf 75' lang='lat' dir='ltr'><strong>CIIRYSOSTOMI</strong></span> <span class='ocrx_word' id='word_1_467' title='bbox 2079 293 2396 350; x_wconf 71' lang='lat' dir='ltr'><strong>ARCIIIEP.</strong></span> <span class='ocrx_word' id='word_1_468' title='bbox 2426 293 2961 355; x_wconf 79' lang='lat' dir='ltr'><strong>CONSTANTINOP.</strong></span> 
     </span>
    </p>
   </div>
   <div class='ocr_carea' id='block_1_62' title="bbox 3618 305 3728 359">
    <p class='ocr_par' dir='ltr' id='par_1_62' title="bbox 3618 305 3728 359">
     <span class='ocr_line' id='line_1_62' title="bbox 3618 305 3728 359; baseline -0.018 0"><span class='ocrx_word' id='word_1_469' title='bbox 3618 305 3728 359; x_wconf 71' lang='lat'><strong>55?.</strong></span> 
     </span>
    </p>
   </div>
   <div class='ocr_carea' id='block_1_63' title="bbox 2146 406 3733 478">
    <p class='ocr_par' dir='ltr' id='par_1_63' title="bbox 2146 406 3733 478">
     <span class='ocr_line' id='line_1_63' title="bbox 2146 406 3733 478; baseline 0.012 -21"><span class='ocrx_word' id='word_1_470' title='bbox 2146 413 2255 459; x_wconf 85' lang='lat' dir='ltr'><strong>ctus</strong></span> <span class='ocrx_word' id='word_1_471' title='bbox 2277 421 2330 459; x_wconf 89' lang='lat' dir='ltr'><strong>es</strong></span> <span class='ocrx_word' id='word_1_472' title='bbox 2355 446 2368 467; x_wconf 93' lang='lat'><strong>,</strong></span> <span class='ocrx_word' id='word_1_473' title='bbox 2393 406 2498 459; x_wconf 87' lang='lat' dir='ltr'><strong>noli</strong></span> <span class='ocrx_word' id='word_1_474' title='bbox 2520 408 2739 478; x_wconf 78' lang='lat' dir='ltr'><strong>amplius</strong></span> <span class='ocrx_word' id='word_1_475' title='bbox 2765 425 2988 477; x_wconf 85' lang='lat' dir='ltr'><strong>peccare,</strong></span> <span class='ocrx_word' id='word_1_476' title='bbox 3022 426 3082 465; x_wconf 84' lang='lat' dir='ltr'><strong>ne</strong></span> <span class='ocrx_word' id='word_1_477' title='bbox 3105 413 3227 475; x_wconf 75' lang='lat' dir='ltr'><strong>quid</strong></span> <span class='ocrx_word' id='word_1_478' title='bbox 3252 415 3338 470; x_wconf 84' lang='lat' dir='ltr'><strong>tibi</strong></span> <span class='ocrx_word' id='word_1_479' title='bbox 3362 416 3583 475; x_wconf 73' lang='lat' dir='ltr'><strong>deterius</strong></span> <span class='ocrx_word' id='word_1_480' title='bbox 3606 437 3733 474; x_wconf 79' lang='lat' dir='ltr'><strong>con-</strong></span> 
     </span>
    </p>
   </div>
   <div class='ocr_carea' id='block_1_64' title="bbox 2127 496 3733 572">
    <p class='ocr_par' dir='ltr' id='par_1_64' title="bbox 2127 496 3733 572">
     <span class='ocr_line' id='line_1_64' title="bbox 2127 496 3733 572; baseline 0.012 -25"><span class='ocrx_word' id='word_1_481' title='bbox 2127 497 2286 567; x_wconf 86' lang='lat' dir='ltr'><strong>tingat</strong></span> <span class='ocrx_word' id='word_1_482' title='bbox 2312 496 2504 566; x_wconf 81' lang='lat' dir='ltr'><strong>(Joan.</strong></span> <span class='ocrx_word' id='word_1_483' title='bbox 2523 498 2577 553; x_wconf 83' lang='grc'><strong>5.</strong></span> <span class='ocrx_word' id='word_1_484' title='bbox 2605 498 2716 569; x_wconf 74' lang='grc'><strong>14).</strong></span> <span class='ocrx_word' id='word_1_485' title='bbox 2755 500 2916 571; x_wconf 87' lang='lat' dir='ltr'><strong>Igitur</strong></span> <span class='ocrx_word' id='word_1_486' title='bbox 2938 512 2991 556; x_wconf 92' lang='lat' dir='ltr'><strong>et</strong></span> <span class='ocrx_word' id='word_1_487' title='bbox 3020 505 3371 572; x_wconf 63' lang='lat' dir='ltr'><strong>praecedentis</strong></span> <span class='ocrx_word' id='word_1_488' title='bbox 3398 508 3733 566; x_wconf 81' lang='lat' dir='ltr'><strong>inﬁrmitatis</strong></span> 
     </span>
    </p>
   </div>
   <div class='ocr_carea' id='block_1_65' title="bbox 2127 593 3733 668">
    <p class='ocr_par' dir='ltr' id='par_1_65' title="bbox 2127 593 3733 668">
     <span class='ocr_line' id='line_1_65' title="bbox 2127 593 3733 668; baseline 0.011 -27"><span class='ocrx_word' id='word_1_489' title='bbox 2127 601 2289 641; x_wconf 88' lang='lat' dir='ltr'><strong>causa</strong></span> <span class='ocrx_word' id='word_1_490' title='bbox 2318 598 2594 658; x_wconf 86' lang='lat' dir='ltr'><strong>peccatum</strong></span> <span class='ocrx_word' id='word_1_491' title='bbox 2630 602 2779 656; x_wconf 90' lang='lat' dir='ltr'><strong>erat;</strong></span> <span class='ocrx_word' id='word_1_492' title='bbox 2810 594 2860 646; x_wconf 91' lang='lat' dir='ltr'><strong>id</strong></span> <span class='ocrx_word' id='word_1_493' title='bbox 2890 593 3069 649; x_wconf 88' lang='lat' dir='ltr'><strong>damni</strong></span> <span class='ocrx_word' id='word_1_494' title='bbox 3097 611 3253 651; x_wconf 86' lang='lat' dir='ltr'><strong>causa</strong></span> <span class='ocrx_word' id='word_1_495' title='bbox 3273 639 3288 662; x_wconf 94' lang='lat'><strong>,</strong></span> <span class='ocrx_word' id='word_1_496' title='bbox 3320 599 3371 653; x_wconf 88' lang='lat' dir='ltr'><strong>id</strong></span> <span class='ocrx_word' id='word_1_497' title='bbox 3413 601 3641 668; x_wconf 77' lang='lat' dir='ltr'><strong>doloris,</strong></span> <span class='ocrx_word' id='word_1_498' title='bbox 3675 604 3733 659; x_wconf 83' lang='lat' dir='ltr'><strong>id</strong></span> 
     </span>
    </p>
   </div>
   <div class='ocr_carea' id='block_1_66' title="bbox 2126 681 3724 758">
    <p class='ocr_par' dir='ltr' id='par_1_66' title="bbox 2126 681 3724 758">
     <span class='ocr_line' id='line_1_66' title="bbox 2126 681 3724 758; baseline 0.009 -25"><span class='ocrx_word' id='word_1_499' title='bbox 2126 681 2441 736; x_wconf 86' lang='lat' dir='ltr'><strong>calamitatis</strong></span> <span class='ocrx_word' id='word_1_500' title='bbox 2472 684 2731 738; x_wconf 63' lang='lat' dir='ltr'><strong>universae</strong></span> <span class='ocrx_word' id='word_1_501' title='bbox 2750 685 2989 739; x_wconf 88' lang='lat' dir='ltr'><strong>materia.</strong></span> <span class='ocrx_word' id='word_1_502' title='bbox 3017 687 3278 742; x_wconf 65' lang='lat' dir='ltr'><strong>Caeterum</strong></span> <span class='ocrx_word' id='word_1_503' title='bbox 3304 690 3433 745; x_wconf 90' lang='lat' dir='ltr'><strong>illud</strong></span> <span class='ocrx_word' id='word_1_504' title='bbox 3456 695 3724 758; x_wconf 85' lang='lat' dir='ltr'><strong>admiror,</strong></span> 
     </span>
    </p>
   </div>
   <div class='ocr_carea' id='block_1_67' title="bbox 2126 771 3732 841">
    <p class='ocr_par' dir='ltr' id='par_1_67' title="bbox 2126 771 3732 841">
     <span class='ocr_line' id='line_1_67' title="bbox 2126 771 3732 841; baseline 0.012 -21"><span class='ocrx_word' id='word_1_505' title='bbox 2126 772 2397 840; x_wconf 86' lang='lat' dir='ltr'><strong>quomodo</strong></span> <span class='ocrx_word' id='word_1_506' title='bbox 2433 773 2521 841; x_wconf 88' lang='lat' dir='ltr'><strong>qui</strong></span> <span class='ocrx_word' id='word_1_507' title='bbox 2549 771 2690 828; x_wconf 89' lang='lat' dir='ltr'><strong>hunc</strong></span> <span class='ocrx_word' id='word_1_508' title='bbox 2718 773 2955 829; x_wconf 89' lang='lat' dir='ltr'><strong>dolorem</strong></span> <span class='ocrx_word' id='word_1_509' title='bbox 2985 775 3054 831; x_wconf 90' lang='lat' dir='ltr'><strong>ab</strong></span> <span class='ocrx_word' id='word_1_510' title='bbox 3083 778 3234 833; x_wconf 83' lang='lat' dir='ltr'><strong>initio</strong></span> <span class='ocrx_word' id='word_1_511' title='bbox 3263 779 3467 836; x_wconf 84' lang='lat' dir='ltr'><strong>homini</strong></span> <span class='ocrx_word' id='word_1_512' title='bbox 3498 785 3732 840; x_wconf 86' lang='lat' dir='ltr'><strong>dederat</strong></span> 
     </span>
    </p>
   </div>
   <div class='ocr_carea' id='block_1_68' title="bbox 2128 860 3727 944">
    <p class='ocr_par' dir='ltr' id='par_1_68' title="bbox 2128 860 3727 944">
     <span class='ocr_line' id='line_1_68' title="bbox 2128 860 3727 944; baseline 0.012 -30"><span class='ocrx_word' id='word_1_513' title='bbox 2128 860 2269 914; x_wconf 86' lang='lat' dir='ltr'><strong>Deus</strong></span> <span class='ocrx_word' id='word_1_514' title='bbox 2298 871 2515 931; x_wconf 89' lang='lat' dir='ltr'><strong>propter</strong></span> <span class='ocrx_word' id='word_1_515' title='bbox 2542 874 2834 931; x_wconf 89' lang='lat' dir='ltr'><strong>peccatum,</strong></span> <span class='ocrx_word' id='word_1_516' title='bbox 2863 869 3124 922; x_wconf 86' lang='lat' dir='ltr'><strong>sententia</strong></span> <span class='ocrx_word' id='word_1_517' title='bbox 3153 874 3472 928; x_wconf 89' lang='lat' dir='ltr'><strong>sententiam</strong></span> <span class='ocrx_word' id='word_1_518' title='bbox 3500 877 3727 944; x_wconf 79' lang='lat' dir='ltr'><strong>solvat,</strong></span> 
     </span>
    </p>
   </div>
   <div class='ocr_carea' id='block_1_69' title="bbox 2129 952 3728 1034">
    <p class='ocr_par' dir='ltr' id='par_1_69' title="bbox 2129 952 3728 1034">
     <span class='ocr_line' id='line_1_69' title="bbox 2129 952 3728 1034; baseline 0.011 -29"><span class='ocrx_word' id='word_1_519' title='bbox 2129 959 2186 1006; x_wconf 92' lang='lat' dir='ltr'><strong>et</strong></span> <span class='ocrx_word' id='word_1_520' title='bbox 2213 952 2658 1009; x_wconf 90' lang='lat' dir='ltr'><strong>condemnatione</strong></span> <span class='ocrx_word' id='word_1_521' title='bbox 2678 956 3172 1014; x_wconf 78' lang='lat' dir='ltr'><strong>condemnationem</strong></span> <span class='ocrx_word' id='word_1_522' title='bbox 3194 962 3388 1031; x_wconf 86' lang='lat' dir='ltr'><strong>ejiciat.</strong></span> <span class='ocrx_word' id='word_1_523' title='bbox 3415 964 3728 1034; x_wconf 82' lang='lat' dir='ltr'><strong>Quomodo,</strong></span> 
     </span>
    </p>
   </div>
   <div class='ocr_carea' id='block_1_70' title="bbox 2124 1043 3728 1129">
    <p class='ocr_par' dir='ltr' id='par_1_70' title="bbox 2124 1043 3728 1129">
     <span class='ocr_line' id='line_1_70' title="bbox 2124 1043 3728 1129; baseline 0.011 -32"><span class='ocrx_word' id='word_1_524' title='bbox 2124 1043 2270 1098; x_wconf 88' lang='lat' dir='ltr'><strong>audi.</strong></span> <span class='ocrx_word' id='word_1_525' title='bbox 2300 1045 2428 1098; x_wconf 88' lang='lat' dir='ltr'><strong>Data</strong></span> <span class='ocrx_word' id='word_1_526' title='bbox 2459 1056 2538 1099; x_wconf 91' lang='lat' dir='ltr'><strong>est</strong></span> <span class='ocrx_word' id='word_1_527' title='bbox 2566 1046 2775 1101; x_wconf 89' lang='lat' dir='ltr'><strong>tristitia</strong></span> <span class='ocrx_word' id='word_1_528' title='bbox 2813 1061 3032 1119; x_wconf 90' lang='lat' dir='ltr'><strong>propter</strong></span> <span class='ocrx_word' id='word_1_529' title='bbox 3064 1062 3338 1121; x_wconf 86' lang='lat' dir='ltr'><strong>peccatum</strong></span> <span class='ocrx_word' id='word_1_530' title='bbox 3359 1098 3374 1122; x_wconf 91' lang='lat'><strong>,</strong></span> <span class='ocrx_word' id='word_1_531' title='bbox 3404 1066 3458 1112; x_wconf 91' lang='lat' dir='ltr'><strong>et</strong></span> <span class='ocrx_word' id='word_1_532' title='bbox 3486 1074 3583 1129; x_wconf 89' lang='lat' dir='ltr'><strong>per</strong></span> <span class='ocrx_word' id='word_1_533' title='bbox 3616 1061 3728 1115; x_wconf 80' lang='lat' dir='ltr'><strong>tri-</strong></span> 
     </span>
    </p>
   </div>
   <div class='ocr_carea' id='block_1_71' title="bbox 2123 1135 3726 1217">
    <p class='ocr_par' dir='ltr' id='par_1_71' title="bbox 2123 1135 3726 1217">
     <span class='ocr_line' id='line_1_71' title="bbox 2123 1135 3726 1217; baseline 0.011 -27"><span class='ocrx_word' id='word_1_534' title='bbox 2123 1135 2320 1190; x_wconf 76' lang='lat' dir='ltr'><strong>Stitiam</strong></span> <span class='ocrx_word' id='word_1_535' title='bbox 2351 1147 2623 1205; x_wconf 89' lang='lat' dir='ltr'><strong>peccatum</strong></span> <span class='ocrx_word' id='word_1_536' title='bbox 2646 1139 2888 1196; x_wconf 89' lang='lat' dir='ltr'><strong>solvitur.</strong></span> <span class='ocrx_word' id='word_1_537' title='bbox 2912 1142 3140 1199; x_wconf 82' lang='lat' dir='ltr'><strong>Attende</strong></span> <span class='ocrx_word' id='word_1_538' title='bbox 3162 1146 3479 1217; x_wconf 85' lang='lat' dir='ltr'><strong>diligenter:</strong></span> <span class='ocrx_word' id='word_1_539' title='bbox 3504 1153 3726 1207; x_wconf 82' lang='lat' dir='ltr'><strong>mulieri</strong></span> 
     </span>
    </p>
   </div>
   <div class='ocr_carea' id='block_1_72' title="bbox 2126 1228 3727 1314">
    <p class='ocr_par' dir='ltr' id='par_1_72' title="bbox 2126 1228 3727 1314">
     <span class='ocr_line' id='line_1_72' title="bbox 2126 1228 3727 1314; baseline 0.013 -35"><span class='ocrx_word' id='word_1_540' title='bbox 2126 1228 2456 1282; x_wconf 87' lang='lat' dir='ltr'><strong>comminans</strong></span> <span class='ocrx_word' id='word_1_541' title='bbox 2496 1229 2637 1284; x_wconf 91' lang='lat' dir='ltr'><strong>Deus</strong></span> <span class='ocrx_word' id='word_1_542' title='bbox 2659 1269 2677 1297; x_wconf 88' lang='lat'><strong>,</strong></span> <span class='ocrx_word' id='word_1_543' title='bbox 2706 1240 2761 1285; x_wconf 89' lang='lat' dir='ltr'><strong>et</strong></span> <span class='ocrx_word' id='word_1_544' title='bbox 2807 1245 3022 1304; x_wconf 87' lang='lat' dir='ltr'><strong>propter</strong></span> <span class='ocrx_word' id='word_1_545' title='bbox 3052 1239 3539 1305; x_wconf 67' lang='lat' dir='ltr'><strong>praevaricationem</strong></span> <span class='ocrx_word' id='word_1_546' title='bbox 3583 1259 3727 1314; x_wconf 89' lang='lat' dir='ltr'><strong>sup-</strong></span> 
     </span>
    </p>
   </div>
   <div class='ocr_carea' id='block_1_73' title="bbox 2123 1317 3722 1403">
    <p class='ocr_par' dir='ltr' id='par_1_73' title="bbox 2123 1317 3722 1403">
     <span class='ocr_line' id='line_1_73' title="bbox 2123 1317 3722 1403; baseline 0.011 -33"><span class='ocrx_word' id='word_1_547' title='bbox 2123 1317 2339 1386; x_wconf 85' lang='lat' dir='ltr'><strong>plicium</strong></span> <span class='ocrx_word' id='word_1_548' title='bbox 2376 1319 2656 1387; x_wconf 89' lang='lat' dir='ltr'><strong>inducens,</strong></span> <span class='ocrx_word' id='word_1_549' title='bbox 2687 1324 2759 1375; x_wconf 88' lang='lat' dir='ltr'><strong>ait</strong></span> <span class='ocrx_word' id='word_1_550' title='bbox 2786 1323 2859 1377; x_wconf 93' lang='lat' dir='ltr'><strong>illi</strong></span> <span class='ocrx_word' id='word_1_551' title='bbox 2884 1341 2897 1377; x_wconf 89' lang='lat'><strong>:</strong></span> <span class='ocrx_word' id='word_1_552' title='bbox 2921 1322 2988 1378; x_wconf 89' lang='lat' dir='ltr'><strong>In</strong></span> <span class='ocrx_word' id='word_1_553' title='bbox 3015 1325 3189 1381; x_wconf 86' lang='lat' dir='ltr'><strong>dolare</strong></span> <span class='ocrx_word' id='word_1_554' title='bbox 3213 1330 3378 1398; x_wconf 86' lang='lat' dir='ltr'><strong>paries</strong></span> <span class='ocrx_word' id='word_1_555' title='bbox 3396 1332 3531 1400; x_wconf 82' lang='lat' dir='ltr'><strong>[ilics</strong></span> <span class='ocrx_word' id='word_1_556' title='bbox 3558 1332 3722 1403; x_wconf 83' lang='lat' dir='ltr'><strong>(Gen.</strong></span> 
     </span>
    </p>
   </div>
   <div class='ocr_carea' id='block_1_74' title="bbox 2121 1408 3719 1486">
    <p class='ocr_par' dir='ltr' id='par_1_74' title="bbox 2121 1408 3719 1486">
     <span class='ocr_line' id='line_1_74' title="bbox 2121 1408 3719 1486; baseline 0.009 -23"><span class='ocrx_word' id='word_1_557' title='bbox 2121 1408 2315 1482; x_wconf 75' lang='lat'><strong>5.16)</strong></span> <span class='ocrx_word' id='word_1_558' title='bbox 2349 1427 2362 1465; x_wconf 91' lang='lat'><strong>:</strong></span> <span class='ocrx_word' id='word_1_559' title='bbox 2392 1411 2730 1482; x_wconf 88' lang='lat' dir='ltr'><strong>ostenditque</strong></span> <span class='ocrx_word' id='word_1_560' title='bbox 2772 1413 2997 1468; x_wconf 86' lang='lat' dir='ltr'><strong>fructum</strong></span> <span class='ocrx_word' id='word_1_561' title='bbox 3036 1421 3240 1486; x_wconf 89' lang='lat' dir='ltr'><strong>peccati</strong></span> <span class='ocrx_word' id='word_1_562' title='bbox 3281 1435 3401 1475; x_wconf 85' lang='lat' dir='ltr'><strong>esse</strong></span> <span class='ocrx_word' id='word_1_563' title='bbox 3445 1423 3719 1480; x_wconf 85' lang='lat' dir='ltr'><strong>dolorem.</strong></span> 
     </span>
    </p>
   </div>
   <div class='ocr_carea' id='block_1_75' title="bbox 2121 1500 3720 1583">
    <p class='ocr_par' dir='ltr' id='par_1_75' title="bbox 2121 1500 3720 1583">
     <span class='ocr_line' id='line_1_75' title="bbox 2121 1500 3720 1583; baseline 0.008 -26"><span class='ocrx_word' id='word_1_564' title='bbox 2121 1500 2267 1568; x_wconf 89' lang='lat' dir='ltr'><strong>Sed,</strong></span> <span class='ocrx_word' id='word_1_565' title='bbox 2299 1517 2333 1556; x_wconf 89' lang='grc' dir='ltr'>ο</span> <span class='ocrx_word' id='word_1_566' title='bbox 2376 1505 2715 1573; x_wconf 89' lang='lat' dir='ltr'><strong>magniﬁcum</strong></span> <span class='ocrx_word' id='word_1_567' title='bbox 2740 1506 2754 1561; x_wconf 88' lang='grc' dir='ltr'><strong>ι</strong></span> <span class='ocrx_word' id='word_1_568' title='bbox 2782 1507 2923 1575; x_wconf 91' lang='lat' dir='ltr'><strong>quod</strong></span> <span class='ocrx_word' id='word_1_569' title='bbox 2964 1508 3112 1563; x_wconf 89' lang='lat' dir='ltr'><strong>dedit</strong></span> <span class='ocrx_word' id='word_1_570' title='bbox 3154 1511 3222 1564; x_wconf 87' lang='lat' dir='ltr'><strong>ad</strong></span> <span class='ocrx_word' id='word_1_571' title='bbox 3273 1515 3586 1583; x_wconf 83' lang='lat' dir='ltr'><strong>supplicium</strong></span> <span class='ocrx_word' id='word_1_572' title='bbox 3613 1558 3630 1579; x_wconf 86' lang='lat'><strong>,</strong></span> <span class='ocrx_word' id='word_1_573' title='bbox 3661 1517 3720 1570; x_wconf 91' lang='lat' dir='ltr'><strong>in</strong></span> 
     </span>
    </p>
   </div>
   <div class='ocr_carea' id='block_1_76' title="bbox 2120 1591 3719 1672">
    <p class='ocr_par' dir='ltr' id='par_1_76' title="bbox 2120 1591 3719 1672">
     <span class='ocr_line' id='line_1_76' title="bbox 2120 1591 3719 1672; baseline 0.011 -27"><span class='ocrx_word' id='word_1_574' title='bbox 2120 1591 2346 1646; x_wconf 88' lang='lat' dir='ltr'><strong>salutem</strong></span> <span class='ocrx_word' id='word_1_575' title='bbox 2386 1596 2626 1648; x_wconf 86' lang='lat' dir='ltr'><strong>mutavit.</strong></span> <span class='ocrx_word' id='word_1_576' title='bbox 2658 1596 2937 1651; x_wconf 86' lang='lat' dir='ltr'><strong>Peccatum</strong></span> <span class='ocrx_word' id='word_1_577' title='bbox 2968 1597 3209 1653; x_wconf 90' lang='lat' dir='ltr'><strong>dolorem</strong></span> <span class='ocrx_word' id='word_1_578' title='bbox 3239 1605 3444 1672; x_wconf 86' lang='lat' dir='ltr'><strong>peperit</strong></span> <span class='ocrx_word' id='word_1_579' title='bbox 3475 1623 3491 1660; x_wconf 89' lang='lat'><strong>:</strong></span> <span class='ocrx_word' id='word_1_580' title='bbox 3520 1606 3719 1662; x_wconf 85' lang='lat' dir='ltr'><strong>dolore</strong></span> 
     </span>
    </p>
   </div>
   <div class='ocr_carea' id='block_1_77' title="bbox 2120 1687 3720 1758">
    <p class='ocr_par' dir='ltr' id='par_1_77' title="bbox 2120 1687 3720 1758">
     <span class='ocr_line' id='line_1_77' title="bbox 2120 1687 3720 1758; baseline 0.012 -24"><span class='ocrx_word' id='word_1_581' title='bbox 2120 1693 2396 1752; x_wconf 88' lang='lat' dir='ltr'><strong>peccatum</strong></span> <span class='ocrx_word' id='word_1_582' title='bbox 2439 1687 2768 1757; x_wconf 88' lang='lat' dir='ltr'><strong>consumpsit</strong></span> <span class='ocrx_word' id='word_1_583' title='bbox 2811 1704 2825 1740; x_wconf 88' lang='lat'><strong>:</strong></span> <span class='ocrx_word' id='word_1_584' title='bbox 2872 1696 2927 1742; x_wconf 91' lang='lat' dir='ltr'><strong>et</strong></span> <span class='ocrx_word' id='word_1_585' title='bbox 2952 1690 3397 1758; x_wconf 86' lang='lat' dir='ltr'><strong>quemadmodum</strong></span> <span class='ocrx_word' id='word_1_586' title='bbox 3437 1700 3641 1753; x_wconf 83' lang='lat' dir='ltr'><strong>vermis</strong></span> <span class='ocrx_word' id='word_1_587' title='bbox 3683 1716 3720 1752; x_wconf 79' lang='grc' dir='ltr'><strong>ο</strong></span> 
     </span>
    </p>
   </div>
   <div class='ocr_carea' id='block_1_78' title="bbox 2120 1772 3719 1848">
    <p class='ocr_par' dir='ltr' id='par_1_78' title="bbox 2120 1772 3719 1848">
     <span class='ocr_line' id='line_1_78' title="bbox 2120 1772 3719 1848; baseline 0.013 -22"><span class='ocrx_word' id='word_1_588' title='bbox 2120 1772 2263 1844; x_wconf 89' lang='lat' dir='ltr'><strong>ligno</strong></span> <span class='ocrx_word' id='word_1_589' title='bbox 2304 1783 2460 1829; x_wconf 87' lang='lat' dir='ltr'><strong>natus</strong></span> <span class='ocrx_word' id='word_1_590' title='bbox 2500 1778 2670 1845; x_wconf 92' lang='lat' dir='ltr'><strong>ipsum</strong></span> <span class='ocrx_word' id='word_1_591' title='bbox 2698 1778 2896 1847; x_wconf 89' lang='lat' dir='ltr'><strong>lignum</strong></span> <span class='ocrx_word' id='word_1_592' title='bbox 2938 1784 3237 1848; x_wconf 88' lang='lat' dir='ltr'><strong>consumit,</strong></span> <span class='ocrx_word' id='word_1_593' title='bbox 3267 1785 3346 1840; x_wconf 90' lang='lat' dir='ltr'><strong>sic</strong></span> <span class='ocrx_word' id='word_1_594' title='bbox 3386 1794 3441 1841; x_wconf 92' lang='lat' dir='ltr'><strong>et</strong></span> <span class='ocrx_word' id='word_1_595' title='bbox 3481 1789 3640 1843; x_wconf 90' lang='lat' dir='ltr'><strong>dolor</strong></span> <span class='ocrx_word' id='word_1_596' title='bbox 3680 1805 3719 1846; x_wconf 77' lang='grc' dir='ltr'><strong>ο</strong></span> 
     </span>
    </p>
   </div>
   <div class='ocr_carea' id='block_1_79' title="bbox 2118 1873 3711 1947">
    <p class='ocr_par' dir='ltr' id='par_1_79' title="bbox 2118 1873 3711 1947">
     <span class='ocr_line' id='line_1_79' title="bbox 2118 1873 3711 1947; baseline 0.013 -32"><span class='ocrx_word' id='word_1_597' title='bbox 2118 1873 2338 1934; x_wconf 88' lang='lat' dir='ltr'><strong>peccato</strong></span> <span class='ocrx_word' id='word_1_598' title='bbox 2387 1875 2543 1920; x_wconf 89' lang='lat' dir='ltr'><strong>natus</strong></span> <span class='ocrx_word' id='word_1_599' title='bbox 2580 1878 2852 1936; x_wconf 89' lang='lat' dir='ltr'><strong>peccatum</strong></span> <span class='ocrx_word' id='word_1_600' title='bbox 2903 1875 3171 1927; x_wconf 88' lang='lat' dir='ltr'><strong>consumit</strong></span> <span class='ocrx_word' id='word_1_601' title='bbox 3204 1891 3298 1945; x_wconf 90' lang='lat' dir='ltr'><strong>per</strong></span> <span class='ocrx_word' id='word_1_602' title='bbox 3342 1880 3711 1947; x_wconf 73' lang='lat' dir='ltr'><strong>paenitentiam</strong></span> 
     </span>
    </p>
   </div>
   <div class='ocr_carea' id='block_1_80' title="bbox 2118 1954 3716 2035">
    <p class='ocr_par' dir='ltr' id='par_1_80' title="bbox 2118 1954 3716 2035">
     <span class='ocr_line' id='line_1_80' title="bbox 2118 1954 3716 2035; baseline 0.012 -27"><span class='ocrx_word' id='word_1_603' title='bbox 2118 1954 2392 2010; x_wconf 86' lang='lat' dir='ltr'><strong>inductus.</strong></span> <span class='ocrx_word' id='word_1_604' title='bbox 2434 1956 2768 2028; x_wconf 83' lang='lat' dir='ltr'><strong>Quapropter</strong></span> <span class='ocrx_word' id='word_1_605' title='bbox 2814 1960 3008 2016; x_wconf 89' lang='lat' dir='ltr'><strong>Paulus</strong></span> <span class='ocrx_word' id='word_1_606' title='bbox 3055 1963 3231 2020; x_wconf 87' lang='lat' dir='ltr'><strong>dixit:</strong></span> <span class='ocrx_word' id='word_1_607' title='bbox 3262 1967 3389 2035; x_wconf 68' lang='lat' dir='ltr'><strong>Qua:</strong></span> <span class='ocrx_word' id='word_1_608' title='bbox 3432 1972 3716 2027; x_wconf 70' lang='lat' dir='ltr'><strong>secundum</strong></span> 
     </span>
    </p>
   </div>
   <div class='ocr_carea' id='block_1_81' title="bbox 2117 2044 3712 2134">
    <p class='ocr_par' dir='ltr' id='par_1_81' title="bbox 2117 2044 3712 2134">
     <span class='ocr_line' id='line_1_81' title="bbox 2117 2044 3712 2134; baseline 0.012 -35"><span class='ocrx_word' id='word_1_609' title='bbox 2117 2044 2283 2101; x_wconf 83' lang='lat' dir='ltr'><strong>Deum</strong></span> <span class='ocrx_word' id='word_1_610' title='bbox 2306 2058 2379 2100; x_wconf 87' lang='lat' dir='ltr'><strong>est</strong></span> <span class='ocrx_word' id='word_1_611' title='bbox 2418 2049 2619 2103; x_wconf 85' lang='lat' dir='ltr'><strong>tristitia</strong></span> <span class='ocrx_word' id='word_1_612' title='bbox 2647 2052 2986 2120; x_wconf 68' lang='lat' dir='ltr'><strong>penitentiam</strong></span> <span class='ocrx_word' id='word_1_613' title='bbox 3013 2056 3066 2108; x_wconf 84' lang='lat' dir='ltr'><strong>in</strong></span> <span class='ocrx_word' id='word_1_614' title='bbox 3090 2058 3300 2111; x_wconf 83' lang='lat' dir='ltr'><strong>salutem</strong></span> <span class='ocrx_word' id='word_1_615' title='bbox 3325 2061 3551 2116; x_wconf 83' lang='lat' dir='ltr'><strong>stabilem</strong></span> <span class='ocrx_word' id='word_1_616' title='bbox 3578 2080 3712 2134; x_wconf 56' lang='lat' dir='ltr'><strong>opeb</strong></span> 
     </span>
    </p>
   </div>
   <div class='ocr_carea' id='block_1_82' title="bbox 2117 2137 3711 2223">
    <p class='ocr_par' dir='ltr' id='par_1_82' title="bbox 2117 2137 3711 2223">
     <span class='ocr_line' id='line_1_82' title="bbox 2117 2137 3711 2223; baseline 0.011 -33"><span class='ocrx_word' id='word_1_617' title='bbox 2117 2148 2259 2191; x_wconf 85' lang='lat' dir='ltr'><strong>ratur</strong></span> <span class='ocrx_word' id='word_1_618' title='bbox 2288 2138 2364 2210; x_wconf 78' lang='grc'><strong>(2.</strong></span> <span class='ocrx_word' id='word_1_619' title='bbox 2389 2137 2508 2193; x_wconf 90' lang='lat' dir='ltr'><strong>Cor.</strong></span> <span class='ocrx_word' id='word_1_620' title='bbox 2536 2140 2589 2193; x_wconf 91' lang='lat'><strong>7.</strong></span> <span class='ocrx_word' id='word_1_621' title='bbox 2624 2141 2734 2212; x_wconf 86' lang='grc'><strong>10).</strong></span> <span class='ocrx_word' id='word_1_622' title='bbox 2763 2142 2909 2198; x_wconf 88' lang='lat' dir='ltr'><strong>Bona</strong></span> <span class='ocrx_word' id='word_1_623' title='bbox 2940 2155 3021 2199; x_wconf 91' lang='lat' dir='ltr'><strong>est</strong></span> <span class='ocrx_word' id='word_1_624' title='bbox 3049 2147 3261 2203; x_wconf 86' lang='lat' dir='ltr'><strong>tristitia</strong></span> <span class='ocrx_word' id='word_1_625' title='bbox 3288 2166 3414 2206; x_wconf 90' lang='lat' dir='ltr'><strong>vere</strong></span> <span class='ocrx_word' id='word_1_626' title='bbox 3441 2154 3711 2223; x_wconf 64' lang='lat' dir='ltr'><strong>poeniten-</strong></span> 
     </span>
    </p>
   </div>
   <div class='ocr_carea' id='block_1_83' title="bbox 2117 2231 3712 2312">
    <p class='ocr_par' dir='ltr' id='par_1_83' title="bbox 2117 2231 3712 2312">
     <span class='ocr_line' id='line_1_83' title="bbox 2117 2231 3712 2312; baseline 0.01 -27"><span class='ocrx_word' id='word_1_627' title='bbox 2117 2231 2256 2285; x_wconf 82' lang='lat' dir='ltr'><strong>tibus</strong></span> <span class='ocrx_word' id='word_1_628' title='bbox 2283 2233 2566 2287; x_wconf 80' lang='lat' dir='ltr'><strong>:convenit</strong></span> <span class='ocrx_word' id='word_1_629' title='bbox 2585 2236 2927 2304; x_wconf 85' lang='lat' dir='ltr'><strong>peccantibus</strong></span> <span class='ocrx_word' id='word_1_630' title='bbox 2954 2237 3127 2293; x_wconf 91' lang='lat' dir='ltr'><strong>luctus</strong></span> <span class='ocrx_word' id='word_1_631' title='bbox 3154 2256 3249 2311; x_wconf 91' lang='lat' dir='ltr'><strong>pro</strong></span> <span class='ocrx_word' id='word_1_632' title='bbox 3279 2254 3494 2312; x_wconf 88' lang='lat' dir='ltr'><strong>peccato</strong></span> <span class='ocrx_word' id='word_1_633' title='bbox 3518 2263 3531 2298; x_wconf 93' lang='lat'>:</span> <span class='ocrx_word' id='word_1_634' title='bbox 3559 2245 3712 2301; x_wconf 84' lang='lat' dir='ltr'><strong>Beati</strong></span> 
     </span>
    </p>
   </div>
   <div class='ocr_carea' id='block_1_84' title="bbox 2115 2324 3707 2413">
    <p class='ocr_par' dir='ltr' id='par_1_84' title="bbox 2115 2324 3707 2413">
     <span class='ocr_line' id='line_1_84' title="bbox 2115 2324 3707 2413; baseline 0.012 -37"><span class='ocrx_word' id='word_1_635' title='bbox 2115 2324 2201 2392; x_wconf 87' lang='lat' dir='ltr'><strong>qui</strong></span> <span class='ocrx_word' id='word_1_636' title='bbox 2229 2324 2436 2395; x_wconf 89' lang='lat' dir='ltr'><strong>lugent,</strong></span> <span class='ocrx_word' id='word_1_637' title='bbox 2464 2329 2702 2396; x_wconf 85' lang='lat' dir='ltr'><strong>quoniam</strong></span> <span class='ocrx_word' id='word_1_638' title='bbox 2733 2329 2833 2398; x_wconf 86' lang='lat' dir='ltr'><strong>ipsi</strong></span> <span class='ocrx_word' id='word_1_639' title='bbox 2870 2332 3262 2388; x_wconf 84' lang='lat' dir='ltr'><strong>consolabuntur</strong></span> <span class='ocrx_word' id='word_1_640' title='bbox 3289 2336 3500 2409; x_wconf 82' lang='lat' dir='ltr'><strong>(Matth.</strong></span> <span class='ocrx_word' id='word_1_641' title='bbox 3534 2342 3588 2395; x_wconf 82' lang='lat'><strong>5.</strong></span> <span class='ocrx_word' id='word_1_642' title='bbox 3625 2344 3707 2413; x_wconf 82' lang='lat'><strong>5).</strong></span> 
     </span>
    </p>
   </div>
   <div class='ocr_carea' id='block_1_85' title="bbox 2114 2413 3709 2501">
    <p class='ocr_par' dir='ltr' id='par_1_85' title="bbox 2114 2413 3709 2501">
     <span class='ocr_line' id='line_1_85' title="bbox 2114 2413 3709 2501; baseline 0.013 -33"><span class='ocrx_word' id='word_1_643' title='bbox 2114 2413 2259 2483; x_wconf 79' lang='lat' dir='ltr'><strong>Lnge</strong></span> <span class='ocrx_word' id='word_1_644' title='bbox 2288 2426 2560 2484; x_wconf 89' lang='lat' dir='ltr'><strong>peccatum</strong></span> <span class='ocrx_word' id='word_1_645' title='bbox 2587 2459 2601 2481; x_wconf 93' lang='lat'><strong>,</strong></span> <span class='ocrx_word' id='word_1_646' title='bbox 2631 2429 2688 2471; x_wconf 91' lang='lat' dir='ltr'><strong>ut</strong></span> <span class='ocrx_word' id='word_1_647' title='bbox 2716 2432 2820 2473; x_wconf 90' lang='lat' dir='ltr'><strong>non</strong></span> <span class='ocrx_word' id='word_1_648' title='bbox 2849 2420 3032 2491; x_wconf 89' lang='lat' dir='ltr'><strong>lugeas</strong></span> <span class='ocrx_word' id='word_1_649' title='bbox 3064 2427 3380 2493; x_wconf 84' lang='lat' dir='ltr'><strong>supplicium</strong></span> <span class='ocrx_word' id='word_1_650' title='bbox 3406 2446 3420 2482; x_wconf 90' lang='lat'><strong>:</strong></span> <span class='ocrx_word' id='word_1_651' title='bbox 3446 2445 3609 2501; x_wconf 81' lang='lat' dir='ltr'><strong>purga</strong></span> <span class='ocrx_word' id='word_1_652' title='bbox 3654 2445 3709 2489; x_wconf 88' lang='lat' dir='ltr'><strong>te</strong></span> 
     </span>
    </p>
   </div>
   <div class='ocr_carea' id='block_1_86' title="bbox 2113 2509 3707 2596">
    <p class='ocr_par' dir='ltr' id='par_1_86' title="bbox 2113 2509 3707 2596">
     <span class='ocr_line' id='line_1_86' title="bbox 2113 2509 3707 2596; baseline 0.012 -34"><span class='ocrx_word' id='word_1_653' title='bbox 2113 2509 2254 2578; x_wconf 88' lang='lat' dir='ltr'><strong>apud</strong></span> <span class='ocrx_word' id='word_1_654' title='bbox 2279 2509 2531 2579; x_wconf 73' lang='lat' dir='ltr'><strong>judicent,</strong></span> <span class='ocrx_word' id='word_1_655' title='bbox 2560 2523 2846 2582; x_wconf 88' lang='lat' dir='ltr'><strong>antequam</strong></span> <span class='ocrx_word' id='word_1_656' title='bbox 2871 2515 2937 2568; x_wconf 90' lang='lat' dir='ltr'><strong>ad</strong></span> <span class='ocrx_word' id='word_1_657' title='bbox 2963 2516 3193 2572; x_wconf 88' lang='lat' dir='ltr'><strong>tribunal</strong></span> <span class='ocrx_word' id='word_1_658' title='bbox 3216 2523 3416 2576; x_wconf 88' lang='lat' dir='ltr'><strong>venias.</strong></span> <span class='ocrx_word' id='word_1_659' title='bbox 3440 2524 3523 2579; x_wconf 86' lang='lat' dir='ltr'><strong>An</strong></span> <span class='ocrx_word' id='word_1_660' title='bbox 3547 2525 3707 2596; x_wconf 83' lang='lat' dir='ltr'><strong>igno-</strong></span> 
     </span>
    </p>
   </div>
   <div class='ocr_carea' id='block_1_87' title="bbox 2113 2602 3708 2686">
    <p class='ocr_par' dir='ltr' id='par_1_87' title="bbox 2113 2602 3708 2686">
     <span class='ocr_line' id='line_1_87' title="bbox 2113 2602 3708 2686; baseline 0.011 -32"><span class='ocrx_word' id='word_1_661' title='bbox 2113 2614 2202 2655; x_wconf 85' lang='lat' dir='ltr'><strong>ras</strong></span> <span class='ocrx_word' id='word_1_662' title='bbox 2242 2610 2499 2671; x_wconf 88' lang='lat' dir='ltr'><strong>quotquot</strong></span> <span class='ocrx_word' id='word_1_663' title='bbox 2532 2602 2763 2672; x_wconf 89' lang='lat' dir='ltr'><strong>judicem</strong></span> <span class='ocrx_word' id='word_1_664' title='bbox 2816 2606 3060 2676; x_wconf 88' lang='lat' dir='ltr'><strong>mitigare</strong></span> <span class='ocrx_word' id='word_1_665' title='bbox 3102 2614 3320 2679; x_wconf 87' lang='lat' dir='ltr'><strong>volunt,</strong></span> <span class='ocrx_word' id='word_1_666' title='bbox 3354 2615 3540 2668; x_wconf 91' lang='lat' dir='ltr'><strong>nonin</strong></span> <span class='ocrx_word' id='word_1_667' title='bbox 3583 2617 3708 2686; x_wconf 91' lang='lat' dir='ltr'><strong>ipso</strong></span> 
     </span>
    </p>
   </div>
   <div class='ocr_carea' id='block_1_88' title="bbox 2112 2691 3710 2775">
    <p class='ocr_par' dir='ltr' id='par_1_88' title="bbox 2112 2691 3710 2775">
     <span class='ocr_line' id='line_1_88' title="bbox 2112 2691 3710 2775; baseline 0.012 -31"><span class='ocrx_word' id='word_1_668' title='bbox 2112 2691 2358 2746; x_wconf 76' lang='lat' dir='ltr'><strong>examine</strong></span> <span class='ocrx_word' id='word_1_669' title='bbox 2380 2706 2574 2758; x_wconf 67' lang='lat' dir='ltr'><strong>eauste,</strong></span> <span class='ocrx_word' id='word_1_670' title='bbox 2597 2699 2691 2748; x_wconf 87' lang='lat' dir='ltr'><strong>sed</strong></span> <span class='ocrx_word' id='word_1_671' title='bbox 2726 2706 3010 2765; x_wconf 87' lang='lat' dir='ltr'><strong>antequam</strong></span> <span class='ocrx_word' id='word_1_672' title='bbox 3037 2698 3089 2753; x_wconf 92' lang='lat' dir='ltr'><strong>in</strong></span> <span class='ocrx_word' id='word_1_673' title='bbox 3113 2701 3369 2770; x_wconf 88' lang='lat' dir='ltr'><strong>judicium</strong></span> <span class='ocrx_word' id='word_1_674' title='bbox 3399 2707 3710 2775; x_wconf 84' lang='lat' dir='ltr'><strong>ingredian-</strong></span> 
     </span>
    </p>
   </div>
   <div class='ocr_carea' id='block_1_89' title="bbox 2113 2784 3706 2868">
    <p class='ocr_par' dir='ltr' id='par_1_89' title="bbox 2113 2784 3706 2868">
     <span class='ocr_line' id='line_1_89' title="bbox 2113 2784 3706 2868; baseline 0.014 -34"><span class='ocrx_word' id='word_1_675' title='bbox 2113 2790 2200 2836; x_wconf 89' lang='lat' dir='ltr'><strong>tur</strong></span> <span class='ocrx_word' id='word_1_676' title='bbox 2222 2822 2239 2849; x_wconf 95' lang='lat'><strong>,</strong></span> <span class='ocrx_word' id='word_1_677' title='bbox 2268 2784 2437 2853; x_wconf 91' lang='lat' dir='ltr'><strong>ipsum</strong></span> <span class='ocrx_word' id='word_1_678' title='bbox 2471 2784 2571 2839; x_wconf 86' lang='lat' dir='ltr'><strong>sibi</strong></span> <span class='ocrx_word' id='word_1_679' title='bbox 2600 2786 2914 2843; x_wconf 85' lang='lat' dir='ltr'><strong>benevolum</strong></span> <span class='ocrx_word' id='word_1_680' title='bbox 2946 2805 3162 2860; x_wconf 90' lang='lat' dir='ltr'><strong>parare,</strong></span> <span class='ocrx_word' id='word_1_681' title='bbox 3188 2794 3302 2850; x_wconf 90' lang='lat' dir='ltr'><strong>sive</strong></span> <span class='ocrx_word' id='word_1_682' title='bbox 3339 2810 3434 2864; x_wconf 90' lang='lat' dir='ltr'><strong>per</strong></span> <span class='ocrx_word' id='word_1_683' title='bbox 3458 2800 3664 2856; x_wconf 88' lang='lat' dir='ltr'><strong>amicos</strong></span> <span class='ocrx_word' id='word_1_684' title='bbox 3687 2843 3706 2868; x_wconf 90' lang='lat'><strong>,</strong></span> 
     </span>
    </p>
   </div>
   <div class='ocr_carea' id='block_1_90' title="bbox 2113 2871 3710 2957">
    <p class='ocr_par' dir='ltr' id='par_1_90' title="bbox 2113 2871 3710 2957">
     <span class='ocr_line' id='line_1_90' title="bbox 2113 2871 3710 2957; baseline 0.012 -32"><span class='ocrx_word' id='word_1_685' title='bbox 2113 2871 2226 2925; x_wconf 91' lang='lat' dir='ltr'><strong>sive</strong></span> <span class='ocrx_word' id='word_1_686' title='bbox 2272 2887 2365 2941; x_wconf 91' lang='lat' dir='ltr'><strong>per</strong></span> <span class='ocrx_word' id='word_1_687' title='bbox 2402 2883 2693 2942; x_wconf 84' lang='lat' dir='ltr'><strong>patronos,</strong></span> <span class='ocrx_word' id='word_1_688' title='bbox 2719 2876 2833 2933; x_wconf 82' lang='lat' dir='ltr'><strong>sive</strong></span> <span class='ocrx_word' id='word_1_689' title='bbox 2855 2878 2961 2933; x_wconf 84' lang='lat' dir='ltr'><strong>alio</strong></span> <span class='ocrx_word' id='word_1_690' title='bbox 3002 2882 3190 2948; x_wconf 90' lang='lat' dir='ltr'><strong>quovis</strong></span> <span class='ocrx_word' id='word_1_691' title='bbox 3227 2885 3430 2939; x_wconf 76' lang='lat' dir='ltr'><strong>modo?</strong></span> <span class='ocrx_word' id='word_1_692' title='bbox 3460 2886 3623 2957; x_wconf 87' lang='lat' dir='ltr'><strong>Igitur</strong></span> <span class='ocrx_word' id='word_1_693' title='bbox 3652 2900 3710 2945; x_wconf 91' lang='lat' dir='ltr'><strong>et</strong></span> 
     </span>
    </p>
   </div>
   <div class='ocr_carea' id='block_1_91' title="bbox 2111 2963 3706 3046">
    <p class='ocr_par' dir='ltr' id='par_1_91' title="bbox 2111 2963 3706 3046">
     <span class='ocr_line' id='line_1_91' title="bbox 2111 2963 3706 3046; baseline 0.011 -30"><span class='ocrx_word' id='word_1_694' title='bbox 2111 2963 2251 3032; x_wconf 81' lang='lat' dir='ltr'><strong>apud</strong></span> <span class='ocrx_word' id='word_1_695' title='bbox 2283 2964 2451 3018; x_wconf 91' lang='lat' dir='ltr'><strong>Deum</strong></span> <span class='ocrx_word' id='word_1_696' title='bbox 2483 2964 2668 3035; x_wconf 91' lang='lat' dir='ltr'><strong>judicii</strong></span> <span class='ocrx_word' id='word_1_697' title='bbox 2699 2977 2970 3038; x_wconf 89' lang='lat' dir='ltr'><strong>tempore,</strong></span> <span class='ocrx_word' id='word_1_698' title='bbox 2999 2986 3105 3026; x_wconf 91' lang='lat' dir='ltr'><strong>non</strong></span> <span class='ocrx_word' id='word_1_699' title='bbox 3153 2982 3238 3029; x_wconf 91' lang='lat' dir='ltr'><strong>est</strong></span> <span class='ocrx_word' id='word_1_700' title='bbox 3284 2976 3425 3044; x_wconf 88' lang='lat' dir='ltr'><strong>quod</strong></span> <span class='ocrx_word' id='word_1_701' title='bbox 3467 2977 3706 3046; x_wconf 79' lang='lat' dir='ltr'><strong>judicent</strong></span> 
     </span>
    </p>
   </div>
   <div class='ocr_carea' id='block_1_92' title="bbox 2112 3052 3704 3142">
    <p class='ocr_par' dir='ltr' id='par_1_92' title="bbox 2112 3052 3704 3142">
     <span class='ocr_line' id='line_1_92' title="bbox 2112 3052 3704 3142; baseline 0.013 -35"><span class='ocrx_word' id='word_1_702' title='bbox 2112 3052 2293 3109; x_wconf 84' lang='lat' dir='ltr'><strong>flectas</strong></span> <span class='ocrx_word' id='word_1_703' title='bbox 2320 3072 2333 3108; x_wconf 90' lang='lat'><strong>:</strong></span> <span class='ocrx_word' id='word_1_704' title='bbox 2355 3055 2448 3110; x_wconf 82' lang='lat' dir='ltr'><strong>sed</strong></span> <span class='ocrx_word' id='word_1_705' title='bbox 2468 3069 2591 3112; x_wconf 92' lang='lat' dir='ltr'><strong>ante</strong></span> <span class='ocrx_word' id='word_1_706' title='bbox 2607 3057 2791 3126; x_wconf 90' lang='lat' dir='ltr'><strong>judicii</strong></span> <span class='ocrx_word' id='word_1_707' title='bbox 2823 3068 3030 3131; x_wconf 86' lang='lat' dir='ltr'><strong>tempus</strong></span> <span class='ocrx_word' id='word_1_708' title='bbox 3056 3073 3232 3133; x_wconf 88' lang='lat' dir='ltr'><strong>potest</strong></span> <span class='ocrx_word' id='word_1_709' title='bbox 3255 3067 3418 3136; x_wconf 88' lang='lat' dir='ltr'><strong>judex</strong></span> <span class='ocrx_word' id='word_1_710' title='bbox 3447 3070 3704 3142; x_wconf 85' lang='lat' dir='ltr'><strong>mitigari.</strong></span> 
     </span>
    </p>
   </div>
   <div class='ocr_carea' id='block_1_93' title="bbox 2108 3143 3707 3236">
    <p class='ocr_par' dir='ltr' id='par_1_93' title="bbox 2108 3143 3707 3236">
     <span class='ocr_line' id='line_1_93' title="bbox 2108 3143 3707 3236; baseline 0.012 -39"><span class='ocrx_word' id='word_1_711' title='bbox 2108 3143 2471 3212; x_wconf 84' lang='lat' dir='ltr'><strong>Quamobrem</strong></span> <span class='ocrx_word' id='word_1_712' title='bbox 2500 3146 2711 3203; x_wconf 87' lang='lat' dir='ltr'><strong>dicebat</strong></span> <span class='ocrx_word' id='word_1_713' title='bbox 2735 3149 2928 3205; x_wconf 91' lang='lat' dir='ltr'><strong>David:</strong></span> <span class='ocrx_word' id='word_1_714' title='bbox 2946 3151 3364 3227; x_wconf 70' lang='lat' dir='ltr'><strong>Praeoccupemus</strong></span> <span class='ocrx_word' id='word_1_715' title='bbox 3383 3159 3563 3229; x_wconf 80' lang='lat' dir='ltr'><strong>faciem</strong></span> <span class='ocrx_word' id='word_1_716' title='bbox 3587 3164 3707 3236; x_wconf 72' lang='lat' dir='ltr'><strong>ejus</strong></span> 
     </span>
    </p>
   </div>
   <div class='ocr_carea' id='block_1_94' title="bbox 2107 3235 3704 3317">
    <p class='ocr_par' dir='ltr' id='par_1_94' title="bbox 2107 3235 3704 3317">
     <span class='ocr_line' id='line_1_94' title="bbox 2107 3235 3704 3317; baseline 0.011 -29"><span class='ocrx_word' id='word_1_717' title='bbox 2107 3235 2162 3289; x_wconf 85' lang='lat' dir='ltr'><strong>in</strong></span> <span class='ocrx_word' id='word_1_718' title='bbox 2209 3236 2521 3305; x_wconf 82' lang='lat' dir='ltr'><strong>confessione</strong></span> <span class='ocrx_word' id='word_1_719' title='bbox 2567 3236 2737 3310; x_wconf 88' lang='lat' dir='ltr'><strong>(Psal.</strong></span> <span class='ocrx_word' id='word_1_720' title='bbox 2783 3240 2872 3295; x_wconf 71' lang='lat' dir='ltr'><strong>9d.</strong></span> <span class='ocrx_word' id='word_1_721' title='bbox 2902 3241 2985 3310; x_wconf 78' lang='lat'><strong>2).</strong></span> <span class='ocrx_word' id='word_1_722' title='bbox 3029 3242 3146 3299; x_wconf 83' lang='lat' dir='ltr'><strong>Illic</strong></span> <span class='ocrx_word' id='word_1_723' title='bbox 3184 3261 3430 3317; x_wconf 84' lang='lat' dir='ltr'><strong>magnum</strong></span> <span class='ocrx_word' id='word_1_724' title='bbox 3464 3249 3704 3317; x_wconf 87' lang='lat' dir='ltr'><strong>judicem</strong></span> 
     </span>
    </p>
   </div>
   <div class='ocr_carea' id='block_1_95' title="bbox 2109 3325 3700 3404">
    <p class='ocr_par' dir='ltr' id='par_1_95' title="bbox 2109 3325 3700 3404">
     <span class='ocr_line' id='line_1_95' title="bbox 2109 3325 3700 3404; baseline 0.011 -26"><span class='ocrx_word' id='word_1_725' title='bbox 2109 3339 2216 3379; x_wconf 90' lang='lat' dir='ltr'><strong>non</strong></span> <span class='ocrx_word' id='word_1_726' title='bbox 2241 3325 2595 3382; x_wconf 90' lang='lat' dir='ltr'><strong>circumvenit</strong></span> <span class='ocrx_word' id='word_1_727' title='bbox 2636 3343 2723 3383; x_wconf 85' lang='lat' dir='ltr'><strong>ars</strong></span> <span class='ocrx_word' id='word_1_728' title='bbox 2753 3329 3026 3386; x_wconf 85' lang='lat' dir='ltr'><strong>rhetorum</strong></span> <span class='ocrx_word' id='word_1_729' title='bbox 3047 3372 3062 3398; x_wconf 91' lang='lat'><strong>,</strong></span> <span class='ocrx_word' id='word_1_730' title='bbox 3091 3348 3197 3389; x_wconf 90' lang='lat' dir='ltr'><strong>non</strong></span> <span class='ocrx_word' id='word_1_731' title='bbox 3227 3338 3460 3404; x_wconf 89' lang='lat' dir='ltr'><strong>potentia</strong></span> <span class='ocrx_word' id='word_1_732' title='bbox 3485 3338 3655 3394; x_wconf 80' lang='lat' dir='ltr'><strong>nectit</strong></span> <span class='ocrx_word' id='word_1_733' title='bbox 3680 3357 3700 3397; x_wconf 84' lang='lat'><strong>:</strong></span> 
     </span>
    </p>
   </div>
   <div class='ocr_carea' id='block_1_96' title="bbox 2107 3413 3705 3492">
    <p class='ocr_par' dir='ltr' id='par_1_96' title="bbox 2107 3413 3705 3492">
     <span class='ocr_line' id='line_1_96' title="bbox 2107 3413 3705 3492; baseline 0.011 -24"><span class='ocrx_word' id='word_1_734' title='bbox 2107 3413 2349 3485; x_wconf 85' lang='lat' dir='ltr'><strong>dignitati</strong></span> <span class='ocrx_word' id='word_1_735' title='bbox 2397 3432 2502 3471; x_wconf 92' lang='lat' dir='ltr'><strong>non</strong></span> <span class='ocrx_word' id='word_1_736' title='bbox 2548 3419 2637 3472; x_wconf 91' lang='lat' dir='ltr'><strong>ille</strong></span> <span class='ocrx_word' id='word_1_737' title='bbox 2663 3434 2866 3475; x_wconf 90' lang='lat' dir='ltr'><strong>morem</strong></span> <span class='ocrx_word' id='word_1_738' title='bbox 2891 3422 3048 3492; x_wconf 87' lang='lat' dir='ltr'><strong>gerit,</strong></span> <span class='ocrx_word' id='word_1_739' title='bbox 3081 3439 3364 3492; x_wconf 86' lang='lat' dir='ltr'><strong>personam</strong></span> <span class='ocrx_word' id='word_1_740' title='bbox 3409 3443 3517 3483; x_wconf 91' lang='lat' dir='ltr'><strong>non</strong></span> <span class='ocrx_word' id='word_1_741' title='bbox 3542 3444 3705 3485; x_wconf 85' lang='lat' dir='ltr'><strong>vere-</strong></span> 
     </span>
    </p>
   </div>
   <div class='ocr_carea' id='block_1_97' title="bbox 2108 3506 3703 3580">
    <p class='ocr_par' dir='ltr' id='par_1_97' title="bbox 2108 3506 3703 3580">
     <span class='ocr_line' id='line_1_97' title="bbox 2108 3506 3703 3580; baseline 0.012 -23"><span class='ocrx_word' id='word_1_742' title='bbox 2108 3511 2212 3569; x_wconf 87' lang='lat' dir='ltr'><strong>tur,</strong></span> <span class='ocrx_word' id='word_1_743' title='bbox 2242 3506 2481 3574; x_wconf 91' lang='lat' dir='ltr'><strong>pecuniis</strong></span> <span class='ocrx_word' id='word_1_744' title='bbox 2500 3521 2603 3561; x_wconf 91' lang='lat' dir='ltr'><strong>non</strong></span> <span class='ocrx_word' id='word_1_745' title='bbox 2626 3511 3002 3580; x_wconf 88' lang='lat' dir='ltr'><strong>corrumpitur,</strong></span> <span class='ocrx_word' id='word_1_746' title='bbox 3031 3513 3126 3569; x_wconf 88' lang='lat' dir='ltr'><strong>sed</strong></span> <span class='ocrx_word' id='word_1_747' title='bbox 3157 3517 3486 3573; x_wconf 87' lang='lat' dir='ltr'><strong>tremendum</strong></span> <span class='ocrx_word' id='word_1_748' title='bbox 3509 3528 3567 3575; x_wconf 86' lang='lat' dir='ltr'><strong>et</strong></span> <span class='ocrx_word' id='word_1_749' title='bbox 3589 3520 3703 3575; x_wconf 82' lang='lat' dir='ltr'><strong>im-</strong></span> 
     </span>
    </p>
   </div>
   <div class='ocr_carea' id='block_1_98' title="bbox 2110 3594 3011 3668">
    <p class='ocr_par' dir='ltr' id='par_1_98' title="bbox 2110 3594 3011 3668">
     <span class='ocr_line' id='line_1_98' title="bbox 2110 3594 3011 3668; baseline 0.01 -21"><span class='ocrx_word' id='word_1_750' title='bbox 2110 3594 2370 3665; x_wconf 89' lang='lat' dir='ltr'><strong>placabile</strong></span> <span class='ocrx_word' id='word_1_751' title='bbox 2395 3606 2480 3651; x_wconf 90' lang='lat' dir='ltr'><strong>est</strong></span> <span class='ocrx_word' id='word_1_752' title='bbox 2502 3596 2704 3666; x_wconf 88' lang='lat' dir='ltr'><strong>justum</strong></span> <span class='ocrx_word' id='word_1_753' title='bbox 2728 3599 3011 3668; x_wconf 85' lang='lat' dir='ltr'><strong>judicium.</strong></span> 
     </span>
    </p>
   </div>
   <div class='ocr_carea' id='block_1_99' title="bbox 2182 3682 3698 3765">
    <p class='ocr_par' dir='ltr' id='par_1_99' title="bbox 2182 3682 3698 3765">
     <span class='ocr_line' id='line_1_99' title="bbox 2182 3682 3698 3765; baseline 0.011 -28"><span class='ocrx_word' id='word_1_754' title='bbox 2182 3682 2519 3756; x_wconf 81' lang='lat' dir='ltr'><strong>Eleemosyna</strong></span> <span class='ocrx_word' id='word_1_755' title='bbox 2559 3685 2725 3740; x_wconf 83' lang='lat' dir='ltr'><strong>Deum</strong></span> <span class='ocrx_word' id='word_1_756' title='bbox 2755 3688 2944 3760; x_wconf 86' lang='lat' dir='ltr'><strong>placat.</strong></span> <span class='ocrx_word' id='word_1_757' title='bbox 2983 3721 3056 3733; x_wconf 94' lang='lat'><strong>—</strong></span> <span class='ocrx_word' id='word_1_758' title='bbox 3090 3692 3189 3748; x_wconf 80' lang='lat' dir='ltr'><strong>Hic</strong></span> <span class='ocrx_word' id='word_1_759' title='bbox 3238 3694 3416 3764; x_wconf 88' lang='lat' dir='ltr'><strong>itaque</strong></span> <span class='ocrx_word' id='word_1_760' title='bbox 3457 3696 3698 3765; x_wconf 79' lang='lat' dir='ltr'><strong>judicem</strong></span> 
     </span>
    </p>
   </div>
   <div class='ocr_carea' id='block_1_100' title="bbox 2105 3776 3693 3856">
    <p class='ocr_par' dir='ltr' id='par_1_100' title="bbox 2105 3776 3693 3856">
     <span class='ocr_line' id='line_1_100' title="bbox 2105 3776 3693 3856; baseline 0.011 -29"><span class='ocrx_word' id='word_1_761' title='bbox 2105 3787 2389 3829; x_wconf 84' lang='lat' dir='ltr'><strong>exoremus</strong></span> <span class='ocrx_word' id='word_1_762' title='bbox 2407 3784 2462 3831; x_wconf 90' lang='lat' dir='ltr'><strong>et</strong></span> <span class='ocrx_word' id='word_1_763' title='bbox 2479 3776 2765 3846; x_wconf 85' lang='lat' dir='ltr'><strong>placemus,</strong></span> <span class='ocrx_word' id='word_1_764' title='bbox 2786 3779 2908 3836; x_wconf 90' lang='lat' dir='ltr'><strong>huic</strong></span> <span class='ocrx_word' id='word_1_765' title='bbox 2922 3784 3065 3836; x_wconf 90' lang='lat' dir='ltr'><strong>omni</strong></span> <span class='ocrx_word' id='word_1_766' title='bbox 3087 3785 3279 3840; x_wconf 90' lang='lat' dir='ltr'><strong>robore</strong></span> <span class='ocrx_word' id='word_1_767' title='bbox 3295 3789 3659 3856; x_wconf 77' lang='lat' dir='ltr'><strong>supplicamus</strong></span> <span class='ocrx_word' id='word_1_768' title='bbox 3677 3809 3693 3845; x_wconf 88' lang='lat'><strong>:</strong></span> 
     </span>
    </p>
   </div>
   <div class='ocr_carea' id='block_1_101' title="bbox 2105 3867 3695 3949">
    <p class='ocr_par' dir='ltr' id='par_1_101' title="bbox 2105 3867 3695 3949">
     <span class='ocr_line' id='line_1_101' title="bbox 2105 3867 3695 3949; baseline 0.012 -31"><span class='ocrx_word' id='word_1_769' title='bbox 2105 3881 2212 3919; x_wconf 91' lang='lat' dir='ltr'><strong>non</strong></span> <span class='ocrx_word' id='word_1_770' title='bbox 2237 3867 2505 3934; x_wconf 88' lang='lat' dir='ltr'><strong>pecuniis;</strong></span> <span class='ocrx_word' id='word_1_771' title='bbox 2533 3869 2640 3924; x_wconf 92' lang='lat' dir='ltr'><strong>imo</strong></span> <span class='ocrx_word' id='word_1_772' title='bbox 2669 3880 2725 3924; x_wconf 94' lang='lat' dir='ltr'><strong>ut</strong></span> <span class='ocrx_word' id='word_1_773' title='bbox 2749 3872 2925 3927; x_wconf 87' lang='lat' dir='ltr'><strong>verius</strong></span> <span class='ocrx_word' id='word_1_774' title='bbox 2949 3873 3211 3942; x_wconf 90' lang='lat' dir='ltr'><strong>dicamus,</strong></span> <span class='ocrx_word' id='word_1_775' title='bbox 3240 3880 3480 3946; x_wconf 87' lang='lat' dir='ltr'><strong>pecuniis</strong></span> <span class='ocrx_word' id='word_1_776' title='bbox 3509 3882 3695 3949; x_wconf 84' lang='lat' dir='ltr'><strong>placa-</strong></span> 
     </span>
    </p>
   </div>
   <div class='ocr_carea' id='block_1_102' title="bbox 2106 3955 3691 4040">
    <p class='ocr_par' dir='ltr' id='par_1_102' title="bbox 2106 3955 3691 4040">
     <span class='ocr_line' id='line_1_102' title="bbox 2106 3955 3691 4040; baseline 0.011 -32"><span class='ocrx_word' id='word_1_777' title='bbox 2106 3964 2192 4009; x_wconf 92' lang='lat' dir='ltr'><strong>tur</strong></span> <span class='ocrx_word' id='word_1_778' title='bbox 2219 3955 2480 4026; x_wconf 88' lang='lat' dir='ltr'><strong>benignus</strong></span> <span class='ocrx_word' id='word_1_779' title='bbox 2508 3958 2613 4024; x_wconf 89' lang='lat' dir='ltr'><strong>ille,</strong></span> <span class='ocrx_word' id='word_1_780' title='bbox 2647 3974 2753 4015; x_wconf 93' lang='lat' dir='ltr'><strong>non</strong></span> <span class='ocrx_word' id='word_1_781' title='bbox 2786 3961 2898 4030; x_wconf 89' lang='lat' dir='ltr'><strong>ipse</strong></span> <span class='ocrx_word' id='word_1_782' title='bbox 2924 3964 3206 4032; x_wconf 91' lang='lat' dir='ltr'><strong>recipiens,</strong></span> <span class='ocrx_word' id='word_1_783' title='bbox 3238 3967 3330 4021; x_wconf 93' lang='lat' dir='ltr'><strong>sed</strong></span> <span class='ocrx_word' id='word_1_784' title='bbox 3362 3982 3461 4037; x_wconf 88' lang='lat' dir='ltr'><strong>per</strong></span> <span class='ocrx_word' id='word_1_785' title='bbox 3487 3985 3691 4040; x_wconf 57' lang='lat' dir='ltr'><strong>paupe.</strong></span> 
     </span>
    </p>
   </div>
   <div class='ocr_carea' id='block_1_103' title="bbox 2104 4046 3695 4126">
    <p class='ocr_par' dir='ltr' id='par_1_103' title="bbox 2104 4046 3695 4126">
     <span class='ocr_line' id='line_1_103' title="bbox 2104 4046 3695 4126; baseline 0.01 -25"><span class='ocrx_word' id='word_1_786' title='bbox 2104 4061 2208 4101; x_wconf 86' lang='lat' dir='ltr'><strong>res.</strong></span> <span class='ocrx_word' id='word_1_787' title='bbox 2236 4046 2309 4100; x_wconf 86' lang='lat' dir='ltr'><strong>Da</strong></span> <span class='ocrx_word' id='word_1_788' title='bbox 2334 4048 2477 4118; x_wconf 90' lang='lat' dir='ltr'><strong>inopi</strong></span> <span class='ocrx_word' id='word_1_789' title='bbox 2506 4052 2802 4118; x_wconf 88' lang='lat' dir='ltr'><strong>pecuniam,</strong></span> <span class='ocrx_word' id='word_1_790' title='bbox 2831 4062 2885 4107; x_wconf 92' lang='lat' dir='ltr'><strong>et</strong></span> <span class='ocrx_word' id='word_1_791' title='bbox 2905 4053 3140 4122; x_wconf 86' lang='lat' dir='ltr'><strong>judicem</strong></span> <span class='ocrx_word' id='word_1_792' title='bbox 3162 4057 3404 4126; x_wconf 88' lang='lat' dir='ltr'><strong>plaeasti.</strong></span> <span class='ocrx_word' id='word_1_793' title='bbox 3436 4060 3562 4115; x_wconf 69' lang='lat' dir='ltr'><strong>Haec</strong></span> <span class='ocrx_word' id='word_1_794' title='bbox 3588 4077 3695 4117; x_wconf 79' lang='lat' dir='ltr'><strong>au-</strong></span> 
     </span>
    </p>
   </div>
   <div class='ocr_carea' id='block_1_104' title="bbox 2104 4137 3691 4221">
    <p class='ocr_par' dir='ltr' id='par_1_104' title="bbox 2104 4137 3691 4221">
     <span class='ocr_line' id='line_1_104' title="bbox 2104 4137 3691 4221; baseline 0.013 -31"><span class='ocrx_word' id='word_1_795' title='bbox 2104 4145 2213 4191; x_wconf 91' lang='lat' dir='ltr'><strong>tem</strong></span> <span class='ocrx_word' id='word_1_796' title='bbox 2254 4137 2375 4193; x_wconf 91' lang='lat' dir='ltr'><strong>dico</strong></span> <span class='ocrx_word' id='word_1_797' title='bbox 2419 4139 2572 4194; x_wconf 90' lang='lat' dir='ltr'><strong>vobis</strong></span> <span class='ocrx_word' id='word_1_798' title='bbox 2618 4142 2770 4210; x_wconf 88' lang='lat' dir='ltr'><strong>quasi</strong></span> <span class='ocrx_word' id='word_1_799' title='bbox 2811 4143 3193 4215; x_wconf 84' lang='lat' dir='ltr'><strong>familiaribus;</strong></span> <span class='ocrx_word' id='word_1_800' title='bbox 3223 4150 3348 4219; x_wconf 87' lang='lat' dir='ltr'><strong>quia</strong></span> <span class='ocrx_word' id='word_1_801' title='bbox 3380 4153 3691 4221; x_wconf 57' lang='lat' dir='ltr'><strong>paenitentia</strong></span> 
     </span>
    </p>
   </div>
   <div class='ocr_carea' id='block_1_105' title="bbox 2102 4226 3694 4314">
    <p class='ocr_par' dir='ltr' id='par_1_105' title="bbox 2102 4226 3694 4314">
     <span class='ocr_line' id='line_1_105' title="bbox 2102 4226 3694 4314; baseline 0.012 -33"><span class='ocrx_word' id='word_1_802' title='bbox 2102 4226 2220 4282; x_wconf 91' lang='lat' dir='ltr'><strong>sine</strong></span> <span class='ocrx_word' id='word_1_803' title='bbox 2240 4229 2579 4301; x_wconf 82' lang='lat' dir='ltr'><strong>eleemosyna</strong></span> <span class='ocrx_word' id='word_1_804' title='bbox 2601 4243 2806 4288; x_wconf 91' lang='lat' dir='ltr'><strong>mortua</strong></span> <span class='ocrx_word' id='word_1_805' title='bbox 2829 4245 2911 4289; x_wconf 92' lang='lat' dir='ltr'><strong>est</strong></span> <span class='ocrx_word' id='word_1_806' title='bbox 2934 4237 3136 4307; x_wconf 89' lang='lat' dir='ltr'><strong>alisque</strong></span> <span class='ocrx_word' id='word_1_807' title='bbox 3156 4247 3304 4295; x_wconf 88' lang='lat' dir='ltr'><strong>caret</strong></span> <span class='ocrx_word' id='word_1_808' title='bbox 3326 4257 3341 4296; x_wconf 91' lang='lat'><strong><em>:</em></strong></span> <span class='ocrx_word' id='word_1_809' title='bbox 3367 4244 3547 4313; x_wconf 88' lang='lat' dir='ltr'><strong>nequit</strong></span> <span class='ocrx_word' id='word_1_810' title='bbox 3576 4260 3694 4314; x_wconf 72' lang='lat' dir='ltr'><strong>pa:-</strong></span> 
     </span>
    </p>
   </div>
   <div class='ocr_carea' id='block_1_106' title="bbox 2103 4318 3694 4402">
    <p class='ocr_par' dir='ltr' id='par_1_106' title="bbox 2103 4318 3694 4402">
     <span class='ocr_line' id='line_1_106' title="bbox 2103 4318 3694 4402; baseline 0.013 -31"><span class='ocrx_word' id='word_1_811' title='bbox 2103 4318 2325 4373; x_wconf 87' lang='lat' dir='ltr'><strong>nitentia</strong></span> <span class='ocrx_word' id='word_1_812' title='bbox 2380 4320 2592 4386; x_wconf 88' lang='lat' dir='ltr'><strong>volare,</strong></span> <span class='ocrx_word' id='word_1_813' title='bbox 2643 4323 2761 4378; x_wconf 88' lang='lat' dir='ltr'><strong>sine</strong></span> <span class='ocrx_word' id='word_1_814' title='bbox 2803 4324 2886 4379; x_wconf 88' lang='lat' dir='ltr'><strong>ala</strong></span> <span class='ocrx_word' id='word_1_815' title='bbox 2927 4327 3304 4400; x_wconf 78' lang='lat' dir='ltr'><strong>eleemosynze.</strong></span> <span class='ocrx_word' id='word_1_816' title='bbox 3360 4332 3481 4387; x_wconf 82' lang='lat' dir='ltr'><strong>Ideo</strong></span> <span class='ocrx_word' id='word_1_817' title='bbox 3521 4335 3694 4402; x_wconf 86' lang='lat' dir='ltr'><strong>probe</strong></span> 
     </span>
    </p>
   </div>
   <div class='ocr_carea' id='block_1_107' title="bbox 2102 4410 3688 4497">
    <p class='ocr_par' dir='ltr' id='par_1_107' title="bbox 2102 4410 3688 4497">
     <span class='ocr_line' id='line_1_107' title="bbox 2102 4410 3688 4497; baseline 0.013 -36"><span class='ocrx_word' id='word_1_818' title='bbox 2102 4410 2379 4477; x_wconf 71' lang='lat' dir='ltr'><strong>ptenitenti</strong></span> <span class='ocrx_word' id='word_1_819' title='bbox 2407 4411 2656 4467; x_wconf 81' lang='lat' dir='ltr'><strong>Cornelio</strong></span> <span class='ocrx_word' id='word_1_820' title='bbox 2688 4415 2771 4469; x_wconf 90' lang='lat' dir='ltr'><strong>ala</strong></span> <span class='ocrx_word' id='word_1_821' title='bbox 2808 4417 2873 4471; x_wconf 90' lang='lat' dir='ltr'><strong>ad</strong></span> <span class='ocrx_word' id='word_1_822' title='bbox 2902 4419 3150 4487; x_wconf 88' lang='lat' dir='ltr'><strong>pietatem</strong></span> <span class='ocrx_word' id='word_1_823' title='bbox 3181 4422 3279 4476; x_wconf 91' lang='lat' dir='ltr'><strong>fuit</strong></span> <span class='ocrx_word' id='word_1_824' title='bbox 3303 4423 3645 4497; x_wconf 80' lang='lat' dir='ltr'><strong>eleemosyna</strong></span> <span class='ocrx_word' id='word_1_825' title='bbox 3670 4444 3688 4481; x_wconf 89' lang='lat'><strong>:</strong></span> 
     </span>
    </p>
   </div>
   <div class='ocr_carea' id='block_1_108' title="bbox 2099 4497 3692 4574">
    <p class='ocr_par' dir='ltr' id='par_1_108' title="bbox 2099 4497 3692 4574">
     <span class='ocr_line' id='line_1_108' title="bbox 2099 4497 3692 4574; baseline 0.011 -24"><span class='ocrx_word' id='word_1_826' title='bbox 2099 4497 2451 4570; x_wconf 73' lang='lat' dir='ltr'><strong>Eleemosyntz</strong></span> <span class='ocrx_word' id='word_1_827' title='bbox 2486 4510 2619 4567; x_wconf 78' lang='lat' dir='ltr'><strong>tute,</strong></span> <span class='ocrx_word' id='word_1_828' title='bbox 2644 4504 2844 4574; x_wconf 89' lang='lat' dir='ltr'><strong>inquit,</strong></span> <span class='ocrx_word' id='word_1_829' title='bbox 2866 4516 2913 4559; x_wconf 84' lang='lat' dir='ltr'><strong>et</strong></span> <span class='ocrx_word' id='word_1_830' title='bbox 2956 4509 3209 4564; x_wconf 90' lang='lat' dir='ltr'><strong>orationes</strong></span> <span class='ocrx_word' id='word_1_831' title='bbox 3257 4519 3358 4564; x_wconf 69' lang='lat' dir='ltr'><strong>tua:</strong></span> <span class='ocrx_word' id='word_1_832' title='bbox 3398 4512 3452 4566; x_wconf 85' lang='lat' dir='ltr'><strong>in</strong></span> <span class='ocrx_word' id='word_1_833' title='bbox 3504 4515 3692 4568; x_wconf 58' lang='lat' dir='ltr'><strong>caelum</strong></span> 
     </span>
    </p>
   </div>
   <div class='ocr_carea' id='block_1_109' title="bbox 2099 4590 3684 4668">
    <p class='ocr_par' dir='ltr' id='par_1_109' title="bbox 2099 4590 3684 4668">
     <span class='ocr_line' id='line_1_109' title="bbox 2099 4590 3684 4668; baseline 0.01 -25"><span class='ocrx_word' id='word_1_834' title='bbox 2099 4590 2435 4646; x_wconf 81' lang='lat' dir='ltr'><strong>ascenderunt</strong></span> <span class='ocrx_word' id='word_1_835' title='bbox 2460 4591 2597 4664; x_wconf 87' lang='lat' dir='ltr'><strong>(Act.</strong></span> <span class='ocrx_word' id='word_1_836' title='bbox 2631 4595 2718 4650; x_wconf 85' lang='grc'><strong>10.</strong></span> <span class='ocrx_word' id='word_1_837' title='bbox 2746 4596 2800 4668; x_wconf 72' lang='grc'><strong>4)</strong></span> <span class='ocrx_word' id='word_1_838' title='bbox 2833 4616 2846 4652; x_wconf 88' lang='lat'><strong>:</strong></span> <span class='ocrx_word' id='word_1_839' title='bbox 2874 4599 2947 4653; x_wconf 90' lang='lat' dir='ltr'><strong>ita</strong></span> <span class='ocrx_word' id='word_1_840' title='bbox 2978 4608 3035 4653; x_wconf 91' lang='lat' dir='ltr'><strong>ut</strong></span> <span class='ocrx_word' id='word_1_841' title='bbox 3058 4602 3102 4654; x_wconf 91' lang='lat' dir='ltr'><strong>si</strong></span> <span class='ocrx_word' id='word_1_842' title='bbox 3127 4616 3234 4656; x_wconf 94' lang='lat' dir='ltr'><strong>non</strong></span> <span class='ocrx_word' id='word_1_843' title='bbox 3256 4601 3523 4660; x_wconf 81' lang='lat' dir='ltr'><strong>habuisset</strong></span> <span class='ocrx_word' id='word_1_844' title='bbox 3542 4607 3684 4659; x_wconf 84' lang='lat' dir='ltr'><strong>alam</strong></span> 
     </span>
    </p>
   </div>
   <div class='ocr_carea' id='block_1_110' title="bbox 2098 4682 3687 4765">
    <p class='ocr_par' dir='ltr' id='par_1_110' title="bbox 2098 4682 3687 4765">
     <span class='ocr_line' id='line_1_110' title="bbox 2098 4682 3687 4765; baseline 0.01 -29"><span class='ocrx_word' id='word_1_845' title='bbox 2098 4682 2451 4753; x_wconf 69' lang='lat' dir='ltr'><strong>eleemosyna:</strong></span> <span class='ocrx_word' id='word_1_846' title='bbox 2480 4685 2806 4753; x_wconf 74' lang='lat' dir='ltr'><strong>poenitentia,</strong></span> <span class='ocrx_word' id='word_1_847' title='bbox 2836 4704 3167 4761; x_wconf 88' lang='lat' dir='ltr'><strong>nequaquam</strong></span> <span class='ocrx_word' id='word_1_848' title='bbox 3199 4693 3252 4746; x_wconf 93' lang='lat' dir='ltr'><strong>in</strong></span> <span class='ocrx_word' id='word_1_849' title='bbox 3281 4695 3469 4748; x_wconf 73' lang='lat' dir='ltr'><strong>czelum</strong></span> <span class='ocrx_word' id='word_1_850' title='bbox 3498 4712 3687 4765; x_wconf 89' lang='lat' dir='ltr'><strong>perve-</strong></span> 
     </span>
    </p>
   </div>
   <div class='ocr_carea' id='block_1_111' title="bbox 2098 4774 3683 4857">
    <p class='ocr_par' dir='ltr' id='par_1_111' title="bbox 2098 4774 3683 4857">
     <span class='ocr_line' id='line_1_111' title="bbox 2098 4774 3683 4857; baseline 0.011 -32"><span class='ocrx_word' id='word_1_851' title='bbox 2098 4774 2283 4828; x_wconf 89' lang='lat' dir='ltr'><strong>nisset.</strong></span> <span class='ocrx_word' id='word_1_852' title='bbox 2315 4776 2567 4845; x_wconf 81' lang='lat' dir='ltr'><strong>Aperitur</strong></span> <span class='ocrx_word' id='word_1_853' title='bbox 2604 4794 2734 4849; x_wconf 89' lang='lat' dir='ltr'><strong>ergo</strong></span> <span class='ocrx_word' id='word_1_854' title='bbox 2774 4779 2932 4837; x_wconf 90' lang='lat' dir='ltr'><strong>hodie</strong></span> <span class='ocrx_word' id='word_1_855' title='bbox 2976 4784 3270 4853; x_wconf 90' lang='lat' dir='ltr'><strong>emporium</strong></span> <span class='ocrx_word' id='word_1_856' title='bbox 3299 4786 3683 4857; x_wconf 68' lang='lat' dir='ltr'><strong>eleemosynaz.</strong></span> 
     </span>
    </p>
   </div>
   <div class='ocr_carea' id='block_1_112' title="bbox 2098 4862 3687 4942">
    <p class='ocr_par' dir='ltr' id='par_1_112' title="bbox 2098 4862 3687 4942">
     <span class='ocr_line' id='line_1_112' title="bbox 2098 4862 3687 4942; baseline 0.011 -25"><span class='ocrx_word' id='word_1_857' title='bbox 2098 4862 2352 4920; x_wconf 75' lang='lat' dir='ltr'><strong>Videmus</strong></span> <span class='ocrx_word' id='word_1_858' title='bbox 2378 4868 2518 4920; x_wconf 88' lang='lat' dir='ltr'><strong>enim</strong></span> <span class='ocrx_word' id='word_1_859' title='bbox 2545 4871 2781 4937; x_wconf 77' lang='lat' dir='ltr'><strong>Captivos</strong></span> <span class='ocrx_word' id='word_1_860' title='bbox 2805 4881 2859 4925; x_wconf 91' lang='lat' dir='ltr'><strong>et</strong></span> <span class='ocrx_word' id='word_1_861' title='bbox 2886 4886 3147 4942; x_wconf 86' lang='lat' dir='ltr'><strong>pauperes</strong></span> <span class='ocrx_word' id='word_1_862' title='bbox 3164 4916 3180 4939; x_wconf 94' lang='lat'><strong>,</strong></span> <span class='ocrx_word' id='word_1_863' title='bbox 3210 4876 3454 4932; x_wconf 89' lang='lat' dir='ltr'><strong>videmus</strong></span> <span class='ocrx_word' id='word_1_864' title='bbox 3482 4879 3535 4932; x_wconf 92' lang='lat' dir='ltr'><strong>in</strong></span> <span class='ocrx_word' id='word_1_865' title='bbox 3565 4878 3687 4935; x_wconf 75' lang='lat' dir='ltr'><strong>foro</strong></span> 
     </span>
    </p>
   </div>
   <div class='ocr_carea' id='block_1_113' title="bbox 2097 4954 3688 5040">
    <p class='ocr_par' dir='ltr' id='par_1_113' title="bbox 2097 4954 3688 5040">
     <span class='ocr_line' id='line_1_113' title="bbox 2097 4954 3688 5040; baseline 0.011 -33"><span class='ocrx_word' id='word_1_866' title='bbox 2097 4954 2509 5022; x_wconf 81' lang='lat' dir='ltr'><strong>circumeuntes,</strong></span> <span class='ocrx_word' id='word_1_867' title='bbox 2535 4957 2776 5013; x_wconf 86' lang='lat' dir='ltr'><strong>videmus</strong></span> <span class='ocrx_word' id='word_1_868' title='bbox 2797 4961 3090 5018; x_wconf 89' lang='lat' dir='ltr'><strong>clamantes</strong></span> <span class='ocrx_word' id='word_1_869' title='bbox 3109 5006 3123 5027; x_wconf 88' lang='lat'><strong>,</strong></span> <span class='ocrx_word' id='word_1_870' title='bbox 3157 4965 3513 5036; x_wconf 83' lang='lat' dir='ltr'><strong>lacrymantes</strong></span> <span class='ocrx_word' id='word_1_871' title='bbox 3539 5009 3555 5032; x_wconf 86' lang='lat'><strong>,</strong></span> <span class='ocrx_word' id='word_1_872' title='bbox 3583 4985 3688 5040; x_wconf 78' lang='lat' dir='ltr'><strong>ge-</strong></span> 
     </span>
    </p>
   </div>
   <div class='ocr_carea' id='block_1_114' title="bbox 2098 5049 3685 5130">
    <p class='ocr_par' dir='ltr' id='par_1_114' title="bbox 2098 5049 3685 5130">
     <span class='ocr_line' id='line_1_114' title="bbox 2098 5049 3685 5130; baseline 0.011 -31"><span class='ocrx_word' id='word_1_873' title='bbox 2098 5056 2309 5101; x_wconf 89' lang='lat' dir='ltr'><strong>mentes</strong></span> <span class='ocrx_word' id='word_1_874' title='bbox 2360 5064 2375 5101; x_wconf 91' lang='lat'><strong>:</strong></span> <span class='ocrx_word' id='word_1_875' title='bbox 2427 5049 2679 5104; x_wconf 66' lang='lat' dir='ltr'><strong>nundinas</strong></span> <span class='ocrx_word' id='word_1_876' title='bbox 2734 5053 2890 5108; x_wconf 85' lang='lat' dir='ltr'><strong>nobis</strong></span> <span class='ocrx_word' id='word_1_877' title='bbox 2946 5056 3216 5113; x_wconf 88' lang='lat' dir='ltr'><strong>mirabiles</strong></span> <span class='ocrx_word' id='word_1_878' title='bbox 3267 5072 3685 5130; x_wconf 86' lang='lat' dir='ltr'><strong>preponuntur:</strong></span> 
     </span>
    </p>
   </div>
   <div class='ocr_carea' id='block_1_115' title="bbox 2097 5135 3687 5219">
    <p class='ocr_par' dir='ltr' id='par_1_115' title="bbox 2097 5135 3687 5219">
     <span class='ocr_line' id='line_1_115' title="bbox 2097 5135 3687 5219; baseline 0.013 -31"><span class='ocrx_word' id='word_1_879' title='bbox 2097 5135 2454 5192; x_wconf 90' lang='lat' dir='ltr'><strong>nundinarum</strong></span> <span class='ocrx_word' id='word_1_880' title='bbox 2480 5154 2608 5194; x_wconf 91' lang='lat' dir='ltr'><strong>vero</strong></span> <span class='ocrx_word' id='word_1_881' title='bbox 2640 5155 2743 5195; x_wconf 91' lang='lat' dir='ltr'><strong>non</strong></span> <span class='ocrx_word' id='word_1_882' title='bbox 2791 5143 2891 5196; x_wconf 84' lang='lat' dir='ltr'><strong>alia</strong></span> <span class='ocrx_word' id='word_1_883' title='bbox 2937 5145 3070 5199; x_wconf 88' lang='lat' dir='ltr'><strong>ratio</strong></span> <span class='ocrx_word' id='word_1_884' title='bbox 3095 5156 3177 5201; x_wconf 90' lang='lat' dir='ltr'><strong>est</strong></span> <span class='ocrx_word' id='word_1_885' title='bbox 3195 5187 3211 5212; x_wconf 89' lang='lat'><strong>,</strong></span> <span class='ocrx_word' id='word_1_886' title='bbox 3237 5151 3552 5219; x_wconf 90' lang='lat' dir='ltr'><strong>negotiatori</strong></span> <span class='ocrx_word' id='word_1_887' title='bbox 3580 5170 3687 5208; x_wconf 90' lang='lat' dir='ltr'><strong>non</strong></span> 
     </span>
    </p>
   </div>
   <div class='ocr_carea' id='block_1_116' title="bbox 2096 5225 3687 5311">
    <p class='ocr_par' dir='ltr' id='par_1_116' title="bbox 2096 5225 3687 5311">
     <span class='ocr_line' id='line_1_116' title="bbox 2096 5225 3687 5311; baseline 0.012 -34"><span class='ocrx_word' id='word_1_888' title='bbox 2096 5225 2231 5280; x_wconf 84' lang='lat' dir='ltr'><strong>alius</strong></span> <span class='ocrx_word' id='word_1_889' title='bbox 2273 5227 2520 5293; x_wconf 83' lang='lat' dir='ltr'><strong>animus,</strong></span> <span class='ocrx_word' id='word_1_890' title='bbox 2564 5246 2722 5300; x_wconf 89' lang='lat' dir='ltr'><strong>quam</strong></span> <span class='ocrx_word' id='word_1_891' title='bbox 2767 5232 2973 5287; x_wconf 88' lang='lat' dir='ltr'><strong>venalia</strong></span> <span class='ocrx_word' id='word_1_892' title='bbox 3026 5249 3190 5304; x_wconf 88' lang='lat' dir='ltr'><strong>parvo</strong></span> <span class='ocrx_word' id='word_1_893' title='bbox 3245 5254 3461 5307; x_wconf 86' lang='lat' dir='ltr'><strong>emere,</strong></span> <span class='ocrx_word' id='word_1_894' title='bbox 3491 5256 3687 5311; x_wconf 87' lang='lat' dir='ltr'><strong>magno</strong></span> 
     </span>
    </p>
   </div>
   <div class='ocr_carea' id='block_1_117' title="bbox 2096 5317 3685 5401">
    <p class='ocr_par' dir='ltr' id='par_1_117' title="bbox 2096 5317 3685 5401">
     <span class='ocr_line' id='line_1_117' title="bbox 2096 5317 3685 5401; baseline 0.009 -30"><span class='ocrx_word' id='word_1_895' title='bbox 2096 5317 2346 5373; x_wconf 85' lang='lat' dir='ltr'><strong>vendere.</strong></span> <span class='ocrx_word' id='word_1_896' title='bbox 2393 5321 2582 5375; x_wconf 89' lang='lat' dir='ltr'><strong>Annon</strong></span> <span class='ocrx_word' id='word_1_897' title='bbox 2623 5321 2711 5376; x_wconf 93' lang='lat' dir='ltr'><strong>hic</strong></span> <span class='ocrx_word' id='word_1_898' title='bbox 2753 5333 2836 5378; x_wconf 83' lang='lat' dir='ltr'><strong>est</strong></span> <span class='ocrx_word' id='word_1_899' title='bbox 2892 5327 3254 5395; x_wconf 91' lang='lat' dir='ltr'><strong>quorumlibet</strong></span> <span class='ocrx_word' id='word_1_900' title='bbox 3293 5331 3685 5401; x_wconf 85' lang='lat' dir='ltr'><strong>negotiatorum</strong></span> 
     </span>
    </p>
   </div>
   <div class='ocr_carea' id='block_1_118' title="bbox 2096 5411 3684 5490">
    <p class='ocr_par' dir='ltr' id='par_1_118' title="bbox 2096 5411 3684 5490">
     <span class='ocr_line' id='line_1_118' title="bbox 2096 5411 3684 5490; baseline 0.009 -29"><span class='ocrx_word' id='word_1_901' title='bbox 2096 5411 2327 5476; x_wconf 90' lang='lat' dir='ltr'><strong>scopus?</strong></span> <span class='ocrx_word' id='word_1_902' title='bbox 2350 5425 2476 5463; x_wconf 92' lang='lat' dir='ltr'><strong>num</strong></span> <span class='ocrx_word' id='word_1_903' title='bbox 2514 5420 2732 5482; x_wconf 82' lang='lat' dir='ltr'><strong>propter</strong></span> <span class='ocrx_word' id='word_1_904' title='bbox 2769 5413 2911 5467; x_wconf 89' lang='lat' dir='ltr'><strong>aliud</strong></span> <span class='ocrx_word' id='word_1_905' title='bbox 2958 5417 3220 5486; x_wconf 88' lang='lat' dir='ltr'><strong>quispiam</strong></span> <span class='ocrx_word' id='word_1_906' title='bbox 3268 5421 3684 5490; x_wconf 85' lang='lat' dir='ltr'><strong>negotiationem</strong></span> 
     </span>
    </p>
   </div>
   <div class='ocr_carea' id='block_1_119' title="bbox 2096 5496 3687 5578">
    <p class='ocr_par' dir='ltr' id='par_1_119' title="bbox 2096 5496 3687 5578">
     <span class='ocr_line' id='line_1_119' title="bbox 2096 5496 3687 5578; baseline 0.01 -28"><span class='ocrx_word' id='word_1_907' title='bbox 2096 5496 2226 5562; x_wconf 87' lang='lat' dir='ltr'><strong>adit,</strong></span> <span class='ocrx_word' id='word_1_908' title='bbox 2252 5498 2351 5553; x_wconf 91' lang='lat' dir='ltr'><strong>nisi</strong></span> <span class='ocrx_word' id='word_1_909' title='bbox 2382 5508 2439 5555; x_wconf 93' lang='lat' dir='ltr'><strong>ut</strong></span> <span class='ocrx_word' id='word_1_910' title='bbox 2463 5517 2581 5570; x_wconf 71' lang='lat' dir='ltr'><strong>qua:</strong></span> <span class='ocrx_word' id='word_1_911' title='bbox 2610 5519 2773 5572; x_wconf 88' lang='lat' dir='ltr'><strong>parvo</strong></span> <span class='ocrx_word' id='word_1_912' title='bbox 2799 5506 2930 5561; x_wconf 90' lang='lat' dir='ltr'><strong>emit</strong></span> <span class='ocrx_word' id='word_1_913' title='bbox 2954 5522 3146 5578; x_wconf 81' lang='lat' dir='ltr'><strong>magno</strong></span> <span class='ocrx_word' id='word_1_914' title='bbox 3169 5511 3394 5577; x_wconf 88' lang='lat' dir='ltr'><strong>vendat,</strong></span> <span class='ocrx_word' id='word_1_915' title='bbox 3417 5520 3474 5566; x_wconf 91' lang='lat' dir='ltr'><strong>et</strong></span> <span class='ocrx_word' id='word_1_916' title='bbox 3497 5517 3687 5568; x_wconf 78' lang='lat' dir='ltr'><strong>multi-</strong></span> 
     </span>
    </p>
   </div>
   <div class='ocr_carea' id='block_1_120' title="bbox 2096 5587 3686 5671">
    <p class='ocr_par' dir='ltr' id='par_1_120' title="bbox 2096 5587 3686 5671">
     <span class='ocr_line' id='line_1_120' title="bbox 2096 5587 3686 5671; baseline 0.009 -29"><span class='ocrx_word' id='word_1_917' title='bbox 2096 5587 2343 5658; x_wconf 85' lang='lat' dir='ltr'><strong>plicatam</strong></span> <span class='ocrx_word' id='word_1_918' title='bbox 2389 5593 2798 5662; x_wconf 79' lang='lat' dir='ltr'><strong>negotiationem</strong></span> <span class='ocrx_word' id='word_1_919' title='bbox 2847 5598 3083 5652; x_wconf 80' lang='lat' dir='ltr'><strong>referat?</strong></span> <span class='ocrx_word' id='word_1_920' title='bbox 3112 5598 3267 5655; x_wconf 89' lang='lat' dir='ltr'><strong>Tales</strong></span> <span class='ocrx_word' id='word_1_921' title='bbox 3315 5601 3472 5671; x_wconf 87' lang='lat' dir='ltr'><strong>igitur</strong></span> <span class='ocrx_word' id='word_1_922' title='bbox 3525 5603 3686 5659; x_wconf 80' lang='lat' dir='ltr'><strong>nobis</strong></span> 
     </span>
    </p>
   </div>
   <div class='ocr_carea' id='block_1_121' title="bbox 2096 5679 3689 5759">
    <p class='ocr_par' dir='ltr' id='par_1_121' title="bbox 2096 5679 3689 5759">
     <span class='ocr_line' id='line_1_121' title="bbox 2096 5679 3689 5759; baseline 0.01 -27"><span class='ocrx_word' id='word_1_923' title='bbox 2096 5679 2359 5735; x_wconf 88' lang='lat' dir='ltr'><strong>nundinas</strong></span> <span class='ocrx_word' id='word_1_924' title='bbox 2403 5681 2542 5737; x_wconf 88' lang='lat' dir='ltr'><strong>Dens</strong></span> <span class='ocrx_word' id='word_1_925' title='bbox 2586 5686 2860 5754; x_wconf 91' lang='lat' dir='ltr'><strong>proposuit</strong></span> <span class='ocrx_word' id='word_1_926' title='bbox 2891 5704 2904 5741; x_wconf 92' lang='lat'>:</span> <span class='ocrx_word' id='word_1_927' title='bbox 2936 5687 3144 5743; x_wconf 90' lang='lat' dir='ltr'><strong>modico</strong></span> <span class='ocrx_word' id='word_1_928' title='bbox 3168 5689 3400 5759; x_wconf 88' lang='lat' dir='ltr'><strong>justitias</strong></span> <span class='ocrx_word' id='word_1_929' title='bbox 3441 5707 3597 5758; x_wconf 89' lang='lat' dir='ltr'><strong>eme,</strong></span> <span class='ocrx_word' id='word_1_930' title='bbox 3625 5702 3689 5748; x_wconf 86' lang='lat' dir='ltr'><strong>ut</strong></span> 
     </span>
    </p>
   </div>
   <div class='ocr_carea' id='block_1_122' title="bbox 2100 5772 3691 5853">
    <p class='ocr_par' dir='ltr' id='par_1_122' title="bbox 2100 5772 3691 5853">
     <span class='ocr_line' id='line_1_122' title="bbox 2100 5772 3691 5853; baseline 0.011 -29"><span class='ocrx_word' id='word_1_931' title='bbox 2100 5772 2269 5827; x_wconf 87' lang='lat' dir='ltr'><strong>multo</strong></span> <span class='ocrx_word' id='word_1_932' title='bbox 2295 5774 2494 5831; x_wconf 84' lang='lat' dir='ltr'><strong>vendas</strong></span> <span class='ocrx_word' id='word_1_933' title='bbox 2520 5774 2573 5831; x_wconf 88' lang='lat' dir='ltr'><strong>in</strong></span> <span class='ocrx_word' id='word_1_934' title='bbox 2603 5774 2802 5846; x_wconf 79' lang='lat' dir='ltr'><strong>futuro;</strong></span> <span class='ocrx_word' id='word_1_935' title='bbox 2833 5779 2878 5834; x_wconf 85' lang='lat' dir='ltr'><strong>si</strong></span> <span class='ocrx_word' id='word_1_936' title='bbox 2905 5787 3080 5836; x_wconf 86' lang='lat' dir='ltr'><strong>tamen</strong></span> <span class='ocrx_word' id='word_1_937' title='bbox 3109 5782 3469 5839; x_wconf 85' lang='lat' dir='ltr'><strong>venditionem</strong></span> <span class='ocrx_word' id='word_1_938' title='bbox 3496 5786 3691 5853; x_wconf 62' lang='lat' dir='ltr'><strong>appeh</strong></span> 
     </span>
    </p>
   </div>
  </div>
