3906 6224
29 253 180 311 B3!

29 369 174 425 καὶ
215 369 554 442 διετήρησεν.
588 366 741 435 ’Λεία
782 365 961 421 τοίνυν
989 364 1210 420 ἐπαίνου
1245 364 1445 428 παντὸς
1477 363 1664 427 Ῥαὰϐ,
1709 365 1742 434 ή

29 458 241 511 εἰκῶν
266 456 366 527 τῆς
393 456 738 525 Ἐκκλησίας.
762 452 862 507 Διά
883 452 1041 507 τοῦτο
1065 451 1160 506 καὶ
1192 451 1221 503 6
1248 453 1490 520 γενναῖος
1510 449 1741 513 Παῦλος,

29 543 417 615 καταμαθὼν
467 542 640 612 αὐτῆς
692 541 754 595 16
802 539 1019 612 ἀξίωμα
1046 540 1145 610 τῆς
1195 539 1451 602 πίστεως,
1498 537 1593 591 καὶ
1644 537 1743 589 οὐκ

29 632 336 703 ἀδόκιμον
359 631 702 702 ἡγησάμενος
722 628 808 682 διά
823 629 920 700 τὴν
940 627 1208 699 προτέραν
1227 625 1581 687 κατάστασιν,
1609 624 1744 678 ἀλλά

29 718 299 791 δόκιμον
356 719 442 772 διά
470 717 567 789 τήν
608 717 786 770 ἔνθεον
837 714 1166 786 μεταϐολὴν,
1216 712 1538 784 συναριθμεῖ
1574 712 1741 782 αὐτὴν

29 810 188 871 τοῖς
222 806 400 875 ἁγίοις
434 806 596 866 πᾶσι,
644 805 739 857 καὶ
771 801 1035 874 εἰρηκώς·
1064 801 1269 854 Πίστει
1316 802 1487 853 Ἅϐελ
1519 801 1742 854 θυσίαν

29 891 480 961 προσήνεγκε·
512 891 709 943 πίστει
744 888 991 957 Ἀϐραὰμ
1030 887 1090 941 16
1121 889 1214 941 καὶ
1254 887 1315 939 16
1348 887 1570 956 ἐποίησε
1590 903 1603 917 ·
1647 886 1740 939 πί-

29 998 191 1033 στει
215 980 341 1033 Νῶε
370 979 598 1032 κιϐωτὸν
626 979 920 1049 εἰργάσατο
940 994 951 1007 ·
985 978 1165 1031 πίστει
1189 977 1430 1046 Μωῦσῆς
1456 976 1524 1030 τά
1552 976 1643 1029 καὶ
1673 976 1740 1028 τὰ

29 1066 301 1136 Ξποίησε
349 1066 445 1118 καὶ
481 1061 837 1134 κατώρθωσε·
868 1065 964 1117 καὶ
992 1063 1202 1117 πολλῶν
1230 1063 1428 1133 ἐφεξῆς
1481 1061 1739 1132 μνησθεὶς

30 1154 270 1221 ἁγίων,
296 1152 358 1206 16
383 1152 692 1205 τελευταῖον
723 1154 997 1223 ἐπήγαγε·
1026 1151 1231 1205 Πίστει
1269 1151 1452 1204 Ῥαὰϐ
1476 1148 1515 1216 ἡ
1547 1150 1737 1217 πόρνη

29 1243 138 1294 οὐ
195 1239 590 1295 συναπώλετο
635 1238 760 1305 τοῖς
803 1237 1168 1302 ἀπειθήσασι
1187 1280 1201 1302 ,
1242 1237 1538 1306 δεξαμένη
1596 1235 1739 1301 τοὺς

32 1328 522 1393 κατασκόπους,
577 1326 676 1380 καὶ
716 1325 887 1394 ἑτέρᾳ
934 1323 1052 1391 ὀδῷ
1090 1324 1454 1379 ἐκϐαλοῦσα.
1496 1324 1605 1377 Καὶ
1636 1323 1739 1394 δρα

34 1415 190 1478 στῶς
222 1415 365 1487 μετά
397 1414 594 1486 πολλῆς
626 1413 817 1483 σοφίας
848 1414 1079 1485 ἐκέρασε
1108 1412 1205 1484 τὴν
1238 1413 1434 1482 ἑαυτῆς
1461 1412 1740 1480 εὐγνωμο-

294 1503 424 1556 Ὅτε
455 1501 565 1571 γὰρ
592 1501 975 1571 ἀπεστάλησαν
1002 1501 1151 1571 παρά
1195 1499 1289 1553 τοῦ
1322 1499 1590 1569 βασιλέως
1638 1498 1738 1567 ζη-

30 1590 295 1652 ⁴ιτοῦντιις
315 1591 441 1653 τοὺς
472 1589 866 1651 κατασκόπους,
883 1587 1130 1657 λέγουσιν
1158 1587 1293 1657 αὑτῇ
1318 1603 1331 1616 ⁸
1357 1589 1428 1639 El
1447 1584 1739 1654 εἰσῆλθον

30 1676 224 1743 πρὸς
254 1675 331 1730 σὲ
357 1674 608 1743 ἅνδρες;
649 1676 714 1728 Ἦ
741 1674 796 1727 δὲ
819 1674 954 1745 πρὸς
988 1673 1213 1736 αὐτούς·
1242 1672 1372 1733 Ναὶ,
1410 1671 1592 1741 φησὶν,
1623 1672 1738 1723 εἰσ-

32 1760 254 1831 ῆλθον.
285 1761 507 1831 Πρῶτον
536 1761 810 1831 οἰκοδομεῖ
847 1760 946 1831 τὴν
980 1758 1259 1828 ἀλήθειαν,
1313 1757 1407 1811 καὶ
1439 1755 1612 1819 οὕτως
1647 1758 1740 1809 ἐπ-

34 1849 193 1918 άγει
226 1850 289 1904 16
335 1849 547 1920 ψεῦδος.
594 1849 860 1903 Οὐδέποτε
895 1848 1001 1917 γάρ
1031 1846 1150 1900 καθ’
1178 1847 1308 1901 αὐτὸ
1345 1847 1406 1899 16
1425 1844 1619 1914 ψεῦδος
1650 1861 1737 1897 πι-

36 1937 345 2001 στεύεται,
374 1937 466 1991 ἐὰν
492 1937 566 2008 μὴ
592 1936 863 2007 προλαϐὺν
889 1933 1188 2002 ἐνδείξηται
1216 1932 1314 2003 τὴν
1335 1931 1618 2001 ἀλήθειαν·
1649 1929 1737 1983 διὰ

29 2024 228 2077 ’τοῦτο
250 2025 300 2077 οί
331 2024 567 2087 πιθανῶς
587 2024 905 2094 ψευδόμενοι
934 2022 1149 2091 πρῶτον
1171 2022 1386 2090 λέγουσι
1411 2021 1619 2091 τάληθῆ
1643 2021 1736 2075 καὶ

29 2113 235 2165 πᾶσιν
258 2111 508 2182 ώμολογη
518 2110 674 2181 μένα,
698 2112 792 2163 καὶ
811 2110 933 2162 τότε
953 2110 1219 2177 ἐπάγουσι
1236 2110 1304 2162 τὰ
1321 2109 1490 2179 ψευδῆ
1510 2110 1604 2161 καὶ
1626 2110 1734 2179 ἀμς⁹

36 2197 456 2268 φιϐαλλὸμενα.
477 2197 737 2267 Εἰσῆλθον
758 2197 892 2268 πρὸς
921 2197 979 2249 σέ
1005 2197 1367 2259 κατάσκοποι;
1387 2196 1570 2264 Λέγει,
1587 2195 1730 2248 Ναί·

34 2288 100 2338 εἰ
132 2285 250 2355 γὰρ
273 2281 424 2338 εἶπεν
454 2284 514 2350 ἐξ
538 2285 729 2355 ἀρχῆς,
756 2283 850 2346 Οὒ,
878 2283 1230 2355 προεκαλεῖτο
1260 2286 1339 2347 εἰς
1363 2283 1585 2353 ἔρευναν
1607 2282 1733 2347 τοὺς

38 2372 391 2436 ἐπελθόντας
413 2388 425 2402 ·
453 2370 600 2443 [555]
629 2371 785 2434 ἀλλὰ,
803 2371 912 2424 Καὶ
934 2371 1198 2443 εἰσῆλθον,
1217 2372 1371 2441 φησὶ.
1394 2370 1489 2423 καὶ
1513 2370 1730 2441 ἐξῆλθον

36 2460 186 2531 τῇδε
202 2462 270 2530 τῇ
291 2459 412 2529 ὁδῷ,
430 2457 812 2524 καταδιώξατε,
828 2459 922 2512 καὶ
940 2458 1313 2528 καταλήψεσθε
1329 2457 1544 2521 αὐτούς.
1561 2459 1625 2510 Ὢ
1641 2475 1733 2510 κα-

42 2545 151 2599 λοῦ
168 2546 429 2616 ψεύδους·
458 2544 503 2598 ὣ
529 2544 692 2598 καλοῦ
713 2544 864 2598 δόλου
884 2546 944 2598 οὐ
971 2544 1311 2615 προδιδόντος
1339 2546 1405 2598 τὰ
1429 2544 1567 2608 θεῖα,
1594 2546 1729 2601 ἀλλά

42 2634 424 2703 φυλάττοντος
456 2633 552 2704 τὴν
576 2631 874 2686 εὐσέϐειαν.
892 2633 954 2685 El
982 2632 1162 2685 τοίνυν
1189 2633 1288 2704 τὴν
1313 2632 1483 2685 Ῥαὰϐ
1516 2634 1728 2705 ἐκείνην

40 2726 78 2791 ἠ
119 2722 389 2792 μετάνοια
402 2720 672 2791 σωτηρίας
693 2718 961 2789 τοσαύτης
981 2719 1203 2790 ἠξίωσε,
1230 2720 1324 2773 καὶ
1346 2719 1432 2773 διὰ
1464 2719 1729 2791 στόματος

41 2812 232 2879 ἁγίων
265 2809 613 2880 κηρύττεται,
644 2806 818 2880 Ἰησοῦ
858 2808 954 2876 μὲν
982 2807 1077 2860 τοῦ
1111 2807 1268 2877 Ναυῆ
1308 2807 1535 2877 βοῶντος
1577 2810 1634 2861 ἐν
1660 2811 1725 2881 τῇ

41 2903 256 2973 ἐρήμῳ
275 2917 288 2931 ·
312 2900 478 2966 Ζήτω
501 2898 682 2953 Ῥαὰϐ
701 2899 739 2966 ἠ
766 2897 981 2965 πόρνη,
1014 2897 1226 2950 Παύλου
1248 2896 1305 2951 δὲ
1324 2897 1591 2965 λέγοντος,
1622 2898 1727 2951 Πί-

42 3004 187 3044 στει
208 2988 387 3042 Ῥαὰϐ
401 2989 440 3056 ή
463 2987 652 3054 πόρνη
676 2988 747 3040 οὐ
768 2985 1159 3039 συναπώλετο
1188 2983 1313 3050 τοῖς
1337 2984 1722 3051 ἀπειθήσασι,

44 3080 210 3149 πόσῳ
240 3076 438 3148 μᾶλλον
485 3078 667 3146 ἡμεῖς,
704 3076 799 3127 ἐὰν
840 3074 1202 3144 προσάγωμεν
1234 3072 1332 3143 τὴν
1392 3074 1680 3143 μετάνοιαν
1705 3113 1722 3140 ,

41 3165 320 3235 δεξόμεθα
343 3164 438 3235 τὴν
461 3164 764 3235 σωτηρίαν;
788 3162 1087 3224 Μετανοίας
1110 3162 1205 3214 νῦν
1235 3162 1263 3214 6
1289 3159 1477 3232 παρὼν
1502 3162 1688 3232 καιρός
1707 3180 1720 3194 ο

42 3256 227 3318 πολὺς
251 3254 356 3325 γὰρ
379 3256 408 3307 6
429 3253 589 3322 φόϐος
609 3252 718 3304 τῶν
749 3251 1109 3321 ἐπικειμένων
1133 3252 1264 3319 ήμῖν
1288 3251 1719 3320 ἁμαρτημάτων,

43 3347 118 3401 ἂν
154 3343 232 3414 μὴ
261 3341 521 3412 προλάϐοι
552 3341 650 3410 τὴν
683 3340 950 3410 τιμωρίαν
982 3340 1014 3409 ή
1055 3337 1330 3407 μετάνοια.
1363 3337 1723 3407 Προφθάσω-

38 3449 165 3503 μεν
190 3429 261 3482 τὸ
299 3430 624 3496 πρόσωπον
666 3426 852 3480 αὑτοῦ
885 3426 955 3479 ἐν
1006 3423 1436 3493 ἐξομολογήσει
1468 3440 1481 3454 ·
1521 3425 1724 3478 σϐέσω-

45 3536 156 3591 μεν
177 3516 278 3588 τὴν
305 3515 580 3587 πυρκαϊὰν
601 3513 710 3567 τῶν
734 3515 955 3583 ἀμαρτη
965 3512 1167 3582 μάτων,
1186 3512 1283 3581 οὐχ
1305 3511 1460 3565 ὕδασι
1485 3512 1719 3575 πολλοῖς,

39 3607 191 3661 ἀλλά
229 3606 443 3676 μικροῖς
468 3602 718 3672 δάκρυσι.
750 3601 892 3653 Πολὺ
932 3600 993 3652 16
1019 3600 1129 3669 πῦρ
1170 3599 1270 3666 τῆς
1302 3600 1598 3669 ἁμαρτίας,
1631 3601 1721 3652 καὶ

39 3695 221 3763 ὀλίγῳ
279 3690 497 3761 δακρύῳ
539 3688 859 3742 σϐέννυται·
917 3686 978 3740 16
1024 3687 1131 3757 γὰρ
1181 3687 1416 3757 δάκρυον
1468 3686 1719 3741 σϐέννυσι

42 3780 330 3852 πυρκαϊὰν
357 3780 791 3851 ἁμαρτημάτων,
814 3777 907 3831 καὶ
936 3776 1233 3830 ἀποπλύνει
1261 3776 1521 3829 δυσωδίαν
1547 3778 1722 3848 ἁμαρ-

38 3873 192 3935 ⁴ιτίας.
223 3871 510 3941 Μαρτυρεῖ
539 3866 699 3920 Δαυῖδ
732 3870 761 3919 6
801 3866 1069 3937 μακάριος
1100 3865 1294 3933 λέγων,
1331 3866 1425 3918 καὶ
1458 3866 1714 3919 δεικνύων

40 3961 150 4032 τὴν
182 3959 413 4028 δύναμιν
460 3955 568 4008 τῶν
609 3954 863 4025 δακρύων
905 3954 1028 4006 ὅσον
1078 3952 1280 4022 ίσχύει’
1325 3954 1538 4005 Λούσω
1587 3952 1716 4023 γὰρ,

42 4053 209 4124 φησὶ,
241 4050 369 4103 καθ’
418 4047 687 4111 ἑκάστην
722 4046 913 4099 νύκτα
944 4044 1059 4112 τὴν
1091 4045 1310 4110 κλίνην
1334 4061 1475 4113 μου,
1510 4044 1581 4097 ἐν
1612 4045 1718 4099 δά-

40 4141 235 4211 κρυσί
273 4157 392 4208 μου
439 4136 552 4201 τὴν
589 4134 909 4203 στρωμνήν
951 4151 1070 4203 μου
1114 4134 1334 4200 βρέξω.
1373 4135 1483 4187 Καὶ
1518 4134 1626 4206 μὴν
1669 4137 1718 4188 εἰ

39 4232 150 4300 τὴν
192 4226 454 4296 ἀφθονίαν
491 4222 741 4299 ἐϐούλετο
772 4221 940 4285 δεῖξαι
982 4221 1091 4273 τῶν
1135 4221 1417 4290 δακρύων,
1469 4222 1626 4293 ήρκει
1657 4224 1718 4277 τὸ

41 4320 226 4372 εἰπεῖν
242 4333 257 4348 ·
302 4316 406 4368 Ἕν
430 4310 691 4379 δάκρυσί
706 4327 827 4379 μου
868 4308 983 4375 τὴν
1005 4309 1330 4377 στρωμνήν
1348 4328 1468 4377 μου
1494 4310 1712 4377 βρέξω.

39 4402 150 4461 Διά
176 4402 229 4455 τί
252 4396 345 4455 οὖν
374 4396 634 4471 προέταξε
659 4396 742 4463 16,
774 4395 1023 4455 Λούσω;
1059 4395 1175 4447 Ἵνα
1203 4395 1349 4465 δείξῃ
1380 4397 1461 4449 δτι
1487 4396 1714 4469 λουτρόν

41 4494 165 4546 ἐστι
191 4489 286 4542 καὶ
309 4486 605 4557 καθάρσιον
632 4482 1043 4554 ἁμαρτημάτων
1066 4481 1136 4534 τὰ
1159 4481 1393 4554 δάκρυα.

118 4582 194 4640 ς’.
229 4572 451 4626 Πάντων
480 4568 589 4623 τῶν
622 4566 808 4621 κακῶν
837 4566 984 4619 αἴτια
1005 4566 1072 4618 τὰ
1093 4567 1487 4637 ἁμαρτήματα.
1513 4568 1611 4621 Διά
1646 4569 1714 4622 τὰ

40 4662 424 4734 ἁμαρτήματα
476 4653 665 4717 λῦπαι,
701 4654 790 4707 διά
814 4653 884 4706 τὰ
925 4654 1297 4723 ἁμαρτήματα
1330 4656 1589 4724 ταραχαὶ,
1625 4655 1713 4708 διὰ

39 4751 112 4805 τὰ
137 4746 511 4819 ἁμαρτήματα
540 4741 784 4813 πόλεμοι,
817 4741 905 4794 διὰ
930 4742 1001 4794 τὰ
1029 4742 1399 4811 ἁμαρτήματα
1419 4740 1582 4801 νόσοι,
1617 4744 1712 4796 καὶ

41 4838 226 4892 πάντα
256 4835 357 4887 ὅσα
389 4834 521 4902 ἡμῖν
546 4829 875 4901 προσπίπτει
909 4829 1136 4882 δυσίατα
1181 4827 1349 4898 πάθη.
1378 4827 1590 4899 Ὠσπερ
1617 4826 1710 4884 οὖν

41 4929 92 4980 οἱ
116 4925 329 4994 ἁριστοι
364 4918 473 4972 τῶν
502 4917 703 4987 ἰατρῶν
727 4916 790 4969 οὐ
821 4915 887 4968 τὰ
910 4915 1209 4984 φαινόμενα
1240 4913 1389 4984 πάθη
1424 4914 1711 4981 ἐξετάζον.

45 5030 152 5075 σιν,
176 5009 311 5064 ἀλλά
334 5007 433 5078 τὴν
453 5005 629 5059 αἰτίαν
654 5004 761 5057 τῶν
793 5004 1129 5072 φαινομένων
1158 5002 1505 5073 ἐπιζητοῦσιν
1525 5021 1539 5035 ο
1566 5005 1708 5057 οὕτω

43 5103 142 5155 καὶ
171 5101 201 5151 6
223 5096 410 5166 Σωτὴρ
441 5092 758 5164 βουλόμενος
785 5090 954 5156 δεῖξαι
988 5090 1206 5143 πάντων
1235 5088 1345 5141 τῶν
1378 5090 1568 5145 κακῶν
1601 5092 1710 5146 τῶν

43 5193 103 5243 ἐν
133 5183 437 5255 ἀνθρώποις
473 5180 651 5234 αἰτίαν
691 5179 789 5250 τὴν
819 5178 1112 5248 ἁμαρτίαν,
1137 5177 1273 5247 φησί⁸
1296 5176 1375 5247 τῷ
1400 5179 1711 5248 παραλελυ-

48 5276 195 5344 μένῳ
218 5270 277 5323 16
304 5269 463 5339 σῶμα
485 5285 499 5297 ·
529 5265 717 5337 ἐπειδὴ
750 5260 889 5317 εἶδεν
918 5264 1079 5317 αὑτὸν
1105 5265 1134 5315 6
1160 5265 1345 5334 ἰατρὸς
1380 5263 1489 5316 τῶν
1520 5265 1708 5334 ψυχῶν

46 5359 309 5433 πρότερον
334 5354 431 5425 τὴν
477 5352 654 5424 ψυχὴν
703 5351 1102 5423 παραλυθέντα,
1134 5352 1229 5403 καὶ
1273 5352 1391 5404 τότε
1422 5350 1482 5404 16
1525 5351 1705 5422 σῶμα,

44 5445 194 5513 λέγει
223 5441 357 5511 πρὸς
387 5439 573 5492 αὐτόν·
604 5438 745 5500 Ἴδε,
771 5435 947 5505 ὑγιὴς
971 5434 1243 5504 γέγονας,
1277 5437 1491 5501 μηκέτι
1527 5436 1711 5506 ἁμάρ.

46 5547 208 5594 ταν-ε,
237 5531 336 5583 ἵνα
358 5526 444 5597 μὴ
475 5526 677 5597 χεῖρόν
712 5526 768 5578 τί
797 5541 897 5579 σοι
924 5522 1185 5591 γένηται.
1221 5521 1428 5573 Οὐκοῦν
1472 5522 1569 5575 καὶ
1605 5523 1708 5594 τῆς

50 5616 422 5691 προλαϐούσης
471 5614 782 5686 ἀρρωστίας
826 5613 997 5665 αἴτιον
1036 5612 1070 5682 ή
1116 5608 1385 5682 ἁμαρτία·
1418 5606 1579 5662 τοῦτο
1607 5611 1705 5663 κα)⁸

54 5708 248 5777 ζημίας
282 5705 479 5758 αἴτιον·
513 5701 670 5755 τοῦτο
710 5701 805 5755 καὶ
838 5698 1033 5769 λύπης,
1085 5696 1242 5751 τοῦτο
1285 5695 1379 5751 καὶ
1414 5697 1703 5767 συμφορᾶς

1244 248 1339 304 DE
1374 247 1843 307 PCENITENTIA.
1887 248 2122 305 "()MIL.
2163 248 2289 335 ΥΠ.⁵

3404 257 3512 314 $59

1852 364 2071 435 ἀπάσης
2102 365 2359 429 ὑπόθεσις
2405 364 2632 435 γίνεται.
2681 365 2828 437 Πλὴν
2862 364 3125 437 θαυμάζω
3172 368 3363 431 ἐκεῖνο,
3393 372 3512 432 πῶς

1849 450 1946 522 τὴν
1979 450 2153 523 λύπην
2175 453 2270 505 ἀπ’
2305 453 2479 523 ἀρχῆς
2516 451 2594 522 τῷ
2617 452 2890 525 ἀνθρώπῳ
2921 454 3044 517 606;
3076 455 3104 506 6
3133 453 3264 519 Θεὸς
3295 455 3383 507 διὰ
3411 460 3512 521 τὴν

1850 538 2125 608 ἁμαρτίαν
2155 542 2219 609 τῇ
2247 539 2519 607 ἀποφάσει
2543 539 2641 610 τὴν
2664 541 2939 605 ἀπόφασιν
2966 540 3102 605 λύει,
3136 541 3230 594 καὶ
3259 544 3323 613 τῇ
3353 561 3515 599 καταο

1847 625 1972 697 δίκῃ
2003 625 2099 697 τὴν
2138 627 2437 698 καταδίκην
2472 628 2755 681 ἐκϐάλλει·
2781 629 2876 681 καὶ
2898 630 3065 694 ὅπως,
3098 630 3287 683 ἁκουε.
3324 631 3509 703 Ἐδόθη

1847 712 1989 784 λύπη
2011 714 2099 767 διὰ
2121 716 2218 785 τὴν
2247 715 2541 784 ἁμαρτίαν,
2577 716 2670 769 καὶ
2709 715 2797 769 διὰ
2828 714 3005 784 λύπης
3032 715 3217 769 λύεται
3248 717 3508 789 ἁμαρτία,

1779 804 1817 823 "
1847 800 2086 870 Πρόσεχε
2116 801 2358 871 ἀκριϐῶς
2378 819 2392 833 ·
2420 804 2487 872 τῇ
2516 802 2736 870 γυναικὶ
2766 802 3006 855 ἀπειλῶν
3035 806 3062 856 6
3097 803 3249 867 Θεὸς,
3300 806 3396 858 καὶ
3422 805 3510 860 διὰ

1844 888 1943 956 τὴν
1967 889 2280 959 παράϐασιν
2304 889 2400 959 τήν
2427 891 2698 961 τιμωρίαν
2719 890 2961 959 ἐπάγων,
2987 890 3121 960 φησὶ
3146 892 3281 962 πρὸς
3303 894 3473 962 αὐτήν
3492 913 3510 927 ·

1859 974 1954 1026 Ἐν
1975 976 2200 1040 λύπαις
2226 974 2369 1043 τέξῃ
2392 974 2601 1029 τέκνα·
2635 977 2730 1029 καὶ
2757 977 2926 1043 ἔδειξε
2960 979 3172 1049 καρπὸν
3199 980 3298 1049 τῆς
3334 981 3512 1052 ἀμαρ-

1844 1061 1986 1124 τίας,
2022 1063 2121 1132 τὴν
2163 1060 2339 1132 λύπην
2362 1078 2375 1091 ·
2419 1062 2519 1115 ἀλλ
2543 1102 2557 1125 ,
2589 1061 2634 1114 ὣ
2670 1063 2765 1116 τοῦ
2797 1064 3206 1137 μεγαλοδώρουί
3247 1067 3276 1119 ὃ
3313 1067 3510 1122 ἔδωκεν

1845 1150 1926 1211 εἰς
1950 1149 2241 1219 τιμωρίαν,
2280 1149 2574 1218 μετέϐαλεν
2599 1151 2679 1213 εἰς
2703 1152 2999 1221 σωτηρίαν.
3028 1152 3299 1224 Ἀμαρτία
3333 1154 3510 1225 λύπην

1845 1236 2133 1307 ἐγέννησε·
2182 1236 2326 1307 λύπη
2378 1237 2477 1307 τὴν
2525 1237 2803 1309 ἁμαρτίαν
2850 1238 3131 1302 ἀνάλωσε,
3174 1242 3270 1294 καὶ
3322 1240 3510 1312 ὥσπερ

1846 1322 2061 1393 σκώληξ
2110 1324 2219 1378 ἀπὸ
2260 1325 2356 1378 τοῦ
2384 1324 2544 1389 ξύλου
2598 1326 2952 1396 τικτόμενος,
3001 1328 3135 1380 αὐτὸ
3181 1329 3394 1399 δαπανᾷ
3448 1330 3511 1382 τὸ

1845 1408 2032 1473 ξύλον·
2068 1410 2212 1464 οὕτω
2243 1412 2336 1464 καὶ
2366 1415 2398 1483 ή
2454 1415 2598 1484 λύπη
2644 1414 2897 1483 τεχθεῖσα
2921 1414 3029 1468 ἀπὸ
3065 1415 3163 1484 τῆς
3208 1416 3507 1485 ἁμαρτίας,

1844 1498 2128 1550 ἀναλίσκει
2177 1499 2276 1568 τὴν
2313 1500 2606 1569 ἁμαρτίαν,
2646 1500 2733 1553 διὰ
2762 1501 2863 1570 τῆς
2907 1503 3193 1572 μετανοίας
3239 1519 3512 1573 προσαγο-

1847 1585 2004 1655 μένη.
2034 1583 2131 1637 Διά
2165 1584 2321 1637 τοῦτό
2349 1603 2512 1655 φησιν
2543 1588 2571 1639 ό
2608 1587 2820 1651 Παῦλος
2840 1602 2855 1619 ·
2898 1589 2967 1643 'H
2995 1591 3145 1643 κατὰ
3171 1589 3322 1642 Θεὸν
3340 1591 3506 1657 λύπη

1838 1671 2158 1740 μετάνοιαν
2214 1675 2302 1737 είς
2335 1675 2638 1739 σωτηρίαν
2676 1675 3124 1744 ἀμεταμέλητον
3152 1676 3301 1748 [556]
3346 1677 3511 1746 ἐργά-

1843 1758 2012 1819 ζεται.
2042 1758 2197 1829 Καλὴ
2227 1761 2260 1830 ή
2291 1759 2434 1830 λύπη
2478 1762 2590 1822 τοῖς
2617 1762 2854 1829 γνησίως
2910 1763 3233 1831 μετανοοῦσι
3254 1778 3266 1791 ·
3306 1764 3506 1833 πρέπει

1840 1850 1951 1910 τοῖς
1982 1848 2352 1917 ἁμαρτάνουσι
2377 1847 2433 1900 16
2457 1848 2597 1919 ὑπὲρ
2617 1851 2717 1918 τῆς
2746 1850 3015 1919 ἁμαρτίας
3050 1850 3243 1913 πένθος
3264 1869 3276 1883 ·
3302 1852 3507 1905 Μακά-

1833 1950 1951 2001 ριοι
1972 1938 2081 2003 γὰρ
2107 1938 2160 1988 οἱ
2192 1934 2574 2000 πενθοῦντες,
2597 1935 2687 1987 ὅτι
2714 1936 2883 1989 αὐτοί
2912 1939 3502 2005 παρακληθήσονται.

1841 2020 2117 2090 Πένθησον
2149 2021 2247 2090 τὴν
2293 2020 2587 2090 ἁμαρτίαν,
2637 2022 2723 2074 ἵνα
2758 2022 2832 2093 μὴ
2880 2021 3158 2097 θρηνήσῃς
3197 2025 3296 2096 τὴν
3339 2043 3507 2097 τιμω-

1841 2106 1962 2178 ρίαν
1983 2123 1996 2136 ·
2027 2107 2364 2176 ἀπολόγησαι
2403 2106 2481 2176 τῷ
2508 2111 2688 2179 κριτῇ,
2726 2111 2856 2180 πρὶν
2906 2109 3067 2183 ἔλθῃς
3096 2113 3177 2174 είς
3209 2112 3267 2164 τὸ
3310 2116 3504 2184 κριτή-·

1843 2210 1973 2263 ριον.
2009 2195 2080 2247 Ἦ
2111 2195 2209 2247 οὐκ
2237 2190 2404 2257 σίδας,
2430 2195 2511 2247 ὅτι
2540 2195 2738 2257 πάντες
2770 2198 2818 2248 οἱ
2845 2195 3156 2266 βουλόμενοι
3185 2198 3503 2269 δυσωπῆσαι

1836 2281 1927 2334 τὸν
1981 2280 2204 2352 κριτὴν,
2256 2281 2356 2333 ούκ
2389 2283 2447 2334 ἐν
2494 2281 2631 2352 αὐτῇ
2679 2284 2744 2352 τῇ
2783 2283 2968 2336 ἐτὰσει
2996 2285 3094 2354 τῆς
3132 2284 3289 2355 δίκης
3335 2285 3500 2357 θερα·

1838 2366 2113 2430 πεύουσιν,
2154 2366 2291 2420 ἀλλά
2329 2367 2458 2437 πρὶν
2497 2365 2758 2420 εἰσελθεῖν
2797 2369 2879 2432 εἰς
2919 2368 2981 2421 16
3008 2372 3315 2444 κριτήριον,
3346 2375 3379 2443 ἢ
3411 2373 3501 2427 διὰ

1837 2454 2027 2525 φίλων,
2060 2454 2206 2525 ήδιά
2228 2453 2568 2525 προστατῶν,
2604 2455 2636 2525 ἢ
2667 2454 2732 2507 δι’
2772 2455 2960 2526 ἐτέρου
2999 2458 3204 2527 τρόπου
3234 2458 3377 2522 τινὸς
3408 2460 3502 2515 16v

1835 2542 2095 2612 δικαστὴν
2146 2541 2575 2611 θεραπεύουσιν;
2610 2541 2818 2595 Οὐκοῦν
2863 2544 2958 2595 καὶ
3002 2546 3095 2597 ἐπὶ
3146 2544 3240 2598 τοῦ
3269 2546 3405 2599 Θεοῦ
3441 2550 3501 2601 ἐν

1834 2630 1911 2700 τῷ
1942 2629 2116 2701 καιρῷ
2148 2628 2242 2682 τοῦ
2286 2628 2528 2699 βήματος
2562 2630 2663 2682 οὐκ
2693 2628 2810 2682 ἔστι
2852 2633 3038 2684 πεῖσαι
3081 2632 3174 2685 τὸν
3202 2633 3462 2705 δικαστήν
3485 2653 3499 2667 ο

1835 2718 1941 2789 πρὸ
1966 2718 2022 2770 δὲ
2048 2715 2142 2769 τοῦ
2180 2716 2371 2787 καιροῦ
2403 2719 2504 2786 τῆς
2533 2716 2768 2787 κρίσεως
2799 2716 3022 2771 δυνατὸν
3061 2718 3379 2791 δυσωπῆσαι
3406 2724 3499 2775 16v

1835 2808 2045 2875 κριτήν.
2071 2804 2270 2873 Διόπερ
2295 2803 2479 2871 ἔλεγεν
2499 2805 2528 2856 ό
2548 2803 2708 2856 Δαυΐδ
2729 2823 2738 2835 ·
2763 2806 3208 2875 Προφθάσωμεν
3232 2808 3298 2860 τὸ
3321 2812 3501 2876 πρόσ-

1833 2908 1996 2945 ωπον
2022 2890 2207 2944 αὐτοῦ
2228 2890 2300 2942 ὲν
2328 2890 2783 2960 ἐξομολογήσει.
2819 2892 2966 2944 Ἐκεῖ
2985 2892 3075 2945 τὸν
3110 2894 3284 2963 μέγαν
3309 2896 3499 2967 κριτὴν

1831 2980 1892 3031 οὐ
1944 2977 2367 3048 παραλογίζεται
2422 2977 2667 3047 ρητόρων
2714 2977 2875 3049 τέχνη
2898 2995 2912 3010 ·
2948 2979 3009 3031 οὐ
3047 2978 3285 3033 δυσωπεῖ
3335 2981 3497 3035 δυνα-

1834 3065 2013 3119 στεία·
2056 3062 2326 3133 ἀξιώματι
2370 3063 2429 3114 ού
2461 3064 2737 3117 πείθεται·
2771 3066 3061 3135 πρόσωπον
3106 3068 3207 3119 οὐκ
3251 3067 3499 3137 αἰσχύνε-

1829 3170 1954 3206 ται·
1985 3153 2261 3222 χρήμασιν
2294 3151 2356 3203 οὐ
2398 3150 2793 3221 διαφθείρεται,
2833 3153 2969 3206 ἀλλά
2998 3154 3206 3225 φοϐερά
3243 3158 3360 3209 ἐστι
3401 3160 3498 3212 καὶ

1829 3240 2179 3309 ἀδυσώπητος
2210 3240 2243 3309 ή
2268 3238 2650 3307 δικαιοκρισία.
2874 3260 2879 3265 -

1914 3326 2178 3379 Ἐνταῦθα
2204 3338 2231 3366 α
2264 3322 2356 3378 οὖν
2382 3324 2474 3377 τὸν
2507 3325 2702 3396 κριτὴν
2722 3324 3151 3397 δυσωπήσωμεν,
3192 3330 3286 3382 καὶ
3318 3348 3497 3401 παρα-

1829 3416 2180 3485 καλέσωμεν·
2240 3413 2472 3467 ἐνταῦθα
2531 3413 2697 3466 παντὶ
2756 3413 2931 3467 σθένει
2984 3414 3497 3487 καθικετεύσωμεν,

1827 3501 1941 3557 ἀλλ’
1987 3505 2046 3556 ού
2095 3504 2373 3574 χρήμασι·
2427 3501 2628 3571 μᾶλλον
2666 3501 2743 3565 δέ,
2803 3504 2852 3554 εἰ
2895 3502 2999 3573 χρὴ
3042 3503 3248 3574 τάληθῆ
3289 3505 3493 3572 λέγειν,

1830 3595 2076 3649 πείθεται
2106 3594 2200 3645 καὶ
2243 3591 2517 3661 χρήμασιν
2550 3593 2578 3643 6
2606 3589 3001 3660 φιλάνθρωπος.
3028 3592 3129 3646 ούκ
3161 3592 3320 3657 αὐτὸς
3342 3594 3496 3664 δεχό-

1831 3700 2011 3754 μενος,
2040 3680 2176 3734 ἀλλά
2209 3680 2295 3733 διὰ
2321 3678 2429 3731 τῶν
2471 3680 2737 3749 πενήτων.
2771 3679 2869 3742 Δὸς
2897 3681 3178 3750 πενομένῳ
3215 3684 3493 3753 χρήματα,

1827 3769 2031 3823 καὶτὸν
2054 3766 2247 3839 κριτὴν
2271 3763 2651 3835 ἐδυσώπησας.
2677 3764 2862 3819 Ταῦτα
2880 3765 2937 3818 δὲ
2966 3766 3109 3835 λέγω
3127 3769 3493 3839 οἰκειούμενος

1827 3858 1991 3927 ὑμᾶς,
2022 3853 2208 3923 ἐπειδὴ
2262 3852 2523 3923 μετάνοια
2556 3852 2711 3915 ἐκτὸς
2754 3852 3123 3924 ἐλεημοσύνης
3170 3858 3339 3925 νεκρά
3373 3859 3493 3912 ἐστι

1826 3944 1920 3997 καὶ
1970 3942 2240 4009 ἄπτερος·
2289 3940 2350 3991 οὐ
2404 3935 2625 3991 δύναται
2679 3940 2937 4008 μετάνοια
2985 3941 3372 4010 πτερωθῆναι,
3415 3943 3491 4014 μή

1826 4030 2025 4100 ἔχουσα
2058 4025 2258 4096 πτερὸν
2295 4023 2684 4095 ἐλεημοσύνης.
2710 4024 2808 4076 Διά
2829 4024 2987 4077 τοῦτο
3010 4024 3087 4094 τῷ
3111 4025 3288 4089 καλῶς
3323 4045 3490 4098 μετα-

1825 4119 2077 4188 νοήσαντι
2098 4112 2381 4184 Κορνηλίῳ
2402 4111 2596 4182 πτερὸν
2622 4111 2837 4179 ἐγένετο
2863 4112 2960 4181 τῆς
2983 4111 3261 4175 εὐσεϐείας
3289 4115 3321 4185 ή
3345 4115 3492 4185 ἐλεη-

1828 4203 2034 4277 μοσύνη
2051 4218 2065 4232 ·
2092 4204 2161 4255 Αἱ
2184 4201 2587 4268 ἐλεημοσύναι
2616 4215 2732 4252 σου
2753 4197 2883 4270 γὰρ,
2917 4200 3067 4268 φησὶ,
3102 4198 3201 4253 καί
3227 4204 3286 4255 αἱ
3306 4218 3491 4269 προσ-

1822 4290 1998 4359 ευχαί
2045 4304 2161 4341 σου
2209 4290 2297 4353 είς
2342 4288 2602 4355 οὐρανὸν
2650 4285 2979 4353 ἀνέϐησαν.
3031 4286 3117 4349 Ὠς
3150 4288 3200 4339 εἰ
3250 4288 3324 4359 μὴ
3374 4284 3489 4359 εἶχε

1823 4378 2022 4449 πτερὸν
2048 4375 2146 4447 τὴν
2177 4374 2542 4446 ἐλεημοσύνην
2574 4376 2607 4444 ή
2642 4374 2922 4444 μετάνοια,
2956 4375 3056 4427 οὐκ
3102 4375 3169 4428 ἂν
3221 4376 3300 4439 εἰς
3332 4377 3489 4448 ούρα-

1819 4466 1909 4521 νὸν
1952 4464 2248 4536 ἐχώρησεν.
2292 4463 2584 4533 Ἀνέῳκται
2611 4457 2703 4514 οὖν
2744 4463 2984 4532 σήμερον
3018 4463 3307 4532 ἐμπορεῖον
3339 4463 3488 4536 ἐλεη-

1824 4554 2094 4624 μοσύνης·
2139 4550 2356 4621 ὁρῶμεν
2390 4551 2499 4619 γὰρ
2528 4550 2652 4610 106;
2684 4548 3064 4618 αἰχμαλώτους
3098 4550 3191 4601 καὶ
3224 4551 3349 4612 τοὺς
3383 4552 3484 4604 τεέ-

1820 4657 2018 4709 νητας·
2054 4637 2268 4708 ὁρῶμεν
2295 4638 2417 4699 τοὺς
2443 4638 2501 4688 ἐν
2529 4637 2703 4707 ἀγορᾷ
2750 4636 3235 4707 περιφερομένους,
3269 4637 3485 4707 ὁρῶμεν

1817 4730 1942 4792 τοὺς
1992 4726 2247 4796 βοῶντας,
2290 4724 2506 4796 ὁρῶμεν
2535 4725 2661 4786 106;
2700 4722 3052 4793 δακρύοντας,
3096 4722 3315 4794 ὁρῶμεν
3358 4727 3484 4789 106;

1821 4816 2104 4877 στένοντας
2131 4831 2142 4845 ·
2174 4816 2481 4882 πανήγυρις
2510 4813 2643 4880 ήμίν
2670 4810 2950 4880 πρόκειται
2981 4809 3289 4882 θαυμαστὴ,
3319 4829 3485 4883 πανη-

1815 4902 2027 4973 γύρεως
2043 4901 2100 4953 δέ
2122 4900 2273 4952 οὐδὲν
2290 4898 2476 4968 ’ἐτερόν
2501 4900 2645 4950 ἐστιν
2673 4897 3017 4968 ἐπάγγελμα,
3043 4900 3134 4951 καὶ
3154 4900 3231 4970 τῷ
3254 4902 3481 4975 ἐμπόρῳ

1816 4989 1969 5043 οὐδὲν
2012 4988 2197 5058 ἐτερόν
2244 4987 2358 5039 ἐστι
2394 4985 2668 5056 φρόνημα,
2707 4984 2738 5055 ἢ
2772 4985 2838 5036 τὰ
2885 4985 2943 5038 ἐν
2992 4988 3105 5049 τοῖς
3151 4986 3331 5052 ὠνίοις
3377 4989 3482 5043 ὀλί-

1816 5094 1911 5145 γου
1940 5077 2039 5146 μέν
2061 5074 2348 5144 ἀγοράσαι,
2399 5072 2591 5125 πολλοῦ
2619 5072 2674 5125 δὲ
2707 5072 2979 5140 πωλῆσαι.
3024 5075 3136 5144 υύχ
3180 5065 3336 5140 οὗτος
3368 5078 3476 5130 τῶν

1815 5161 2072 5233 ἐμπόρων
2118 5160 2348 5213 ἑκάστου
2379 5161 2406 5212 6
2437 5158 2667 5224 σκοπός;
2703 5157 2777 5229 μὴ
2832 5157 2899 5211 δι’
2940 5158 3126 5231 ἕτερόν
3162 5177 3214 5212 τι
3260 5161 3481 5217 ἐπιϐάλ.

1815 5249 1967 5304 λεταί
2006 5265 2089 5310 τις
2129 5251 2197 5319 τῇ
2238 5247 2497 5319 ἐμπορίᾳ,
2530 5247 2563 5318 ἢ
2601 5247 2687 5301 ἵνα
2726 5245 2794 5298 τὰ
2836 5246 3030 5316 μικροῦ
3062 5246 3344 5318 ἐωνημένα
3376 5266 3478 5320 με.

1815 5338 1983 5408 γάλου
2031 5335 2349 5408 διαπωλήσῃ
2370 5374 2385 5397 ,
2424 5334 2519 5389 καὶ
2551 5335 2662 5407 ἄρῃ
2695 5332 3272 5404 πολυπλασιαζομένην
3324 5337 3477 5409 αὐτῷ

1812 5426 1911 5497 τὴν
1940 5425 2242 5497 ἐμπορίαν;
2267 5425 2310 5475 Τ
2313 5423 2533 5494 οιαύτην
2558 5419 2651 5477 οὗν
2678 5425 2984 5494 πανήγυριν
3016 5420 3321 5493 προέθηκεν
3343 5426 3474 5495 ήμῖν

1813 5516 1841 5568 6
1872 5513 2033 5576 Θεός·
2071 5513 2252 5581 ὀλίγου
2282 5513 2381 5575 τὰς
2424 5513 2767 5575 δικαιοσύνας
2809 5510 3115 5582 ἀγόρασον,
3160 5509 3246 5565 ἵνα
3276 5511 3475 5569 πολλοῦ

1816 5600 2213 5674 μεταπωλήσῃς
2241 5602 2297 5653 ἐν
2316 5601 2392 5669 τῷ
2431 5601 2705 5671 μέλλοντι·
2738 5600 2791 5653 εί
2815 5615 2879 5669 γε
2914 5597 2994 5651 δεῖ
3027 5598 3370 5669 μετάπρασιν
3397 5601 3475 5652 εἰ·

1876 5705 1904 5736 ⁸
1929 5704 2066 5756 Unus
2090 5705 2214 5768 Reg.
2238 5703 2442 5754 ἐντεῦθεν
2469 5704 2558 5754 bis.
