3906 6224
166 292 284 361 53-3

171 421 296 476 lure
313 420 524 492 oportet
547 423 974 480 retributionem.
994 409 1091 480 llic
1109 423 1318 480 modico
1333 423 1533 494 justitia
1551 424 1766 492 emitur,

171 513 270 567 vili
294 514 444 584 panis
467 507 781 586 fragmento,
811 516 902 570 vili
926 515 1265 581 vestimento,
1297 517 1463 572 calice
1489 531 1641 587 aqua:
1671 507 1769 569 fri-

170 603 318 672 gidae
350 621 363 657 :
394 604 456 659 Si
498 607 611 674 quis
644 607 816 676 potum
866 604 1055 661 dederit
1097 606 1304 661 calicem
1346 613 1490 678 aqua:
1529 605 1768 678 frigidm,

171 709 328 748 amen
367 696 479 749 dico
508 695 642 750 vobis
662 738 678 764 ,
702 698 778 752 ait
815 697 1101 768 spirimalis
1145 697 1516 768 negotiationis
1543 699 1730 753 doctor
1751 739 1766 763 ,

174 799 286 838 non
315 786 487 855 perdet
505 787 784 842 mercedem
797 805 941 843 suam
960 788 1174 862 (Matth.
1199 790 1285 845 l0.
1309 789 1424 860 42).
1449 789 1602 845 Calix
1621 805 1770 860 aqum

175 874 386 946 frigidae
401 877 590 949 dignus
610 887 694 935 est
716 881 985 948 mercede,
1008 891 1062 936 et
1085 883 1397 937 vestimenta
1425 883 1770 952 pecuniaeque

177 978 281 1033 per
305 965 618 1024 beneﬁcium
647 969 786 1025 datm
816 986 920 1026 non
962 971 1118 1043 digna
1149 981 1307 1027 erunt
1341 972 1633 1028 mercede?
1659 972 1772 1028 imo

177 1071 216 1110 e
243 1059 509 1114 contrario
552 1060 718 1116 multa
757 1071 913 1117 erunt
940 1063 1186 1118 mercede
1228 1063 1408 1132 digna.
1438 1062 1613 1129 Quare
1643 1079 1771 1134 ergo

176 1147 404 1203 calicem
469 1165 622 1221 aqua:
671 1151 877 1223 frigidm
923 1155 1243 1209 memoravit
1284 1153 1309 1206 ?
1359 1153 1768 1226 Eleemosynam

176 1239 300 1295 sine
342 1243 642 1313 sumptibus
683 1243 818 1300 dixit
860 1263 874 1300 :
917 1261 1042 1301 nam
1089 1245 1276 1318 frigida
1314 1253 1450 1319 aqua
1491 1263 1664 1319 neque
1703 1246 1770 1302 li-

174 1336 344 1396 gnum
365 1371 382 1396 ,
408 1343 582 1400 neque
621 1333 762 1389 aliud
789 1335 1060 1406 Quidpiam
1099 1333 1384 1407 impendis.
1415 1336 1566 1405 Quod
1592 1339 1635 1393 si
1662 1339 1770 1393 lar-

178 1419 384 1487 gitione
427 1419 544 1477 sine
585 1431 801 1495 sumptu
847 1425 986 1482 facta
1014 1430 1158 1482 tanta
1183 1428 1266 1483 est
1289 1429 1530 1484 beneﬁcii
1564 1431 1728 1501 gratia
1751 1470 1766 1496 ,

176 1507 272 1561 ubi
300 1510 732 1568 vestimentorum
758 1509 930 1585 copia,
954 1519 1296 1587 pecuniarum
1327 1520 1767 1590 subministratio,

176 1596 515 1671 aliorumque
541 1601 804 1658 bonorum
833 1606 1154 1664 abundantia
1177 1649 1192 1674 ,
1223 1609 1435 1679 qualem
1465 1626 1493 1663 a
1516 1610 1662 1681 justo
1678 1612 1768 1680 ju-

177 1688 305 1743 dice
345 1692 646 1748 mercedem
677 1695 879 1752 rei'erre
907 1700 1162 1769 oportet?
1186 1700 1410 1769 Quando
1453 1702 1612 1773 igitur
1647 1719 1771 1773 pro-

181 1785 330 1834 stant
355 1780 576 1838 virtutes
601 1799 766 1854 parvo
794 1787 1109 1854 vendibiles,
1137 1805 1167 1844 a
1195 1792 1477 1862 magniﬁco
1505 1793 1598 1848 illo
1623 1794 1767 1850 acci-

182 1869 413 1940 piamus,
435 1875 724 1944 rapiamus,
748 1892 1006 1936 emamus.
1035 1881 1292 1951 Sitientes,
1316 1883 1504 1954 inquit,
1527 1887 1685 1940 venite
1703 1887 1771 1940 ad

182 1977 368 2028 aquam
390 1982 408 2018 :
429 1975 477 2020 et
499 1967 587 2037 qui
611 1985 711 2024 non
736 1969 926 2026 habetis
949 1983 1230 2045 argentum,
1256 1987 1426 2030 euntes
1449 1974 1594 2031 emite
1618 1975 1766 2048 (lsai.

181 2055 277 2112 55.
301 2054 376 2130 1).
401 2057 534 2113 Dum
564 2071 932 2131 proponuntur
954 2065 1203 2121 nundinae
1222 2109 1238 2136 ,
1265 2082 1505 2124 emamus
1534 2068 1769 2125 eleemo-

181 2161 364 2218 synas,
391 2149 499 2205 imo
527 2151 702 2221 potius
721 2168 817 2224 per
835 2155 1229 2228 eleemosynam
1258 2171 1499 2215 emamus
1519 2160 1765 2216 salutem.

181 2235 453 2293 Christum
481 2242 663 2308 vestis,
691 2244 780 2314 qui
803 2257 1090 2316 pauperem
1129 2250 1311 2303 vestis.
1337 2248 1461 2304 Haec
1480 2291 1495 2315 ,
1520 2251 1726 2321 inquies
1748 2291 1764 2318 ,

183 2327 352 2396 probe
377 2339 431 2385 et
449 2343 693 2389 accurate
717 2337 839 2390 novi
865 2355 878 2390 :
903 2337 1018 2393 haec
1044 2341 1193 2408 prius
1211 2341 1390 2408 didici,
1414 2357 1519 2396 non
1549 2352 1602 2397 tu
1624 2344 1770 2413 prior

183 2421 415 2478 docuisti
449 2443 461 2479 :
493 2440 665 2497 neque
702 2444 733 2483 a
779 2437 832 2486 te
863 2433 1090 2501 primum
1129 2430 1233 2490 hoc
1275 2435 1573 2491 audivimus
1607 2454 1620 2492 :
1662 2453 1767 2492 non

183 2526 322 2566 nova
347 2516 601 2583 praedicas
624 2561 639 2586 ,
671 2519 765 2575 sed
794 2532 911 2592 qua:
935 2533 1078 2594 saepe
1116 2525 1264 2581 multi
1309 2541 1374 2582 ex
1417 2529 1767 2596 prmsentibus

182 2617 286 2657 nos
312 2604 630 2663 docuerunt.
661 2610 791 2666 Novi
821 2615 1024 2683 utique,
1056 2617 1176 2670 novi
1208 2626 1262 2672 et
1299 2619 1413 2688 ipse
1446 2635 1544 2674 vos
1569 2631 1623 2676 et
1652 2621 1768 2676 haec

181 2703 238 2748 et
281 2695 470 2751 similia
514 2713 656 2770 saepe
701 2703 989 2770 didicisse;
1020 2706 1112 2761 sed
1159 2710 1360 2764 utinam
1403 2725 1546 2781 saepe
1583 2711 1764 2779 docti,

181 2787 372 2843 saltem
401 2791 594 2847 bonum
617 2795 829 2866 aliquod
858 2798 1106 2869 exiguum
1135 2811 1464 2871 praestemus.
1493 2805 1594 2873 Qui
1620 2805 1768 2859 mise-

181 2887 322 2933 retur
347 2885 602 2953 pauperis,
635 2889 909 2957 fazneratur
927 2889 1037 2946 Deo
1067 2891 1246 2961 (Prov.
1278 2895 1366 2950 19.
1396 2896 1506 2968 17).
1541 2897 1647 2952 Deo
1664 2895 1764 2952 fue-

183 2985 438 3027 ueremur
464 2975 858 3049 eleemosynam
881 3021 896 3046 ,
928 2991 989 3036 ut
1015 2982 1082 3037 ab
1108 2999 1173 3039 eo
1199 2985 1496 3041 clementiae
1531 2989 1764 3042 retribu-

184 3061 384 3116 tionem
422 3065 764 3136 accipiamus.
795 3069 900 3126 Sed
920 3112 935 3136 ,
966 3085 1000 3126 ο
1023 3074 1474 3143 sapientissimum
1503 3077 1720 3132 verbum
1747 3080 1760 3133 ι

187 3151 290 3218 Qui
316 3155 578 3212 miseretur
612 3162 880 3231 pauperis,
906 3165 1180 3235 [teneretur
1210 3161 1340 3222 Deo.
1364 3168 1470 3224 Cur
1505 3183 1632 3240 ergo
1658 3185 1765 3226 non

180 3244 337 3313 dixit,
371 3249 467 3315 Qui
501 3251 783 3309 miseretur
810 3258 1076 3326 pauperis,
1113 3259 1204 3314 dat
1229 3261 1357 3327 Deo,
1396 3261 1492 3317 sed
1520 3261 1765 3316 Faenera-

180 3337 308 3391 tur?
331 3337 495 3393 Novit
515 3341 784 3412 Scriptura
811 3348 1088 3402 avaritiam
1119 3354 1356 3406 nostram
1383 3369 1396 3404 :
1425 3353 1649 3407 attendit
1678 3353 1763 3407 in—

180 3427 478 3484 satiabilem
521 3432 862 3502 cupiditatem
903 3447 1140 3493 nostram
1165 3480 1180 3506 ,
1225 3440 1292 3494 ad
1334 3437 1609 3496 avaritiam
1641 3459 1762 3512 spe-

178 3525 414 3573 ctantem
444 3560 460 3587 ,
510 3532 771 3592 quaestum
828 3529 1102 3597 requirere
1131 3571 1146 3596 ,
1202 3529 1426 3601 ideoque
1477 3548 1581 3586 non
1631 3533 1764 3588 dixit

178 3607 530 3681 simpliciter,
572 3615 672 3682 Qui
722 3617 1007 3672 miseretur
1053 3621 1340 3690 pauperis,
1384 3621 1475 3676 dat
1516 3623 1665 3677 Deo:
1694 3639 1764 3680 ne

180 3698 476 3768 simplicem
524 3706 926 3763 retributionem
966 3720 1212 3778 putares,
1237 3711 1331 3766 sed
1364 3712 1466 3778 Qui
1503 3714 1764 3768 miseretur

181 3795 421 3859 pauperis
443 3836 457 3860 ,
489 3799 760 3865 {tenemur
801 3799 930 3854 Deo.
984 3801 1040 3855 Si
1082 3801 1192 3856 Deo
1241 3802 1563 3858 fmuemmur
1588 3845 1604 3872 ,
1635 3819 1763 3876 ergo

178 3883 392 3940 debitor
419 3888 509 3943 ille
537 3888 690 3946 nobis
719 3901 822 3947 est.
853 3893 1020 3961 Quem
1049 3911 1178 3966 ergo
1207 3912 1328 3951 eum
1360 3898 1452 3952 tibi
1476 3899 1557 3952 vis
1601 3913 1721 3954 esse
1742 3941 1757 3965 ,

175 3973 410 4044 judicent
451 3993 520 4033 an
565 3980 896 4039 debitorem?
925 3987 1141 4042 Debitor
1165 3997 1449 4045 veneratur
1487 3990 1760 4047 fmneran-

182 4073 310 4133 tem,
328 4067 493 4138 judex
519 4086 647 4128 vero
672 4089 776 4130 non
798 4085 1074 4134 reveretur
1113 4095 1254 4148 eum,
1283 4082 1367 4136 cui
1397 4082 1510 4153 ipse
1531 4083 1762 4141 faenera-

179 4167 266 4215 ωε
293 4169 394 4218 est.

252 4254 304 4308 7.
334 4255 562 4315 Necesse
585 4271 760 4318 autem
790 4274 890 4331 est,
918 4276 977 4322 ut
1003 4270 1293 4326 secundum
1315 4272 1470 4328 aliam
1495 4275 1754 4330 rationem

181 4344 492 4414 videamus,
533 4365 630 4406 cur
672 4353 812 4410 Deus
850 4357 1052 4413 dixerit
1091 4361 1189 4416 sibi
1217 4363 1638 4432 imtierarieum,
1669 4367 1756 4437 qui

179 4436 273 4492 dat
315 4443 554 4510 pauperi.
587 4444 844 4512 Quoniam
875 4450 1083 4506 videbat
1120 4457 1392 4509 avaritiam
1434 4467 1667 4513 nostram
1687 4436 1758 4514 ad

178 4538 440 4596 quastum
467 4533 718 4602 tendere,
748 4546 803 4592 ut
821 4539 930 4608 jam
962 4541 1100 4609 dixi,
1137 4552 1191 4597 ct
1214 4559 1336 4598 eum
1367 4547 1452 4616 qui
1482 4549 1757 4616 pecuniam

181 4616 410 4688 habeat,
449 4623 750 4682 nullatenus
790 4631 928 4686 velle
969 4633 1084 4688 sine
1122 4635 1406 4691 securitate
1449 4637 1696 4694 uenerari
1739 4657 1756 4696 :

181 4710 412 4776 postulat
437 4714 578 4768 enim
607 4715 911 4785 fmnerator,
931 4730 1023 4776 aut
1041 4723 1415 4795 hypotltecam,
1438 4737 1523 4783 aut
1548 4730 1757 4801 pignus,-

177 4808 271 4853 aut
294 4815 607 4870 sponsorem
639 4825 653 4862 :
680 4817 836 4880 atque
862 4811 961 4868 hac
983 4815 1172 4884 triplici
1205 4819 1449 4874 cautione
1479 4822 1758 4890 pecuniam

175 4890 349 4946 credit
369 4909 519 4948 suam
542 4938 555 4962 ,
582 4907 673 4952 aut
705 4903 1046 4970 sponsionem
1073 4908 1337 4978 accipiens
1354 4951 1374 4976 ,
1401 4920 1458 4965 ut
1479 4912 1588 4981 jam
1614 4914 1756 4982 dixi,

176 4992 270 5038 aut
299 4984 649 5056 ltypOtbecam
667 5031 682 5058 ,
711 5003 802 5047 aut
827 4995 1036 5065 pignus.
1063 4997 1194 5053 Cum
1219 5003 1378 5058 sciret
1413 5004 1589 5075 itaque
1619 5007 1758 5064 Deus

176 5076 442 5133 neminem
471 5079 554 5136 bis
574 5082 692 5139 sine
710 5087 1041 5144 cautionibus
1061 5089 1334 5160 fmnerari,
1356 5096 1622 5152 neminem
1643 5099 1755 5154 sola

173 5168 456 5226 clementia
484 5177 686 5231 moveri
705 5221 719 5240 ,
753 5179 848 5234 sed
868 5180 1015 5235 lucro
1036 5189 1238 5238 tantum
1267 5187 1497 5243 intentos
1522 5205 1706 5247 omnes
1737 5211 1751 5247 :

173 5273 465 5331 pauperem
493 5282 619 5321 vero
639 5265 743 5323 illis
762 5272 1008 5328 omnibus
1031 5289 1151 5330 esse
1169 5275 1510 5345 destitutum;
1533 5296 1637 5334 non
1661 5281 1757 5353 hy-

175 5354 460 5420 pothecam
503 5357 727 5428 habere,
770 5364 856 5432 qui
898 5364 1029 5418 nihil
1059 5367 1359 5437 possideat,
1401 5385 1505 5424 non
1538 5372 1758 5442 pignora

174 5443 262 5511 qui
309 5445 482 5500 nudus
522 5452 621 5516 sit,
662 5466 767 5505 non
805 5468 1149 5524 sponsorem,
1181 5460 1267 5513 cui
1298 5475 1454 5514 nemo
1480 5463 1665 5517 credat
1688 5464 1757 5519 ob

175 5535 408 5606 inopiam
435 5556 448 5593 :
481 5549 538 5594 ut
564 5543 693 5598 vidit
714 5546 889 5615 itaque
916 5549 1060 5603 illum
1090 5551 1158 5605 ob
1180 5552 1410 5622 inopiam
1443 5556 1751 5625 periclitari,

175 5627 391 5686 divitem
421 5649 631 5703 quoque
651 5639 931 5706 periclitari
953 5639 1021 5696 ob
1043 5641 1493 5708 inhumanitatem,
1522 5648 1753 5717 seipsum

179 5721 410 5779 medium
451 5729 667 5794 protulit
695 5730 879 5784 vadem
921 5736 1172 5805 pauperi,
1216 5739 1403 5810 pignus
1447 5736 1748 5797 faeneranti.

491 5818 761 5880 Parnm.
811 5819 925 5880 Gn.
974 5822 1193 5883 XLIX.

1299 309 1386 365 DE
1426 306 1892 367 POENITENTIA.
1934 311 2159 364 HOMIL.
2205 308 2312 365 ΥΠ.

3345 301 3448 365 33'.

1875 423 1990 477 Non
2029 425 2204 480 credis
2227 425 2384 491 huic,
2427 426 2627 496 inquit,
2675 425 2744 482 ob
2773 424 3001 494 inapiam
3024 464 3038 488 ,
3067 423 3196 479 mihi
3235 432 3452 492 promer

1873 515 2078 583 cupiam
2102 515 2280 572 Crede.
2310 510 2452 570 Vidit
2481 520 2787 586 pauperem,
2817 523 2872 569 et
2894 513 3255 568 misericordia
3277 520 3452 566 motus

1872 609 1996 660 est:
2029 606 2162 662 vidit
2187 615 2470 678 pauperem
2492 649 2508 672 ,
2553 612 2609 663 et
2636 623 2744 662 non
2779 601 3054 676 despexit;
3098 603 3195 660 sed
3217 603 3451 671 seipsum

1871 697 2017 752 dedit
2045 699 2096 754 in
2125 699 2314 769 pignus
2337 697 2420 766 ei,
2452 699 2540 769 qui
2566 699 2693 753 nihil
2725 698 2976 760 haberet,
3007 707 3060 752 et
3093 695 3161 750 ob
3187 704 3452 764 Ingentem

1873 787 2252 858 benignitatem
2289 789 2432 859 inopi
2461 787 2664 843 adstitit
2693 805 2705 838 :
2739 787 2877 842 banc
2915 797 3040 841 vere
3075 784 3454 854 benignitatem

1872 895 1992 935 esse
2017 879 2326 935 testiﬁcatur
2359 877 2545 936 beatus
2572 879 2732 934 David
2765 879 2846 934 bis
2870 879 3075 944 verbis,
3109 879 3240 945 Quia
3263 877 3455 931 adstitit

1872 986 1904 1022 a
1938 969 2126 1024 dextris
2161 973 2397 1041 pauperis
2425 961 2593 1041 (Psal.
2627 971 2747 1025 103.
2777 970 2890 1040 51).
2923 970 3021 1036 Qui
3049 972 3309 1023 miseretur
3330 984 3457 1038 paut-

1876 1063 2030 1131 peris,
2062 1065 2340 1132 faneratur
2366 1063 2474 1118 Deo
2505 1063 2684 1133 (Prov.
2719 1063 2806 1118 19.
2842 1064 2961 1136 17).
2987 1062 3222 1126 Conlide,
3251 1061 3418 1132 inquit
3437 1103 3450 1125 ,

1873 1155 2003 1211 mihi
2033 1157 2328 1213 iteaeraris.
2363 1158 2429 1212 Et
2457 1157 2583 1228 quid
2607 1165 2809 1212 tantum
2838 1156 2969 1212 lucri
2992 1156 3128 1211 facio
3157 1156 3248 1210 tibi
3280 1156 3454 1210 [mne-

1871 1250 2032 1304 rans?
2060 1250 2600 1319 Saneiniquissimum
2626 1259 2707 1304 est
2730 1265 2760 1302 a
2787 1250 2896 1304 Deo
2923 1249 3180 1303 rationem
3201 1246 3452 1317 exigere:

1873 1358 2056 1397 verum
2084 1351 2143 1397 ut
2170 1344 2419 1413 nequitia:
2447 1353 2549 1398 tuae.
2572 1359 2656 1398 me
2685 1351 3031 1412 attemperem
3049 1385 3064 1406 ,
3093 1350 3146 1396 et
3172 1339 3451 1396 clementia

1872 1435 2130 1488 smvitiem
2158 1443 2298 1488 tuam
2326 1434 2549 1498 solvam,
2575 1432 2692 1488 haec
2712 1438 2894 1488 mutuo
2918 1433 3300 1488 examinemus.
3323 1431 3452 1486 Aliis

1872 1523 2142 1580 fmnerans
2168 1525 2293 1596 quid
2313 1526 2534 1581 lucraris
2549 1526 2574 1580 ’ἶ
2597 1523 2721 1597 quid
2744 1527 2810 1580 ab
2832 1526 2936 1581 illis
2962 1522 3180 1582 fmnoris
3201 1521 3452 1596 requiris?

1872 1632 1998 1672 num
2045 1620 2424 1686 centesimam,
2456 1621 2500 1674 si
2545 1616 2831 1689 legitimam
2881 1617 3169 1689 requiras?
3209 1617 3360 1685 Quod
3408 1619 3451 1672 si

1872 1709 2244 1779 inexplebilem
2285 1710 2626 1780 cupiditatem
2666 1711 2877 1765 anseris
2906 1711 2947 1778 ί,
2983 1707 3248 1780 duplicem
3282 1702 3452 1779 tripli-

1872 1813 2094 1870 cemque
2139 1799 2430 1856 lucraberis
2470 1798 2822 1872 iniquitatem.
2852 1801 2964 1872 Ego
3009 1815 3138 1855 vero
3176 1799 3450 1855 avaritiam

1873 1895 2016 1945 tuam
2061 1899 2290 1961 supero,
2340 1891 2820 1962 inexplebilemque
2867 1890 3208 1961 cupiditatem
3246 1886 3449 1943 vinco:

1871 1981 2021 2050 copia
2049 1996 2165 2036 mea
2196 1981 2603 2037 immoderatum
2638 1983 2930 2053 appetitum
2971 1991 3118 2037 tuum
3139 1983 3342 2052 operio.
3372 1971 3450 2035 Tu

1871 2073 2215 2133 centesimam
2245 2073 2469 2143 quarris,
2495 2090 2593 2144 ego
2617 2076 2921 2146 centuplUm
2958 2074 3026 2129 do
3050 2074 3164 2129 tibi.
3193 2075 3372 2143 Itaque
3399 2073 3449 2127 in

1868 2161 2040 2218 {tenus
2060 2162 2277 2232 accipis,
2303 2159 2544 2228 Domine,
2567 2170 2620 2232 et
2640 2163 2725 2218 hic
2741 2165 2792 2218 in
2813 2162 2988 2219 {tenus
3008 2164 3202 2234 accipis
3222 2162 3450 2219 eleemo-

1869 2265 2057 2327 synam
2087 2257 2306 2326 pauperi
2332 2258 2531 2322 datam,
2557 2255 2892 2328 quandonam
2922 2259 3035 2312 haec
3062 2251 3190 2312 mihi
3219 2248 3451 2313 reddes?

1869 2347 2061 2415 Quaero
2087 2358 2234 2418 pacta
2255 2359 2534 2416 conventa,
2557 2353 2886 2405 contractum
2906 2348 3224 2406 conﬁrmare
3245 2351 3448 2406 volens.

1869 2437 2098 2509 Designa
2141 2439 2270 2493 mibi
2309 2441 2670 2496 retributionis
2703 2451 2910 2510 tempus
2948 2460 2962 2496 :
2997 2442 3263 2497 constitue
3299 2442 3448 2498 solu-

1870 2529 2028 2584 tionis
2059 2530 2361 2584 terminum.
2399 2531 2506 2585 lmo
2542 2545 2671 2585 vero
2700 2530 2800 2586 hoc
2829 2530 3151 2602 superﬂuum
3177 2533 3292 2596 est,
3325 2546 3446 2585 nam

1868 2619 2063 2675 Fidelis
2091 2621 2338 2676 Dominus
2358 2623 2411 2674 in
2439 2622 2666 2676 omnibus
2683 2622 2839 2676 verbis
2858 2623 2963 2676 suis
2985 2620 3151 2695 (Psal.
3174 2620 3294 2676 141.
3321 2619 3410 2690 15)
3433 2639 3446 2674 :

1868 2712 1989 2783 quia
2017 2727 2142 2768 vero
2170 2713 2221 2768 in
2254 2729 2403 2769 more
2443 2724 2496 2768 et
2535 2714 2587 2768 in
2615 2728 2777 2782 scopo
2802 2720 2886 2769 est
2925 2713 3004 2779 ei,
3045 2713 3134 2782 qui
3175 2711 3312 2767 bona
3344 2709 3448 2766 ﬁde

1868 2804 2044 2860 {mnus
2067 2805 2292 2876 accipit,
2315 2813 2522 2877 tempus
2552 2805 2745 2870 metiri,
2779 2805 3026 2875 diemque
3049 2804 3294 2870 deﬁnire,
3325 2796 3447 2857 a'udi

1866 2898 2078 2969 quando
2103 2907 2157 2952 et
2184 2889 2269 2952 ubi
2303 2898 2536 2952 debitam
2574 2897 2665 2952 tibi
2696 2897 2881 2952 reddat
2914 2897 2981 2964 is,
3009 2897 3092 2953 cui
3123 2912 3220 2966 per
3247 2911 3446 2966 paupe-

1866 3005 1979 3046 rem
2007 2989 2302 3045 l'tnneraris.
2331 2988 2458 3045 Cum
2493 2991 2676 3044 sederit
2723 2986 2890 3044 Filius
2923 2989 3140 3043 hominis
3174 2989 3228 3042 in
3266 2988 3447 3042 throno

1865 3081 2041 3151 gloria:
2061 3088 2187 3146 sua},
2212 3089 2261 3133 et
2284 3082 2510 3134 statuerit
2535 3096 2647 3135 oves
2667 3081 2867 3149 quidem
2891 3099 2923 3135 a
2951 3081 3142 3136 dextris
3168 3072 3272 3135 suis
3290 3121 3305 3147 ,
3338 3077 3445 3134 hae-

1867 3173 1958 3228 dos
1981 3189 2096 3228 vero
2119 3190 2150 3226 a
2178 3173 2415 3239 sinistris,
2449 3184 2494 3228 et
2515 3174 2642 3228 dicet
2670 3175 2762 3241 iis,
2793 3175 2880 3245 qui
2906 3191 2938 3227 a
2963 3174 3154 3228 dextris
3175 3176 3293 3228 sunt
3314 3186 3334 3228 :
3359 3171 3446 3228 hic

1865 3266 2079 3322 attende
2099 3274 2254 3336 quam
2277 3265 2563 3322 benevolus
2583 3267 2653 3321 sit
2671 3263 2878 3320 debitor
2897 3282 3018 3335 erga
3037 3268 3407 3322 faeneratorem
3427 3283 3444 3320 :

1865 3371 1971 3428 quo
2001 3368 2154 3427 pacto
2184 3358 2250 3423 is,
2281 3358 2368 3428 qui
2399 3361 2638 3412 mutuum
2668 3357 2902 3428 accepit,
2934 3354 3100 3412 multa
3129 3364 3251 3412 cum
3279 3358 3443 3426 gratia

1864 3447 2071 3504 reddat.
2105 3448 2297 3516 Venite,
2327 3446 2568 3504 benedicti
2595 3444 2766 3505 Patris
2786 3451 2882 3504 mei
2902 3493 2916 3519 ,
2945 3448 3192 3520 possidete
3213 3459 3443 3520 paratum

1865 3542 2003 3595 vobis
2026 3552 2234 3613 regnum
2263 3559 2294 3595 a
2323 3543 2678 3597 constitutione
2707 3543 2902 3596 mundi.
2927 3539 3140 3612 Quare?
3171 3537 3302 3608 Quia
3327 3559 3443 3596 esu-

1865 3634 1977 3698 rivi,
2011 3643 2057 3687 et
2086 3633 2292 3688 dedistis
2316 3633 2439 3687 mihi
2467 3635 2813 3688 manducare:
2840 3632 2994 3700 sitivi,
3026 3644 3070 3688 et
3092 3626 3298 3688 dedistis
3320 3626 3444 3686 mihi

1843 3725 2027 3798 (bibere
2061 3741 2079 3780 :
2108 3727 2274 3781 nudus
2297 3745 2432 3781 eram
2452 3769 2466 3794 ,
2499 3738 2547 3782 et
2573 3728 2898 3798 c‘ooperuistis
2927 3747 3004 3784 me
3031 3744 3049 3784 :
3072 3718 3125 3782 in
3154 3744 3370 3792 carcere,
3400 3737 3445 3782 et

1863 3812 2063 3874 venistis
2093 3821 2160 3873 ad
2183 3837 2261 3874 me
2287 3837 2306 3874 :
2331 3821 2565 3889 inﬁrmus
2591 3838 2749 3886 eram,
2782 3824 2826 3874 et
2855 3820 3092 3876 visitastis
3119 3832 3199 3876 nte
3216 3837 3238 3876 .'
3263 3816 3444 3890 hospes

1862 3927 1998 3964 eram
2019 3953 2033 3977 ,
2083 3919 2128 3964 et
2155 3911 2421 3982 collegistis
2446 3928 2524 3964 me
2550 3905 2772 3982 (Matth.
2801 3911 2891 3967 25.
2925 3904 3012 3968 3i.
3035 3910 3216 3985 seqq.).
3243 3913 3444 3970 Deinde

1863 4001 1954 4071 qui
1984 4003 2036 4056 in
2070 4010 2307 4071 tempore
2333 4001 2469 4056 bene
2498 4003 2882 4067 ministrarum,
2917 4005 3182 4072 propriam
3211 4003 3440 4058 inﬁrmi-

1862 4101 2022 4149 tatem
2049 4092 2400 4162 respicientes
2419 4132 2436 4158 ,
2464 4101 2620 4164 atque
2644 4096 2792 4164 ejus,
2818 4095 2904 4165 qui
2933 4103 3171 4149 mutuum
3197 4096 3400 4166 accepit
3423 4137 3439 4161 ,

1860 4183 2170 4254 dignitatem
2191 4224 2206 4251 ,
2239 4184 2418 4240 dicent
2451 4203 2465 4240 :
2493 4183 2742 4250 Domine,
2782 4186 2984 4254 quando
3010 4194 3056 4241 te
3087 4186 3305 4242 vidimus
3329 4203 3441 4241 esu.

1860 4277 2101 4342 rientem,
2140 4287 2188 4329 et
2214 4277 2441 4347 pavimus
2468 4277 2551 4330 te?
2587 4285 2677 4331 aut
2713 4277 2997 4355 sitientem,
3033 4288 3080 4332 et
3125 4280 3442 4348 poterimus?

1861 4367 1930 4423 in,
1951 4381 2108 4437 quem
2152 4367 2291 4422 oculi
2318 4369 2552 4423 omnium
2583 4379 2835 4438 sperant,
2862 4378 2916 4424 et
2951 4377 3006 4425 tu
3036 4371 3132 4425 das
3167 4385 3344 4427 escam
3374 4372 3439 4426 il-

1861 4456 2034 4511 lorum
2079 4457 2132 4512 in
2177 4453 2495 4513 abundantia
2529 4454 2698 4530 (Psat.
2728 4454 2849 4515 144.
2874 4460 3001 4534 15)ἳ
3029 4461 3073 4517 Ο
3092 4463 3313 4518 multam
3342 4462 3442 4518 bo-

1859 4545 2110 4604 nitatem!
2144 4549 2373 4604 occultat
2395 4551 2702 4621 dignitatem
2727 4553 2797 4608 ob
2825 4545 3163 4610 clementiam
3196 4571 3209 4607 :
3239 4553 3440 4612 Esurivi

1858 4643 2013 4710 enim,
2032 4651 2076 4696 et
2098 4641 2304 4697 dedistis
2325 4639 2447 4696 mihi
2464 4637 2788 4700 manducare.
2808 4645 2852 4702 Ο
2871 4647 3089 4702 multam
3111 4647 3402 4704 bonitatem
3421 4649 3438 4707 ῑ

1859 4748 1893 4789 o
1910 4734 2222 4790 immensam
2243 4730 2649 4805 benignitatem!
2673 4736 2762 4808 qui
2783 4737 2875 4793 dat
2896 4752 3070 4794 eseam
3095 4740 3240 4794 omni
3269 4739 3440 4806 carni,

1859 4829 1948 4896 qui
1987 4829 2159 4896 aperit
2201 4841 2420 4892 manus,
2470 4836 2520 4881 et
2567 4828 2751 4898 implet
2785 4843 2943 4884 omne
2980 4830 3174 4885 animal
3219 4832 3440 4888 benedi-

1857 4918 2035 4974 ctione
2065 4916 2236 4989 (Psal.
2264 4919 2384 4973 114.
2411 4919 2524 4989 16),
2552 4909 2772 4986 Esurivi,
2797 4922 2986 4990 inquit,
3013 4932 3061 4978 et
3089 4921 3299 4979 dedistis
3317 4925 3444 4978 mihi
3469 4984 3471 4987 ,

1859 5009 2196 5076 manducare,
2243 5021 2348 5064 n‘on
2392 5010 2669 5065 imminuta
2708 5011 2999 5082 dignitate,
3039 5015 3134 5069 sed
3171 5015 3287 5085 ejus
3322 5015 3438 5070 cie-

1859 5103 2054 5156 mentia
2087 5117 2184 5171 pro
2227 5102 2548 5172 pauperibus
2569 5102 2914 5172 ﬁdejubente.
2954 5105 3124 5171 Sitivi,
3155 5115 3204 5159 et
3230 5106 3440 5176 potastis

1859 5206 1956 5246 me.
1995 5191 2250 5259 Quisnam
2299 5192 2415 5248 hare
2456 5193 2622 5248 dicit?
2660 5194 2760 5261 Qui
2806 5195 3060 5264 lacubus,
3095 5196 3433 5258 ﬂuminibus,

1860 5284 2095 5340 fontibus
2123 5299 2275 5355 aqua:
2311 5288 2554 5340 naturam
2585 5272 2846 5354 iniUndit,
2894 5287 2981 5356 qui
3025 5301 3118 5356 per
3153 5285 3436 5356 Evangelia

1858 5374 2024 5429 dicit:
2055 5374 2154 5441 Qui
2175 5373 2332 5428 credit
2369 5375 2425 5429 in‘
2447 5390 2550 5442 me,
2577 5375 2706 5429 sicut
2732 5377 2852 5429 dicit
2891 5374 3184 5444 Scriptura,
3216 5376 3433 5445 ﬂumina

1825 5507 1829 5512 .
1857 5465 1919 5519 de
1943 5475 2109 5519 ventre
2133 5467 2242 5535 ejus
2266 5459 2583 5536 ﬂuentaque:
2602 5467 2723 5520 vivae
2740 5463 2915 5537 (Joan.
2943 5466 2994 5518 7.
3017 5463 3106 5529 58)
3131 5479 3143 5515 :
3169 5465 3258 5534 qui
3278 5464 3437 5533 dixit,

1858 5554 1921 5610 Si
1938 5555 2047 5624 quis
2077 5556 2216 5623 sitit,
2247 5557 2409 5610 veniat
2434 5559 2500 5610 ad
2537 5573 2648 5622 me,
2680 5565 2726 5610 et
2755 5556 2886 5608 bibat
2913 5553 3073 5626 (Ibid.
3103 5573 3129 5610 v
3176 5555 3298 5627 Δ57).
3323 5555 3432 5610 Sed

1857 5690 2030 5811 regem
2045 5688 2182 5742 sui],
2207 5699 2258 5742 et
2280 5703 2376 5744 uno
2407 5699 2543 5754 lteg.,
2567 5689 2695 5754 quod
2733 5688 2778 5741 si
2799 5687 2977 5741 malam
3015 5687 3168 5753 ﬁdem
3187 5689 3432 5744 abundant

2998 5821 3073 5881 21,
