3906 6224
477 371 582 428 835

477 486 647 540 nudus
671 502 841 553 eram,
864 487 1068 558 inquit,
1100 497 1147 542 et
1175 488 1504 558 cooperuistis
1533 504 1628 542 me.
1672 487 2057 558 Cooperuimus

479 595 604 634 eum
625 620 640 645 ,
667 579 755 649 qui
781 579 952 649 operit
985 578 1170 634 malum
1201 579 1426 633 nubibus
1446 621 1461 646 ,
1502 579 1592 650 qui
1624 579 1922 634 universam
1952 578 2059 633 Ec-

477 671 698 725 clesiam
721 714 735 738 ,
773 680 826 726 et
849 671 1052 726 orbem.
1082 671 1334 742 Quotquot
1359 673 1492 726 enim
1519 673 1570 726 in
1595 670 1794 726 Christo
1819 671 2062 742 baptismi

487 763 622 828 estis,
654 759 906 816 Christum
934 761 1170 816 induistis
1197 761 1339 832 (Gal.
1367 763 1421 818 5.
1451 760 1566 835 27).
1593 761 1615 816 1
1624 780 1653 816 n
1673 778 1872 817 carcere
1899 779 2060 816 erant.

485 850 539 904 lu
576 866 791 906 carcere
821 859 905 915 tu,
937 852 1025 922 qui
1067 850 1249 906 educis
1287 852 1527 907 vinctos?
1557 851 1910 922 Interpretare
1945 867 2064 920 qum

489 943 757 1011 loqueris:
787 958 908 996 nam
931 942 1162 1013 dignitas
1191 943 1350 998 fidem
1383 943 1604 1013 derogat
1633 942 1807 997 dictis.
1842 941 2065 1009 Quando

488 1043 539 1089 te
564 1036 615 1088 in
647 1043 789 1088 tanta
826 1035 1000 1105 inopia
1032 1034 1297 1090 vidimus?
1321 1035 1533 1106 quando
1573 1035 1685 1089 haec
1714 1033 1969 1089 fecimus?
2003 1033 2066 1088 In

486 1137 727 1197 quantum
752 1171 766 1193 ,
799 1128 904 1193 ait,
937 1129 1026 1182 uni
1051 1145 1113 1183 ea:
1139 1129 1218 1183 his
1241 1129 1458 1184 minimis
1486 1129 1702 1201 fecistis,
1727 1129 1851 1181 mihi
1879 1129 2068 1198 fecistis

496 1221 709 1288 (Matth.
732 1220 823 1276 23.
844 1222 958 1292 40).
981 1224 1172 1278 Annon
1195 1239 1352 1278 verus
1369 1232 1450 1278 est
1466 1239 1662 1290 sermo,
1685 1221 1786 1288 Qui
1808 1224 2069 1276 miseretur

490 1314 747 1384 pauperis,
776 1313 1050 1380 faeneratur
1075 1313 1182 1368 Deo
1208 1314 1390 1386 (Prov.
1427 1315 1512 1369 i9.
1539 1315 1668 1385 i7)?
1697 1315 1764 1369 Et
1795 1315 1916 1370 vide
1955 1330 2067 1369 rem

491 1405 788 1460 mirabilem
819 1423 831 1459 :
874 1406 1073 1460 nullum
1115 1407 1259 1461 aliud
1299 1407 1507 1462 virtutis
1541 1421 1675 1476 Opus
1713 1415 1905 1478 prmter
1939 1405 2068 1460 illttd

489 1497 824 1550 memoravit.
856 1496 1013 1566 Atqui
1042 1505 1251 1567 poterat
1290 1497 1467 1553 dicere
1498 1518 1509 1552 :
1539 1497 1730 1553 Venite
1772 1497 2066 1563 benedicti,

492 1586 616 1654 quia
647 1586 1011 1653 continentes,
1043 1586 1165 1656 quia
1193 1587 1424 1658 virgines
1457 1587 1627 1643 fuistis
1651 1630 1664 1653 ,
1695 1587 1816 1658 quia
1843 1601 2072 1656 evange-

489 1676 642 1732 licam
685 1679 846 1732 vitam
890 1680 1230 1748 suscepistis;
1272 1679 1366 1734 sed
1401 1679 1516 1734 haec
1563 1687 1735 1746 tacet,
1782 1695 1887 1733 non
1928 1678 2069 1748 quod

489 1769 760 1822 mentione
799 1769 907 1822 sint
935 1769 1183 1839 indigna,
1219 1770 1313 1824 sed
1352 1769 1494 1839 quod
1531 1779 1652 1840 post
1687 1770 2067 1840 benignitatem

495 1858 728 1911 secunda
761 1859 886 1912 sint.
912 1858 1107 1913 Verum
1128 1859 1573 1929 quemadmodum
1598 1861 1681 1927 iis,
1709 1861 1847 1932 quia
1870 1859 2072 1915 dextris

490 1957 663 2012 erant,
695 1949 764 2003 ob
795 1949 1171 2019 benignitatem
1197 1951 1428 2006 delatum
1456 1953 1687 2007 ostendit
1715 1968 1966 2023 regnum,
1995 1953 2072 2010 sic

485 2050 548 2095 et
575 2041 640 2096 iis
669 2043 755 2113 qui
782 2059 812 2097 a
840 2045 942 2098 sini
974 2046 1106 2115 tris,
1137 2049 1206 2102 ob
1239 2049 1568 2104 sterilitatem
1599 2051 1951 2106 comminatus
1990 2061 2075 2108 est

490 2147 704 2202 prenam
735 2152 746 2186 :
781 2133 876 2200 Ite,
908 2137 1190 2203 maledicti,
1220 2139 1272 2192 in
1299 2139 1525 2194 tenebras
1550 2141 1836 2205 exteriores,
1869 2153 2074 2212 paratas

489 2223 711 2291 diabolo,
741 2234 786 2278 et
810 2225 1004 2297 angelis
1029 2229 1138 2295 eius
1161 2227 1374 2301 (Matth.
1403 2230 1495 2286 25.
1515 2231 1629 2304 41).
1648 2233 1856 2300 Quare?
1882 2250 1984 2305 qua
2006 2234 2074 2292 de

487 2316 686 2369 causa?
711 2316 842 2383 Quia
875 2319 1056 2372 esurivi
1077 2361 1091 2386 ,
1119 2329 1166 2374 et
1193 2338 1292 2374 non
1332 2321 1538 2376 dedistis
1568 2323 1694 2376 mihi
1742 2326 2070 2380 manducare.

488 2405 606 2462 Non
632 2407 784 2473 dixit,
827 2410 950 2479 quia
987 2409 1229 2467 fornicati
1263 2414 1418 2477 estis,
1447 2413 1571 2484 quia
1610 2415 1836 2470 adulteri
1867 2415 2066 2483 fuistis,

490 2501 616 2570 quia
659 2500 814 2556 furati
844 2503 1010 2568 estis,
1042 2505 1163 2573 quia
1203 2503 1392 2559 falsum
1438 2507 1798 2561 testimonium
1841 2508 2068 2576 tulistis,

489 2593 614 2662 quia
657 2593 952 2662 pejerastis.
986 2594 1112 2650 Haec
1141 2597 1334 2666 quippe
1375 2597 1654 2653 manifeste
1679 2599 1894 2670 quidem
1933 2601 2070 2657 mala

489 2692 650 2751 sunt,
683 2684 775 2738 sed
823 2683 1072 2740 inferiora
1115 2703 1274 2756 quam
1323 2688 1546 2744 durities
1590 2699 1646 2745 et
1691 2690 2068 2750 inhumanitas.

480 2773 685 2841 'Quare,
710 2774 949 2841 Domine,
975 2793 1080 2831 non
1105 2779 1324 2833 aliarum
1348 2781 1550 2834 viarum
1571 2783 1895 2838 mentionem
1917 2785 2070 2840 facis?

488 2863 604 2918 Non
642 2864 859 2934 judico,
889 2868 1091 2937 inquit,
1125 2879 1430 2939 peccatum,
1456 2873 1550 2928 sed
1585 2873 2021 2932 inhumanitatem
2052 2894 2066 2932 :

490 2969 595 3008 non
616 2955 798 3024 judico
827 2968 1134 3027 peccatores
1153 3001 1170 3028 ,
1208 2963 1302 3016 sed
1340 2977 1432 3018 eos
1455 2963 1542 3033 qui
1571 2967 1932 3034 pmnitentiam
1961 2983 2066 3024 non

487 3055 708 3116 egerunt
739 3065 751 3100 :
786 3050 1136 3105 inclementia:
1169 3066 1262 3107 vos
1295 3053 1524 3123 damno,
1565 3055 1706 3126 quod
1750 3057 1909 3112 talem
1951 3069 2068 3114 tan-

488 3145 703 3208 tamque
747 3141 929 3195 salutis
972 3143 1288 3199 medicinam
1328 3145 1622 3214 habentes,
1671 3149 2066 3224 elecmosynam

488 3226 712 3295 scilicet,
742 3246 841 3299 qua
873 3233 1048 3287 omnia
1079 3247 1290 3303 peccata
1328 3237 1592 3304 delentur,
1625 3239 1726 3295 hoc
1750 3240 2066 3298 beneficium

483 3317 822 3391 desivexistis.
865 3322 1046 3394 Itaque
1087 3325 1480 3382 inclementiam
1519 3331 1822 3400 exprobro,
1865 3342 1922 3387 ut
1964 3349 2066 3390 ne-

483 3414 663 3482 quitiae
690 3416 966 3485 omnisque
987 3417 1274 3488 impietatis
1297 3418 1551 3488 radicem,
1575 3421 1912 3480 clementiam
1939 3439 2067 3484 vero

483 3503 665 3568 laudo,
698 3514 755 3558 ut
781 3507 1010 3562 radicem
1036 3510 1274 3566 onmium
1313 3511 1606 3580 bonorum;
1646 3527 1701 3571 et
1726 3517 1830 3573 illis
1849 3519 2064 3589 quidem

489 3591 662 3659 ignem
689 3603 944 3650 :L-ternum
966 3602 1281 3668 comminur,
1310 3604 1390 3657 his
1411 3621 1537 3659 vero
1564 3622 1784 3676 regnum
1811 3611 2063 3668 caelorum

489 3683 762 3750 promitto.
789 3685 1037 3752 Pulchra,
1064 3689 1307 3758 Domine,
1331 3697 1588 3762 promissa
1621 3706 1728 3765 tua,
1762 3702 2061 3769 pulchrum,

485 3771 628 3840 quod
655 3787 990 3845 eXSpectatur
1029 3797 1250 3851 regnum
1290 3793 1470 3850 tuum,
1520 3787 1751 3859 itemque
1796 3793 2060 3863 gehenna,

485 3877 644 3932 quam
686 3869 1056 3939 mmminaris;
1103 3889 1327 3943 quorum
1376 3876 1504 3932 illud
1532 3880 1728 3949 allicit,
1775 3883 1887 3939 haec
1931 3903 2061 3943 vero

1184 372 1241 429 S.
1281 371 1560 430 JOANNIS
1597 371 2074 431 CIIRYSOSTOMI
2107 371 2427 429 ARCHIEP.
2453 373 2988 434 CONSTANTINOP.

3664 379 3753 435 336

2165 487 2470 544 deterret:
2505 487 2670 544 allicit
2715 490 2936 560 pulchre
2986 505 3246 562 regnum,
3273 493 3516 548 deterret
3564 495 3762 549 utiliter

2167 578 2430 650 gehenna.
2461 577 2770 635 Gebennam
2801 581 2943 636 enim
2971 583 3326 638 comminatur
3350 583 3530 650 Deus,
3566 599 3681 638 non
3711 595 3762 639 ut

2167 669 2219 724 in
2238 669 2534 740 gehennam
2559 671 2776 741 iujiciat,
2799 673 2892 728 sed
2915 674 3267 744 utagehenna
3295 675 3506 732 liberet.
3533 676 3594 732 Si
3627 678 3760 731 enim

2169 763 2356 833 punire
2389 763 2570 826 vellet,
2601 780 2704 818 non
2741 775 2864 820 ante
2885 766 3114 820 minatus
3135 778 3294 833 esset,
3325 777 3380 823 ut
3409 780 3569 824 caute
3596 770 3768 824 minas

2168 853 2477 908 vitarentus.
2493 852 2860 911 Comminatur
2883 856 3223 926 supplicium,
3247 867 3301 912 ut
3325 859 3575 929 supplicii
3608 874 3767 928 expe

2168 945 2456 999 rimentum
2502 944 2809 1014 fugiamus:
2855 956 3022 1002 terret
3067 949 3270 1016 verbo,
3316 958 3374 1003 ut
3422 965 3530 1004 non
3579 950 3769 1020 puniat

2170 1049 2351 1105 opere.
2379 1033 2729 1091 aneremur
2751 1037 2926 1108 itaque
2962 1039 3069 1094 Deo
3107 1040 3468 1096 clementiam.
3503 1041 3768 1098 anere-

2171 1141 2324 1194 mur,
2359 1135 2416 1181 ut
2455 1127 2790 1183 inveniamus
2821 1130 2967 1184 illum
2997 1130 3293 1187 debitorem
3315 1173 3330 1196 ,
3379 1142 3436 1188 ut
3462 1142 3595 1189 ante
3626 1134 3770 1199 dixi,

2174 1235 2278 1273 non
2301 1218 2575 1287 judicem:
2620 1230 2900 1274 reveretur
2940 1221 3081 1275 enim
3127 1222 3337 1276 debitor
3376 1223 3771 1288 faenerantem,

2173 1321 2447 1365 reveretur
2468 1326 2592 1366 eum
2621 1321 2674 1366 et
2702 1311 2990 1366 erubescit.
3013 1312 3070 1368 Si
3096 1311 3384 1368 fmnerator
3404 1313 3469 1368 ad
3501 1315 3770 1370 debitoris

2168 1399 2386 1470 januam
2411 1401 2650 1469 accedat,
2678 1401 2763 1457 hic
2789 1402 2832 1457 si
2859 1403 3012 1473 inops
3035 1403 3124 1468 sit,
3153 1404 3313 1473 fugit;
3340 1405 3420 1459 sin
3451 1406 3772 1476 opulentus,

2175 1505 2298 1545 eum
2330 1507 2449 1546 cum
2481 1492 2668 1548 fiducia
2698 1495 2916 1565 excipit.
2940 1493 3077 1551 Vide
3103 1496 3234 1550 mihi
3259 1497 3486 1552 alterum
3513 1498 3654 1568 justi
3687 1499 3774 1568 ju-

2175 1581 2310 1637 dicis
2337 1584 2652 1639 miraculum
2679 1585 2924 1640 humanis
2955 1602 3020 1642 ex
3044 1589 3203 1643 rebus
3224 1590 3578 1660 propositum.
3608 1591 3669 1644 Si
3687 1591 3774 1646 cui

2178 1673 2230 1727 in
2262 1685 2574 1743 paupertate
2602 1675 2813 1747 degenti
2845 1676 3137 1734 fmneratus
3166 1678 3354 1748 fueris,
3386 1696 3449 1737 ac
3475 1679 3682 1738 deinde
3705 1682 3774 1737 ad

2177 1780 2486 1835 prosperam
2515 1768 2779 1822 fortunam
2811 1770 3021 1825 venerit
3043 1770 3087 1826 is
3105 1811 3122 1837 ,
3145 1773 3234 1841 qui
3262 1781 3504 1826 mutuum
3533 1774 3774 1844 accepit,

2177 1857 2378 1927 tibique
2407 1858 2644 1914 debitum
2672 1859 2897 1917 reddere
2928 1862 3122 1932 possit,
3153 1863 3350 1919 multos
3369 1865 3528 1930 latet,
3557 1875 3619 1921 et
3645 1866 3776 1922 red-

2178 1945 2276 2013 dit,
2307 1963 2373 2002 ne
2393 1947 2460 2002 de
2489 1949 2650 2018 priori
2677 1963 2776 2004 suo
2804 1959 2945 2006 statu
2975 1951 3296 2008 erubescat:
3329 1962 3384 2010 et
3410 1955 3618 2026 gratias
3645 1956 3777 2027 qni-

2178 2037 2299 2093 dem
2330 2038 2536 2104 reddit,
2565 2041 2656 2096 sed
2685 2056 2794 2111 prae
2826 2041 3018 2112 inopia:
3047 2043 3288 2114 pristina:
3327 2045 3530 2116 pudore
3557 2047 3776 2104 benefi-

2177 2134 2318 2190 cium
2340 2136 2590 2194 occultat.
2614 2139 2682 2191 At
2699 2152 2804 2193 non
2825 2138 2896 2192 ita
2920 2138 3060 2195 Deus
3084 2140 3226 2206 facit,
3247 2141 3341 2195 sed
3362 2141 3500 2196 clam
3522 2152 3775 2197 mutuum

2177 2225 2390 2294 accipit,
2414 2235 2468 2280 et
2493 2227 2666 2297 palam
2689 2227 2959 2298 libereque
2986 2239 3228 2284 mutuum
3251 2229 3444 2286 reddit.
3465 2230 3603 2286 Cum
3626 2233 3775 2287 enim

2179 2315 2403 2385 accipit,
2429 2317 2569 2372 clam
2610 2333 2706 2388 per
2745 2318 3140 2388 eleemosynam
3167 2321 3392 2391 accipit;
3434 2336 3557 2376 cum
3587 2332 3775 2378 autem

2179 2406 2388 2474 reddit,
2431 2408 2484 2463 in
2513 2409 2682 2465 oculis
2721 2411 2984 2466 universae
3027 2420 3290 2468 creatura:
3325 2412 3522 2468 reddit.
3551 2414 3630 2469 At
3668 2413 3774 2468 for-

2180 2507 2320 2554 tasse
2355 2498 2502 2555 dicat
2529 2501 2791 2572 quispiam
2819 2521 2835 2559 :
2863 2504 3040 2570 Quare
3063 2503 3276 2559 tandem
3297 2545 3312 2569 ,
3357 2514 3416 2560 ut
3445 2505 3576 2560 mihi
3617 2505 3772 2562 diviti

2179 2587 2343 2656 dedit,
2377 2606 2480 2645 non
2507 2591 2576 2646 ita
2595 2607 2807 2664 quoque
2843 2594 3062 2664 pauperi
3095 2593 3284 2650 dedit?
3310 2594 3526 2650 P0terat
3546 2596 3772 2666 quidem

2177 2682 2271 2737 tibi
2296 2683 2544 2739 similiter
2568 2683 2728 2750 dare,
2759 2695 2820 2740 ut
2845 2687 3063 2756 pauperi
3090 2686 3271 2752 dedit;
3305 2686 3400 2742 sed
3432 2688 3638 2754 noluit,
3674 2703 3771 2743 nec

2177 2770 2388 2827 divitias
2415 2781 2530 2828 tuas
2560 2772 2917 2829 infructuosas
2943 2790 3063 2831 esse
3100 2777 3293 2844 voluit,
3325 2792 3425 2831 nec
3462 2777 3609 2833 illius
3653 2795 3770 2849 pau-

2176 2871 2437 2932 pertatem
2478 2864 2596 2920 sine
2638 2865 2903 2920 mercede.
2933 2864 3051 2922 Tibi
3093 2865 3241 2922 diviti
3280 2869 3550 2924 concessit
3578 2881 3640 2924 ut
3678 2885 3771 2941 per

2177 2957 2571 3029 eleemosynam
2594 2957 2742 3014 dives
2767 2974 2912 3014 esses
2933 3000 2948 3025 ,
2979 2967 3035 3015 et
3061 2959 3396 3031 diSpergeres
3437 2961 3490 3016 in
3514 2963 3730 3032 justitia
3758 2983 3772 3018 :

2176 3045 2427 3119 Dispersit
2457 3049 2619 3116 enim,
2645 3049 2784 3104 dedit
2801 3051 3104 3120 pauperibus
3131 3067 3151 3107 :
3168 3053 3370 3123 justitia
3395 3053 3503 3123 ejus
3523 3066 3701 3108 manet

2175 3138 2415 3192 saeculum
2437 3137 2604 3206 (Psal.
2639 3140 2760 3195 111.
2788 3139 2866 3212 9).
2892 3140 3052 3197 Vides
3077 3143 3217 3214 quod
3245 3142 3391 3198 dives
3413 3158 3509 3213 per
3528 3143 3772 3200 eleemo-

2173 3241 2363 3301 synam
2411 3240 2666 3285 aeternam
2707 3231 3029 3287 thesaurizet
3069 3233 3366 3303 justitiam?
3405 3233 3531 3290 vide
3569 3248 3774 3288 rursus

2176 3333 2498 3390 pauperem,
2529 3322 2650 3394 quia
2681 3321 2898 3381 divitias
2925 3338 3029 3380 non
3057 3323 3250 3394 habet,
3280 3325 3472 3397 quibus
3496 3328 3771 3399 justitiam

2173 3419 2441 3484 Operetur,
2471 3413 2628 3470 habet
2654 3425 3038 3486 paupertatem,
3063 3433 3164 3488 qua
3191 3419 3504 3486 patientiam
3527 3421 3769 3478 lucratus

2173 3513 2445 3560 aeternam.
2473 3505 2604 3560 Nam
2635 3505 2889 3562 Patientia
2918 3527 3197 3581 pauperum
3217 3527 3317 3564 non
3345 3512 3524 3582 peribit
3544 3513 3601 3567 in
3622 3524 3768 3568 aeter-

2174 3612 2297 3650 num
2339 3595 2510 3666 (Psal.
2539 3597 2593 3653 9.
2631 3597 2763 3670 i9):
2805 3599 2857 3653 in
2898 3599 3114 3654 Christo
3153 3601 3377 3656 Domino
3422 3612 3650 3669 nostro,
3683 3607 3768 3660 cui

2174 3687 2339 3758 gloria
2369 3688 2420 3742 in
2445 3689 2632 3744 saecula
2656 3690 2993 3744 surculorum.
3025 3692 3216 3747 Amen.

2236 3799 2462 3862 JVcrba,
2487 3772 2592 3851 liac
2616 3814 2726 3851 vero
2759 3803 2984 3862 deterret,
3021 3817 3117 3855 non
3140 3805 3380 3856 habentur
3414 3807 3465 3856 in
3501 3808 3677 3861 Morel.
3715 3817 3772 3859 et

2171 3857 2344 3934 Savil_.;
2371 3863 2545 3934 sed_in
2583 3871 2700 3926 Heg.
2739 3877 2884 3926 supra
2918 3857 3184 3917 memorato
3219 3867 3468 3931 leguntur,
3505 3857 3565 3920 et
3579 3857 3772 3934 optime

2175 3922 2409 3982 quadrant
2426 3924 2482 3972 ad
2505 3922 2721 3974 sensuin.

1684 4089 1826 4161 DE
1879 4093 2582 4171 P(F.NITENTIA.

1009 4299 1230 4340 nouum
1394 4286 1492 4362 (a).

554 4409 607 4464 1.
631 4408 852 4466 Etiamsi
877 4411 991 4469 beri
1021 4431 1050 4469 a
1079 4417 1229 4473 vobis
1257 4419 1541 4490 abfuerim,
1576 4433 1631 4480 at
1657 4425 1872 4497 invitus,
1891 4441 1945 4486 at
1971 4450 2063 4491 ne-

485 4501 736 4558 cessitate
781 4507 1088 4574 compulsus
1117 4527 1130 4562 :
1159 4526 1385 4582 corpore
1428 4514 1592 4582 abfui,
1617 4533 1722 4573 non
1756 4525 2062 4593 proposito;

481 4593 724 4650 absentia
735 4597 1046 4664 carnis,non
1063 4601 1252 4658 affectu
1271 4605 1672 4664 animi.Etenim
1690 4628 1786 4681 pro
1797 4615 1931 4670 virili
1947 4634 2064 4674 mea

483 4698 581 4739 vos
610 4687 1036 4757 complectebar,
1060 4703 1342 4764 menteque
1377 4713 1564 4754 omnes
1597 4701 2060 4764 circumferebam.

485 4775 709 4842 Rursus,
735 4778 924 4834 fratres
943 4823 955 4847 ,
981 4781 1081 4836 hoc
1112 4789 1431 4854 temporario
1452 4790 1615 4845 misso
1643 4795 1832 4850 morbo
1856 4797 2063 4855 ardenti

476 4864 653 4919 studio
663 4869 1031 4925 contendimus
1055 4882 1284 4928 vestram
1305 4881 1540 4933 contueri
1567 4879 1756 4939 faciem
1777 4903 1790 4940 :
1811 4891 2063 4944 manenti-

479 4953 578 5010 bus
597 4957 738 5011 enim
756 4958 929 5016 adhuc
953 4963 1278 5032 {egritudinis
1295 4968 1527 5038 reliquiis
1551 4978 1826 5043 properavi
1847 4979 1913 5033 ad
1929 4982 2055 5034 cari.

477 5057 641 5103 tatem
659 5060 909 5107 vestram.
941 5053 1070 5110 Nam
1096 5060 1222 5128 :egri
1241 5061 1452 5130 quidem
1478 5060 1686 5136 [morbo
1716 5070 1956 5145 relevati]
1987 5074 2061 5128 la-

479 5153 640 5197 vacra
675 5154 930 5214 expetunt
960 5157 1014 5203 et
1053 5150 1276 5219 balnea;
1307 5169 1406 5225 ego
1446 5173 1592 5214 vero
1614 5175 1790 5230 operae
1833 5165 2057 5234 pretium

473 5245 596 5289 esse
621 5233 745 5289 duxi
768 5235 1122 5296 desideratam
1151 5253 1384 5299 vestram
1428 5247 1613 5304 faciem
1642 5233 1854 5318 videre,
1876 5270 1940 5310 ac
1967 5257 2060 5312 de-

470 5324 638 5381 bitum
669 5327 795 5382 illud
822 5340 1057 5386 vestrum
1103 5334 1350 5390 audiendi
1379 5340 1594 5408 explere
1627 5341 1883 5411 studium,
1935 5362 2050 5401 ma-

472 5428 634 5485 guum
679 5418 782 5475 hoc
826 5422 1061 5493 pelagus,
1113 5425 1245 5480 nihil
1293 5427 1496 5484 habens
1547 5432 1848 5504 salsuginis,
1902 5453 2051 5493 mare

475 5506 724 5563 uctibus
752 5525 996 5566 vacuum.
1041 5513 1170 5570 Veni
1191 5531 1374 5571 arvum
1400 5519 1664 5576 invisurus
1693 5535 1922 5579 vestrum
1953 5543 2050 5582 ex-

477 5609 779 5668 purgatum.
812 5602 942 5668 Quis
968 5606 1110 5659 enim
1159 5609 1280 5664 talis
1346 5621 1528 5679 portus
1571 5624 1653 5668 est
1678 5615 1719 5684 ,
1753 5617 1924 5686 qualis
1969 5629 2051 5679 est

627 5709 806 5782 collata
825 5725 934 5762 etim
955 5715 1126 5766 Codice
1150 5725 1263 5781 Reg.
1288 5719 1430 5772 2549.

621 5782 692 5819 r0.
840 5783 1019 5819 .
1043 5779 1170 5819 (mod
1189 5781 1333 5819 hahm
1517 5785 1631 5819 .

621 5782 692 5831 ro,
709 5771 818 5823 tatis
839 5783 1020 5839 pomis,
1043 5779 1170 5841 quod
1188 5771 1336 5835 habet
1355 5789 1490 5848 ..
1515 5785 1653 5852 Editi,
1670 5786 1765 5842 tale
1784 5797 1994 5856 pratum.

2173 4308 2412 4364 Ecclesia
2433 4309 2456 4362 ?
2475 4309 2596 4380 quis
2618 4309 2895 4380 paradisus
3111 4317 3289 4367 vestro
3311 4311 3549 4366 similis?
3574 4311 3763 4369 Nullus

2175 4400 2262 4455 hic
2293 4399 2572 4455 insidiator
2615 4415 2859 4471 serpens,
2891 4401 2986 4457 sed
3015 4401 3258 4456 Christus
3302 4403 3577 4460 institulor
3606 4422 3621 4458 :
3653 4420 3761 4460 non

2171 4490 2281 4546 Eva
2310 4491 2720 4562 supplantatrix,
2754 4493 2848 4547 sed
2871 4493 3108 4548 Ecclesia
3135 4494 3366 4549 erectrix
3397 4512 3412 4548 :
3445 4510 3554 4550 non
3579 4495 3672 4552 hic
3692 4497 3762 4552 fo-

2169 4581 2238 4637 lia
2263 4581 2514 4637 arborum
2543 4623 2558 4650 ,
2588 4583 2682 4638 sed
2719 4583 2921 4639 fructus
2949 4585 3165 4655 spiritus
3195 4602 3209 4640 :
3251 4601 3357 4642 non
3381 4601 3541 4657 sepes
3568 4590 3760 4659 spina-

2167 4689 2309 4739 rum,
2342 4675 2436 4730 sed
2463 4676 2619 4730 vinea
2648 4675 2935 4731 fructifera.
2971 4675 3030 4732 Si
3079 4692 3238 4748 quam
3267 4678 3408 4733 enim
3436 4679 3648 4749 spinam
3677 4681 3757 4736 of.

2167 4765 2400 4831 tendam,
2445 4767 2498 4821 in
2525 4766 2719 4821 olivam
2751 4777 3024 4823 commuto
3051 4785 3066 4822 :
3095 4784 3200 4824 non
3224 4769 3362 4824 enim
3395 4768 3482 4825 hic
3504 4770 3653 4826 valet
3679 4774 3756 4826 in-

2165 4857 2286 4926 opia
2308 4867 2526 4923 naturze,
2551 4857 2644 4912 sed
2674 4857 2890 4913 libertas
2921 4859 3125 4914 arbitrii
3147 4859 3459 4916 honoratur.
3482 4860 3540 4918 Si
3567 4862 3752 4933 lupum

2165 4945 2438 5013 invenero,
2468 4962 2619 5002 ovem
2641 4947 2798 5018 facio,
2826 4965 2931 5004 non
2963 4958 3206 5006 naturam
3230 4961 3463 5019 mutans,
3493 4953 3591 5009 sed
3627 4969 3747 5024 pro

2161 5039 2396 5109 positum
2439 5040 2782 5095 transferens.

2237 5129 2460 5185 Ecclesia
2487 5147 2620 5186 arcte
2659 5130 2774 5186 Noe
2813 5142 3136 5203 comparatur
3161 5132 3260 5204 (a).
3385 5133 3751 5201 Quamobrem

2160 5237 2266 5277 non
2294 5225 2558 5278 erraverit
2576 5223 2836 5294 quispiam
2866 5224 2909 5278 si
2936 5224 3131 5280 dixerit
3157 5224 3445 5279 Ecclesiam
3472 5239 3594 5281 esse
3622 5241 3751 5282 arca

2159 5317 2604 5386 praestantiorem.
2646 5316 2854 5372 Etenim
2893 5333 3014 5372 arca
3064 5318 3312 5372 animalia
3359 5317 3666 5388 excipiebat
3693 5331 3749 5375 et

2158 5407 2406 5463 animalia
2433 5408 2805 5475 conservabat,
2838 5408 3073 5463 Ecclesia
3100 5423 3227 5463 vero
3262 5408 3510 5464 animalia
3541 5411 3746 5482 excipit

2157 5511 2211 5556 et
2242 5502 2501 5556 immutat.
2532 5501 2774 5572 Exempli
2799 5516 2980 5568 causa,
3009 5501 3130 5556 illuc
3165 5501 3436 5570 ingressus
3462 5504 3745 5574 accipiter,

2155 5593 2410 5662 accipiter
2434 5595 2578 5659 exit;
2612 5594 2883 5665 ingressus
2929 5595 3101 5663 lupus,
3137 5594 3266 5648 exiit
3310 5594 3464 5664 lupus
3495 5611 3510 5649 :
3552 5603 3610 5650 at
3640 5595 3753 5655 huc

2160 5683 2431 5754 ingressus
2457 5685 2730 5756 accipiter,
2763 5686 2872 5740 exit
2899 5684 3144 5740 columba
3169 5701 3183 5750 ;
3213 5683 3487 5756 ingressus
3544 5683 3715 5755 lupus
3736 5723 3752 5751 ,

2205 5793 2278 5858 (a)
2311 5795 2425 5848 vide
2449 5795 2616 5850 ttomil.
2649 5798 2863 5850 interra:
2883 5804 3066 5850 motum
3097 5802 3213 5847 tom.
3238 5795 3285 5845 1.
