3906 6224
113 413 234 473 555

117 531 282 601 φησι,
316 529 412 584 καὶ
437 523 761 585 ἑνεδύσατέ
788 548 883 600 με.
929 529 1288 603 Ἕνεδύσαμεν
1318 535 1410 587 τὸν
1437 535 1689 591 ἐνδύοντα
1716 537 1808 591 τὸν

115 617 356 690 οὐρανὸν
381 619 440 671 ἐν
469 616 738 686 νεφέλαις,
773 617 864 671 τὸν
897 618 1150 673 ἐνδύοντα
1173 620 1270 691 τὴν
1307 619 1631 693 Ἐκκλησίαν
1663 625 1806 678 ᾶπα-

118 721 252 769 σαν,
271 706 365 761 καὶ
392 706 490 778 τὴν
517 707 861 778 οἰκουμένην.
896 707 1068 760 Ὅσοι
1095 709 1205 778 γὰρ
1248 710 1336 774 είς
1383 709 1642 777 Χριστὸν
1665 711 1804 765 ἐϐα-

119 795 440 862 πτίσθητε,
454 794 712 863 Χριστὸν
730 795 1124 851 ἐνεδύσασθε.
1161 798 1256 850 Ἔν
1275 799 1521 869 φυλακῇ
1535 799 1698 870 ἤμην
1717 819 1730 831 ·
1748 804 1807 856 ἐν

120 882 341 953 φυλακῇ
375 884 438 935 σὺ
466 882 719 951 ὁέξάγων
739 883 886 954 [5³59]
917 885 1354 956 πεπεδημένους;
1388 887 1752 959 Ἑρμήνευσον
1772 890 1809 944 ἀ

118 965 326 1028 λαλεῖς·
352 967 385 1035 ἡ
408 964 517 1038 γάρ
544 965 670 1031 ἀξία
692 968 935 1038 ἀρνεῖται
960 967 1028 1021 τά
1042 968 1326 1039 λεγόμενα.
1355 969 1494 1024 Πότε
1513 989 1572 1024 σε
1596 973 1807 1044 εἴδομεν

119 1053 183 1105 ἐν
202 1053 378 1123 ἐνδείᾳ
399 1052 664 1125 τοσαύτῃ;
694 1055 823 1107 πότε
845 1054 1016 1107 ταῦτα
1039 1057 1444 1128 πεποιήκαμενς
1481 1059 1599 1128 Ἐφ’
1635 1058 1804 1123 ὅσον,

120 1137 312 1204 φησὶν,
346 1135 436 1188 ἐνί
470 1137 700 1189 τούτων
727 1136 846 1190 τῶν
889 1137 1230 1205 ἐλαχίστων
1259 1141 1644 1207 πεποιήκατε,
1676 1143 1806 1213 ἐμοὶ

119 1221 469 1288 ἐποιήσατε.
496 1222 588 1294 Μὴ
603 1224 702 1276 οὐκ
719 1224 924 1296 ἀληθὴς
943 1225 970 1276 ὁ
991 1225 1166 1294 λόγος,
1181 1227 1262 1281 ὄτι
1296 1229 1350 1280 '0
1363 1229 1553 1283 ἐλεῶν
1567 1231 1808 1300 πτωχὸν

120 1309 380 1372 δανείζει
425 1311 588 1378 Θεῷ;
632 1313 742 1365 Καὶ
775 1315 878 1384 ὅρα
921 1313 982 1367 τὸ
1027 1313 1371 1386 θαυμαστόνο
1411 1318 1566 1372 οὐδὲν
1619 1320 1807 1391 ἔτερον

121 1397 443 1470 ὑπέμνησεν
476 1400 636 1472 ἔργον
675 1401 876 1472 ἀρετῆς
913 1401 946 1472 ἢ
985 1401 1145 1456 τοῦτο
1170 1419 1184 1435 ·
1233 1404 1410 1458 καίτοι
1461 1406 1684 1460 ἐδύνατο
1725 1409 1804 1462 εί-

119 1490 284 1540 πεῖν·
307 1488 472 1541 Δεῦτε
495 1490 543 1542 οἱ
571 1489 948 1559 εὐλογημένοι,
978 1491 1511 1564 ὃτιὲσωφρονήσατε,
1541 1495 1808 1566 ὄτιὲπαρ-

120 1569 439 1634 θενεύσατε,
490 1572 572 1625 ὅτι
625 1573 922 1644 ἀγγελικὴν
977 1573 1254 1627 πολιτείαν
1299 1575 1622 1630 ἀνελάϐετεο
1671 1575 1808 1630 ἀλλά

122 1661 311 1731 σιωπᾷ
337 1659 532 1722 ταῦτα,
562 1660 660 1730 οὐχ
689 1661 770 1713 ὅτι
795 1660 990 1726 ἀνάξια
1026 1661 1270 1732 μνήμης,
1305 1662 1420 1716 ἀλλ’
1467 1663 1542 1727 ὼς
1577 1664 1806 1735 δεύτερα

119 1745 558 1818 φιλανθρωπίας.
607 1746 744 1799 Ἀλλ’
777 1745 966 1819 ῶσπερ
993 1748 1205 1811 τούτοις
1233 1751 1346 1813 τοῖς
1371 1751 1437 1804 ἐκ
1483 1750 1674 1816 δεξιῶν
1713 1752 1802 1806 διὰ

117 1835 227 1906 τὴν
258 1833 666 1906 φιλανθρωπίαν
711 1833 878 1898 ἔδειξε
906 1834 1292 1904 δεδωρημένην
1327 1835 1425 1907 τὴν
1477 1837 1758 1906 βασιλείαν
1786 1855 1800 1868 ·

117 1923 272 1975 οῦτω
297 1924 392 1975 καὶ
420 1924 530 1985 τοῖς
560 1922 617 1988 ἐξ
645 1921 946 1994 ἀριστερῶν
979 1921 1065 1975 διὰ
1102 1923 1200 1992 τὴν
1226 1923 1508 1994 ἀκαρπίαν
1536 1925 1803 1996 ἠπείλησε

117 2009 225 2080 τὴν
260 2009 544 2081 τιμωρίαν.
575 2011 906 2079 Πορεύεσθε
941 2012 996 2063 οί
1019 2010 1417 2080 κατηραμένοι
1449 2015 1537 2078 είς
1562 2012 1628 2066 τὸ
1659 2015 1805 2068 σκό-

117 2116 231 2162 τος
257 2098 327 2152 τὸ
352 2098 674 2166 ἐξώτερον,
713 2097 779 2150 τὸ
807 2097 1255 2168 ἡτοιμασμένον
1282 2098 1363 2164 τῷ
1402 2098 1659 2165 διαϐόλῳ
1703 2101 1804 2156 καὶ

117 2185 254 2251 τοῖς
295 2185 573 2256 ἀγγέλοις
606 2184 813 2240 αὑτοῦ.
845 2185 944 2238 Διά
969 2185 1048 2251 τί;
1082 2185 1224 2257 ὑπὲρ
1256 2187 1436 2252 τίνος;
1481 2187 1613 2241 Ὅτι
1645 2188 1805 2242 ἐπεί-

117 2291 272 2333 νων.
321 2273 422 2326 καὶ
455 2275 567 2327 οὐκ
598 2271 859 2326 ἐδώκατέ
893 2290 997 2342 μοι
1033 2273 1269 2343 φαγεῖν,
1306 2275 1422 2327 Οὐκ
1470 2270 1624 2328 εἶπεν
1680 2275 1803 2328 Ὅτι

119 2360 514 2431 ἐπορνεύσατε,
547 2362 627 2415 ὅτι
662 2360 1039 2431 ὲμοιχεύσατε,
1088 2362 1170 2415 ὅτι
1201 2362 1490 2431 ἐκλέψατε,
1535 2364 1617 2417 ὅτι
1643 2363 1803 2433 ἐψευ-

118 2448 610 2520 δομαρτυρήσατε,
633 2449 714 2502 ὅτι
741 2449 1126 2519 ἐπιωρκήσατε
1148 2464 1161 2478 ⁶
1197 2449 1344 2502 κακά
1380 2450 1478 2520 μὲν
1512 2451 1804 2520 ὁμολογου-

123 2535 310 2606 μένως
329 2535 423 2588 καὶ
445 2534 640 2598 ταῦτα,
665 2534 802 2588 ἀλλὰ
834 2536 934 2605 τῆς
961 2535 1362 2608 ἀπανθρωπίας
1392 2536 1677 2608 κατώτερα
1710 2539 1804 2592 καὶ

117 2624 222 2693 τῆς
251 2623 704 2695 ἀνελεημοσύνης.
739 2623 838 2678 Διά
866 2623 918 2676 τί
945 2624 1021 2688 δὲ,
1057 2618 1102 2678 ὧ
1126 2625 1322 2697 Κύριε,
1349 2625 1448 2679 οὐκ
1478 2625 1650 2678 ἄλλων
1669 2625 1802 2678 ὁδῶν

119 2711 315 2782 φέρεις
351 2711 609 2782 μνήμην;
645 2711 718 2764 Οὐ
762 2711 954 2782 κρίνω,
1003 2714 1156 2782 φησὶ,
1203 2712 1304 2784 τὴν
1339 2713 1631 2784 ἁμαρτίαν,
1668 2713 1804 2767 ἀλλά

116 2797 224 2869 τὴν
266 2796 662 2868 ἀπανθρωπίαν
681 2813 697 2829 ο
721 2798 782 2851 ού
817 2798 989 2870 κρίνω
1021 2799 1148 2862 τοὺς
1176 2799 1626 2872 ἁμαρτήσαντας,
1666 2799 1803 2854 ἀλλά

119 2885 255 2948 τοὺς
296 2883 370 2955 μὴ
403 2884 846 2955 μετανοήσαντας
869 2901 882 2915 ο
914 2885 1053 2957 ὑπὲρ
1088 2885 1490 2958 ἀπανθρωπίας
1521 2886 1666 2956 ὑμᾶς
1697 2901 1802 2939 κα-

119 2971 422 3037 ταδικάζω,
442 2973 524 3025 ὅτι
541 2971 756 3043 ἔχοντες
776 2973 1030 3026 τοσοῦτον
1058 2975 1151 3026 καὶ
1171 2967 1488 3042 τηλικοῦτον
1512 2974 1803 3044 φάρμακον

121 3060 420 3134 σωτηρίας,
455 3061 554 3132 τὴν
584 3060 972 3132 ἐλεημοσύνην,
1025 3061 1083 3114 ἐν
1181 3060 1494 3132 ἐξηλείφετο
1525 3061 1702 3114 πάντα
1731 3060 1802 3114 τά

121 3150 346 3221 ἀμαρτή
356 3165 520 3220 ματα,
549 3149 837 3220 παρήκατε
862 3148 1131 3219 τοσαύτην
1158 3147 1494 3220 εὐεργεσίαν.
1528 3145 1801 3211 Ὀνειδίζω

120 3238 304 3291 τοίνυν
349 3237 455 3308 τὴν
504 3235 900 3306 ἀπανθρωπίαν
935 3235 1012 3299 ὡς
1053 3235 1210 3306 ῥίζαν
1251 3234 1450 3297 κακίας
1482 3233 1577 3287 καὶ
1619 3232 1802 3304 πάσης

121 3324 382 3388 ἀσεϐείας
404 3337 416 3354 ³
449 3323 658 3377 ἐπαινῶ
689 3322 788 3394 τὴν
817 3321 1228 3394 φιλανθρωπίαν
1272 3321 1348 3385 ὡς
1381 3320 1538 3392 ῥίζαν
1583 3320 1802 3373 πάντων

120 3412 236 3466 τῶν
265 3411 508 3480 ἀγαθῶν,
537 3411 632 3464 καὶ
678 3409 887 3464 ἀπειλῶ
915 3412 1027 3473 τοῖς
1059 3411 1158 3480 μὲν
1197 3406 1308 3480 πῦρ
1336 3407 1574 3473 αἰώνιον,
1605 3410 1717 3470 τοῖς
1744 3406 1803 3460 δὲ

124 3500 404 3570 βασιλείαν
425 3498 670 3570 οὐρανῶν
686 3499 1109 3569 ἐπαγγέλλομαι.
1129 3496 1306 3552 Καλαί
1329 3489 1511 3569 σουέῖι
1532 3495 1799 3560 Δέσποτα,

122 3587 220 3643 καὶ
263 3589 318 3642 αἱ
347 3587 670 3656 ἐπαγγελίαι
690 3601 705 3618 ⁸
743 3587 884 3657 καλή
916 3604 1010 3640 σου
1042 3587 1138 3641 καὶ
1167 3589 1200 3657 ἡ
1247 3583 1675 3657 προσδοκωμένη
1704 3581 1816 3652 βασι.

125 3676 322 3741 σιλεία,
348 3677 443 3731 καλ¹
469 3678 502 3747 ἡ
531 3675 724 3746 γέεννα
749 3675 911 3729 πάλιν
935 3673 1305 3744 ἀπειλουμένη
1327 3689 1341 3702 °
1370 3673 1404 3742 ἡ
1438 3671 1539 3743 μὲν
1569 3687 1801 3741 προτρε-

189 3860 215 3888 ⁸
239 3858 376 3917 Hac,
400 3860 430 3914 ἡ
455 3857 506 3905 δὲ
529 3852 816 3919 ἐκφοϐοῦσα,
840 3868 937 3904 non
963 3854 1211 3904 habentur
1229 3854 1278 3902 in
1301 3851 1418 3919 Mor.
1436 3856 1490 3900 et
1516 3851 1690 3919 Sa_vil.,
1713 3851 1801 3919 sed

131 3917 182 3968 in
197 3921 322 3982 Reg.
356 3913 503 3981 Supra
530 3913 802 3969 mémorato
846 3920 1097 3980 leguntur,
1135 3923 1185 3964 et
1229 3917 1417 3977 optime
1452 3913 1698 3975 quadram
1741 3916 1801 3960 ad

126 3995 344 4032 sensum.

1223 417 1310 474 DE
1347 417 1824 478 PCENITENTIA.
1867 422 2103 480 IIOMIL.
2146 423 2278 478 VIII.

3474 443 3577 497 356

1911 539 2144 610 πομένη,
2183 541 2216 612 ἡ
2267 539 2324 593 δὲ
2361 540 2742 610 ἐκφοϐοῦσαα·
2777 543 3146 612 προτρέπεται
3179 545 3288 615 γάρ
3325 545 3503 613 καλῶς
3531 554 3569 624 η

1912 627 2155 697 βασιλεία
2181 669 2195 694 ,
2236 629 2394 697 φοϐεῖ
2415 629 2472 682 δὲ
2516 630 2801 702 χρησίμως
2835 632 2868 701 ή
2908 631 3121 700 γέεννα.
3187 635 3425 690 Ἀπειλεί
3471 639 3582 709 γὰρ

1909 716 2133 782 γέενναν
2169 716 2197 768 ὁ
2235 714 2389 780 Θεὸς,
2431 715 2528 786 οὐχ
2565 717 2650 770 ἵνα
2681 719 2760 780 εἰς
2803 717 3025 786 γέενναν
3065 720 3308 792 ἐμϐάλῃ,
3351 722 3464 776 ἀλλ’
3482 719 3575 776 ἶνα

1909 800 2134 872 γεέννης
2177 802 2482 875 ἀπαλλάξῃ.
2532 804 2595 856 Εἰ
2644 803 2752 876 γάρ
2788 805 3038 861 ἐϐούλετο
3077 808 3325 874 κολάσαι,
3378 811 3478 865 οὐκ
3512 811 3582 866 ἀν

1909 890 2334 962 προηπείλησεν,
2357 890 2731 960 ἵναάσφαλισά
2743 911 2894 964 μενοι
2925 894 3187 967 φύγωμεν
3219 900 3287 952 τά
3327 899 3583 955 ἀπειλού-

1912 994 2070 1048 μενα.
2115 977 2352 1031 ’Λπειλεῖ
2374 979 2473 1052 τὴν
2501 982 2790 1052 τιμωρίαν,
2842 983 2930 1038 ἴνα
2967 985 3227 1056 φύγωμεν
3257 989 3358 1059 τὴν
3387 991 3581 1061 πεῖραν

1916 1066 2006 1136 τῆς
2040 1066 2309 1136 τιμωρίας
2332 1083 2346 1098 ⁸
2381 1067 2536 1136 φοϐεῖ
2559 1069 2635 1138 τῷ
2665 1069 2826 1141 λόγῳ,
2859 1071 2943 1124 ἵνα
2974 1075 3046 1143 μὴ
3082 1074 3285 1147 κολάσῃ
3313 1076 3389 1146 τῷ
3412 1076 3577 1149 ἔργῳ.

1909 1153 2257 1224 Δανείσωμεν
2299 1156 2479 1208 τοίνυν
2527 1155 2605 1227 τῷ
2638 1156 2756 1228 Θεῷ
2801 1158 2899 1229 τὴν
2932 1159 3373 1232 φιλανθρωπίαν,
3407 1165 3583 1219 δανεί-

1911 1257 2112 1310 σωμεν,
2145 1242 2230 1294 ἵνα
2261 1242 2512 1313 εὕρωμεν
2559 1244 2720 1297 αὐτὸν
2751 1245 3052 1316 χρεώστην,
3082 1248 3156 1311 ὠς
3191 1248 3359 1320 ἔφθην
3388 1251 3580 1318 εἰπὼν,

1908 1328 2004 1380 καὶ
2038 1330 2112 1400 μὴ
2136 1330 2394 1400 δικαστήν
2419 1345 2431 1358 ⁶
2461 1331 2692 1384 αἰδεῖται
2731 1334 2839 1404 γάρ
2876 1335 2904 1386 ὁ
2948 1333 3230 1407 χρεώστης
3276 1337 3366 1391 τὸν
3403 1339 3584 1395 δανεί-

1910 1432 2100 1480 σαντα,
2148 1419 2380 1472 αἰδεῖται
2444 1419 2608 1472 αύτὸν
2650 1421 2745 1474 καὶ
2803 1421 3149 1477 δυσωπεῖται.
3203 1422 3329 1477 Ἑάν
3374 1425 3581 1498 ἀπέλθῃ

1905 1503 2187 1577 δανειστὴς
2215 1508 2295 1570 εἰς
2324 1507 2493 1577 θύραν
2522 1507 2818 1578 χρεώστου,
2855 1509 2949 1563 ἐάν
2999 1510 3097 1580 μὲν
3188 1510 3412 1583 ἄπορος,
3450 1513 3584 1582 φεύ-

1907 1609 1994 1658 γει
2019 1610 2032 1623 ο
2069 1593 2164 1646 ἐὰν
2208 1594 2264 1646 δὲ
2301 1593 2551 1664 εὔπορος,
2611 1595 2749 1664 μετά
2789 1597 3103 1668 παρρησίας
3141 1598 3354 1667 δέχεται
3397 1601 3581 1654 αὐτόν.

1909 1679 2052 1751 ’Ὀρα
2103 1681 2160 1734 δέ
2209 1699 2300 1752 μοι
2336 1685 2431 1736 καὶ
2461 1683 2647 1755 ἕτερον
2698 1683 2884 1754 θαῦμα
2917 1685 3011 1737 τοῦ
3043 1685 3252 1738 δικαίου
3298 1687 3487 1757 κριτοῦ
3519 1690 3584 1740 ἐκ

1907 1768 2015 1823 τῶν
2041 1768 2394 1839 ἀνθρωπίνων
2419 1771 2852 1841 παρατιθέμενον
2873 1785 2886 1800 °
2912 1772 3006 1825 ἐάν
3043 1791 3148 1825 τινι
3177 1774 3234 1826 ἐν
3261 1773 3422 1845 πενίᾳ
3454 1775 3587 1828 καθ-

1907 1855 2102 1910 εστῶτι
2139 1857 2408 1929 δανείσῃς,
2451 1857 2690 1930 προέλθῃ
2725 1857 2780 1910 δὲ
2817 1859 2896 1923 εἰς
2930 1859 3183 1930 εὐθηνίαν
3206 1861 3235 1912 ὁ
3271 1860 3587 1932 δανεισάμεο

1907 1961 2016 2007 νος,
2047 1945 2140 1998 καὶ
2171 1943 2392 2015 δύνηταί
2429 1961 2510 1998 σοι
2542 1945 2726 1998 λοιπὸν
2753 1946 3044 1999 ἀποδοῦναι
3069 1947 3130 2000 τὸ
3166 1947 3347 2018 χρέος,
3385 1948 3584 2003 λανθά-

1906 2049 1986 2084 νει
2025 2031 2150 2094 τοὺς
2193 2032 2441 2095 πολλοὺς,
2489 2032 2584 2084 καὶ
2632 2033 2990 2097 ἀποδίδωσιν,
3025 2034 3111 2086 ἵνα
3147 2035 3220 2106 μὴ
3261 2034 3584 2106 αἰσχύνηται

1905 2120 2000 2172 ἐπὶ
2033 2123 2098 2190 τῇ
2130 2120 2372 2191 προτέρᾳ
2396 2121 2726 2174 καταστάσει
2746 2137 2758 2149 ·
2793 2123 2886 2174 καὶ
2919 2121 3147 2193 χάριτας
3184 2123 3282 2193 μὲν
3311 2124 3581 2192 ὁμολογεῖ,

1907 2205 2137 2278 κρύπτει
2162 2207 2218 2259 δὲ
2240 2206 2338 2277 τὴν
2364 2208 2706 2278 εὐεργεσίαν,
2734 2207 2832 2278 τὴν
2866 2208 3135 2278 προτέραν
3161 2208 3367 2263 ἔνδειαν
3389 2212 3584 2280 αἰσχυ-

1905 2295 2145 2366 νόμενος.
2165 2295 2222 2347 ’0
2246 2295 2302 2348 δὲ
2331 2296 2461 2360 Θεὸς
2479 2295 2575 2365 οὐχ
2603 2295 2744 2349 οὕτω
2770 2299 2929 2361 ποιεῖ,
2956 2297 3105 2370 [540]
3124 2297 3238 2350 ἀλλ’
3265 2300 3324 2353 ἐν
3351 2299 3582 2371 κρυπτῷ

1903 2380 2311 2453 δανειζόμενος,
2345 2383 2627 2455 παρρησίᾳ
2655 2383 2715 2436 τὸ
2752 2384 2912 2455 χρέος
2941 2384 3286 2439 ἀποδίδωσιν.
3321 2387 3451 2440 Ὅτε
3481 2388 3582 2458 μὲν

1903 2467 2015 2538 γὰρ
2047 2467 2334 2539 λαμϐάνει,
2378 2468 2466 2522 διὰ
2511 2467 2883 2539 λανθανούσης
2934 2469 3305 2542 ἐλεημοσύνης
3335 2488 3349 2502 °
3395 2473 3484 2526 ὅτε
3524 2472 3582 2526 δὲ

1903 2555 2248 2616 ἀποδίδωσιν,
2292 2557 2378 2608 ἐπ’
2409 2555 2564 2624 ὂψεσι
2600 2555 2780 2626 πάσης
2803 2557 2901 2626 τῆς
2927 2555 3284 2628 δημιουργίας
3318 2559 3581 2613 ἀποδίδω-

1907 2661 2012 2698 σιν.
2055 2644 2194 2697 Ἀλλ’
2225 2646 2342 2716 ἐρεῖ
2371 2661 2455 2708 τις
2485 2645 2614 2708 ἴσως
2635 2660 2648 2674 °
2680 2644 2778 2698 Διά
2809 2644 2860 2697 τί
2887 2643 2944 2698 δὲ
2973 2644 3109 2708 ὃλως
3136 2645 3324 2718 ὥσπερ
3355 2647 3479 2717 ἐμοὶ
3505 2647 3582 2718 τῷ

1904 2733 2145 2804 πλουσίῳ
2174 2733 2426 2795 δέδωκεν,
2455 2732 2576 2803 οὐχὶ
2604 2732 2698 2784 καὶ
2723 2730 2801 2801 τῷ
2828 2731 3022 2802 πένητι
3057 2733 3458 2805 παραπλησίως
3491 2734 3578 2787 δέ·

1902 2819 2111 2886 δωκεν;
2165 2819 2418 2873 Ἐδύνατο
2453 2821 2550 2890 μὲν
2583 2821 2675 2873 καὶ
2720 2819 2803 2872 σοὶ
2850 2819 3036 2874 δοῦναι
3082 2820 3319 2891 ὁμοίως,
3373 2821 3468 2874 καὶ
3503 2821 3583 2892 τῷ

1905 2909 2121 2980 πένητι,
2152 2907 2270 2960 ἀλλ’
2298 2907 2398 2960 οὐκ
2438 2907 2706 2977 ἠθέλησεν
2752 2905 2875 2960 οὔτε
2918 2907 3011 2959 σοῦ
3043 2907 3291 2979 ἄκαρπον
3319 2905 3458 2963 εἶναι
3491 2909 3582 2962 τὸν

1905 2995 2156 3057 πλοῦτον,
2184 2993 2306 3047 οὔτε
2329 2995 2536 3048 ἐκείνου
2565 2993 2796 3065 ἄμισθον
2816 2997 2915 3066 τὴν
2947 2995 3160 3052 πενίαν.
3193 2997 3285 3049 Σοὶ
3315 2997 3394 3066 τῷ
3414 2997 3580 3049 πλου-

1903 3082 2084 3137 τοῦντι
2110 3081 2312 3134 δέδωκε
2346 3081 2598 3134 πλουτεῖν
2639 3081 3009 3154 ἐλεημοσύνῃ,
3043 3083 3137 3137 καὶ
3170 3082 3488 3154 σκορπίζειν
3522 3085 3581 3136 ἐν

1902 3168 2244 3238 δικαιοσύνῃ’
2285 3168 2644 3235 Ἐσκόρπισε
2675 3167 2784 3238 γάρ
2803 3184 2816 3197 ·
2847 3168 3033 3222 ἔδωκε
3060 3167 3186 3234 τοῖς
3211 3169 3472 3236 πένησιν
3495 3188 3509 3202 ο
3541 3171 3581 3240 ἡ

1903 3257 2265 3324 δικαιοσύνη
2295 3256 2480 3310 αὑτοῦ
2511 3255 2681 3324 μένει
2713 3258 2801 3320 είς
2831 3255 2938 3308 τὸν
2978 3257 3182 3310 αἰῶνα.
3228 3258 3408 3327 Ὁρᾷς,
3444 3257 3525 3310 ὅτι
3552 3259 3582 3309 ὁ

1906 3346 2160 3408 πλούσιος
2197 3347 2262 3398 ἐκ
2308 3345 2406 3414 τῆς
2452 3344 2822 3416 ἐλεημοσύνης
2854 3345 3174 3415 θησαυρίζει
3222 3343 3575 3416 δικαιοσύνην

1910 3433 2129 3488 αἰώνιον
2155 3450 2170 3499 ;
2199 3433 2304 3504 ὅρα
2350 3432 2511 3486 πάλιν
2562 3431 2656 3486 καὶ
2686 3431 2778 3486 τὸν
2825 3432 3030 3503 πένητα
3049 3447 3062 3459 ·
3112 3431 3298 3501 ἐπειδὴ
3327 3432 3428 3484 οὑκ
3460 3430 3574 3501 ἔχει

1912 3521 2162 3583 πλοῦτον,
2192 3513 2236 3588 ᾧ
2267 3520 2583 3591 ἐργάσηται
2633 3517 3000 3590 δικαιοσύνην,
3031 3518 3143 3589 ἔχει
3181 3518 3391 3583 πενίαν,
3416 3517 3476 3583 ἐξ
3511 3513 3580 3591 ἧς

1911 3609 2215 3681 καρποῦται
2251 3607 2527 3678 ὑπομονὴν
2571 3606 2786 3660 αἰώνιον
2809 3623 2825 3639 ο
2866 3607 2934 3661 Ἦ
2980 3607 3090 3679 γάρ
3136 3605 3410 3674 ὑπομονὴ
3458 3604 3581 3659 τῶν

1909 3697 2185 3766 πενήτων
2220 3698 2332 3750 οὐκ
2374 3695 2683 3750 ἀπολεῖται
2733 3697 2820 3762 είς
2860 3695 2966 3748 τὸν
3015 3693 3229 3747 αἰῶνα·
3264 3695 3322 3746 ἐν
3359 3692 3580 3766 Χριστῷ

1901 3787 1980 3858 τῷ
2029 3785 2220 3858 Κυρίῳ
2251 3783 2429 3855 ἡμῶν,
2483 3776 2528 3851 ᾧ
2557 3785 2590 3854 ἡ
2623 3781 2748 3848 δόξα
2780 3785 2860 3846 είς
2903 3783 3028 3845 τοὺς
3075 3781 3277 3844 αἰῶνας
3305 3780 3414 3834 τῶν
3445 3780 3577 3836 αἰώ-

1905 3892 2030 3927 νων.
2077 3874 2248 3944 ’Λμήν
3039 3863 3052 3876 ’

1556 4213 1716 4267 ΠΕΡΙ
1751 4208 2169 4266 ΜΕΤΑΝΟΙΛΣ.

809 4453 1043 4522 Ὀμιλία
1073 4457 1147 4519 η’.

195 4551 266 4602 α’.
291 4544 356 4599 Εἰ
385 4542 478 4597 καὶ
502 4542 628 4614 χθὲς
655 4540 808 4613 ὑμῶν
838 4540 1193 4610 ἀπελείφθην,
1230 4537 1344 4591 ἀλλ’
1370 4537 1468 4607 οὐχ
1498 4537 1656 4600 ἐκὼν,
1684 4523 1799 4588 ἀλλ’

125 4633 524 4704 ἀναγκασθείςο
563 4631 898 4701 ἀπελείφθην
944 4629 1000 4683 δέ
1035 4627 1289 4700 σώματι,
1331 4627 1392 4679 οὐ
1431 4624 1658 4696 γνώμῃ·
1697 4624 1804 4678 ἀπ-

125 4723 386 4794 ελείφθην
413 4721 650 4793 ἀπουσίᾳ
672 4719 893 4791 σαρκὸς,
921 4717 984 4770 οὐ
1003 4717 1242 4770 διαθέσει
1271 4712 1530 4776 διανοίας.
1558 4710 1671 4766 Καὶ
1693 4709 1803 4782 γὰρ

125 4809 591 4882 περιεπλεκόμην,
639 4807 776 4879 πρὸς
822 4806 851 4859 ὃ
882 4804 1175 4875 ἐδυνάμην,
1216 4801 1464 4864 ἅπαντας
1500 4799 1666 4870 ὑμᾶς,
1709 4799 1804 4852 καὶ

125 4899 220 4952 ἐπὶ
240 4899 343 4967 τῆς
369 4894 836 4966 διαωίαςέφερον.
861 4892 1051 4956 Πάλιν,
1080 4889 1320 4977 ἀδελφοὶ,
1341 4887 1440 4959 τὴν
1471 4884 1803 4977 πρόσκαιρον

122 4963 332 5052 ταύτην
358 4981 514 5036 νόσον
540 4963 832 5050 παρέντες,
867 4973 1274 5047 περισσοτέρως
1303 4963 1721 5038 ἐσπουδάσαμεν
1743 4963 1804 5019 τὸ

123 5070 420 5142 πρόσωπον
443 5080 469 5109 ι
499 5067 655 5138 ὑμῶν
688 5065 843 5119 ἰδεῖν·
870 5064 949 5117 ἔτι
989 5062 1098 5134 γὰρ
1128 5061 1200 5114 τά
1239 5058 1468 5128 λείψανα
1495 5057 1594 5124 τῆς
1623 5055 1805 5126 ἀρρω-

127 5159 282 5223 στίας
310 5156 448 5225 ἔχων
483 5155 716 5225 ἔδραμον
743 5152 878 5223 πρὸς
909 5151 1010 5223 τὴν
1043 5147 1316 5221 ὑμετέραν
1339 5145 1579 5214 ἀγάπην.
1609 5143 1673 5196 Οἱ
1705 5142 1789 5212 μὲν

128 5245 236 5318 γὰρ
266 5241 677 5316 ἀρρωστοῦντες
704 5240 905 5312 λουτρά
938 5239 1034 5293 καὶ⁵
1071 5237 1326 5309 βαλανεῖα
1356 5231 1656 5318 [μετάᾼτῆν
1687 5230 1806 5318 ἀὲ·

129 5315 407 5402 ῥωνστίαν]
443 5326 695 5402 ζητοῦσιν
716 5344 730 5359 ο
760 5327 871 5397 ἐγὼ
901 5326 958 5380 δέ
983 5325 1052 5380 τὰ
1083 5321 1392 5392 ποθούμενα
1441 5315 1595 5389 ὑμῶν
1634 5315 1804 5387 πρόσο

126 5401 254 5472 ωπα
287 5415 436 5482 ἀξιον
457 5415 750 5488 ἡγησάμην
781 5415 810 5456 ιι
841 5412 1160 5476 θεάσασθαι,
1191 5410 1286 5465 καὶ
1313 5406 1412 5480 τὴν
1439 5401 1803 5476 ὀφειλομένην

130 5506 428 5577 ἐπιθυμίαν
470 5505 570 5576 τῆς
615 5504 933 5576 ἀκροάσεως
974 5497 1402 5573 ἀποπληρῶσαι,
1449 5494 1514 5549 τὸ
1563 5491 1804 5561 πέλαγος

126 5595 288 5650 τοῦτο
316 5595 377 5649 τὸ
412 5593 574 5664 μέγα,
609 5595 704 5648 καὶ
736 5593 915 5663 ἀλμην
941 5591 1042 5645 οὐκ
1073 5589 1218 5660 ἔχον,
1240 5587 1340 5658 τὴν
1369 5583 1642 5638 θάλατταν
1671 5578 1803 5634 ταύ-

125 5701 224 5756 την
267 5683 366 5754 τὴν
417 5683 674 5753 κυμάτων
730 5677 1180 5751 ἀπηλλαγμένην.
1228 5670 1435 5728 Ἦλθον
1489 5669 1645 5741 ὑμῶν
1703 5666 1801 5741 τὴν

127 5774 366 5846 ἄρουραν
408 5771 506 5842 τὴν
539 5767 959 5839 κεκαθαρμένην
991 5765 1138 5819 ίδείν.
1169 5763 1268 5826 Τίς
1306 5761 1417 5833 γὰρ
1448 5757 1694 5822 τοιοῦτος
1722 5756 1802 5810 λι-

191 5863 218 5892 ⁸
233 5861 300 5908 Sa
308 5859 390 5920 VII.
411 5859 472 5905 τὰ
490 5859 741 5920 πρόσωπα.

190 5924 219 5965 b
241 5907 322 5970 Sic
349 5919 498 5967 Savil.
530 5907 701 5967 Morel.
743 5929 861 5966 vero
903 5914 1010 5971 ἀξια
1031 5913 1306 5977 ἡγησαίμην.
1346 5907 1478 5960 Infra
1519 5919 1609 5971 pro
1640 5907 1801 5970 λιμήν,

135 5985 262 6048 quod
281 5981 431 6033 habet
452 5981 592 6042 Begu
625 5979 744 6029 edit.
771 5977 960 6040 λειμών.

1910 4438 2038 4510 μὴν,
2073 4430 2185 4499 οἶος
2217 4435 2251 4505 ἡ
2294 4431 2622 4503 Ἐκκλησίας
2660 4429 2745 4494 τίς
2783 4428 3021 4492 τοιοῦτος
3059 4428 3403 4500 παράδεισος,
3440 4428 3516 4492 ὼς
3543 4429 3577 4499 ἡ

1905 4524 2120 4587 σύνοδος
2162 4526 2194 4592 ἠ
2248 4520 2524 4592 ὑμετέρα;
2573 4519 2688 4572 Οὐκ
2732 4515 2880 4569 ἔστιν
2923 4515 3156 4568 ἐνταῦθα
3193 4515 3316 4584 ὄφις
3349 4514 3571 4568 ἐπιϐου-

1901 4612 2096 4677 λεύων,
2143 4609 2258 4664 ἀλλ’
2303 4609 2331 4661 ὁ
2371 4605 2608 4680 Χριστὸς
2657 4603 3066 4675 μυσταγωγῶν·
3124 4603 3222 4655 οὐκ
3272 4602 3417 4656 ἔστιν
3455 4599 3569 4655 Εὗα

1903 4696 2366 4762 ὑποσκελίζουσα,
2418 4693 2532 4748 ἀλλ’
2573 4693 2606 4764 ἡ
2645 4691 2941 4761 Ἐκκλησία
2979 4687 3214 4761 ὀρθοῦσα
3241 4706 3256 4722 ο
3293 4689 3392 4742 οὐκ
3427 4688 3578 4742 ἔστιν

1901 4784 2136 4841 ἐνταῦθα
2170 4781 2343 4852 φύλλα
2374 4780 2626 4851 δένδρων,
2661 4778 2775 4832 ἀλλ’
2801 4780 2830 4832 ὁ
2861 4777 3070 4848 καρπὸς
3098 4775 3192 4828 τοῦ
3237 4775 3576 4846 πνεύματοςο

1901 4875 2001 4928 οὐκ
2039 4871 2186 4926 ἔστιν
2225 4867 2458 4922 ἐνταῦθα
2488 4865 2741 4938 φραγμδς
2775 4862 3046 4927 ἀκανθῶν,
3079 4861 3194 4916 ἀλλ’
3225 4861 3467 4933 ἄμπελος
3490 4862 3577 4915 εὐ-

1903 4959 2159 5032 θηνοῦσα.
2207 4955 2331 5010 Ἐἀν
2359 4955 2416 5008 δὲ
2459 4951 2700 5008 ἄκανθαν
2729 4950 2895 5024 εὕρω,
2928 4952 3008 5014 είς
3040 4949 3224 5004 ἐλαίαν
3255 4947 3574 5020 μεταφέρωο

1900 5049 1960 5102 οὐ
1991 5048 2099 5118 γὰρ
2119 5044 2323 5116 ἀπορίᾳ
2347 5043 2562 5113 φύσεως
2583 5039 2652 5094 τά
2672 5039 2926 5104 ἐνταῦθα,
2949 5038 3063 5092 ἀλλ’
3083 5035 3366 5108 ἐλευθερίᾳ
3391 5049 3580 5105 προαι-

1903 5136 2106 5204 ρέσεως
2129 5134 2451 5204 τετίμηταιο
2491 5130 2588 5184 ἐὰν
2611 5130 2669 5183 δέ
2708 5128 2871 5182 λύκον
2911 5127 3074 5199 εὕρω,
3112 5125 3382 5194 πρόϐατον
3412 5120 3574 5186 ποιῶ,

1897 5221 2092 5294 αὐτὴν
2141 5221 2306 5290 φύσιν
2338 5216 2713 5290 μεταϐάλλων,
2754 5215 2888 5269 ἀλλά
2925 5213 3022 5284 τὴν
3050 5211 3369 5283 προαίρεσιν
3406 5221 3575 5278 μεταο

1901 5313 2102 5384 φέρων.

1972 5417 2072 5472 Διά
2095 5413 2253 5470 τοῦτο
2286 5414 2387 5467 οὐκ
2414 5412 2480 5467 ἀν
2512 5411 2749 5483 άμάρτοι
2781 5426 2862 5471 τις
2899 5407 2997 5477 τῆς
3027 5402 3260 5458 κιϐωτοῦ
3296 5401 3394 5473 τὴν
3445 5401 3575 5456 Ἐκ.

1901 5505 2129 5578 κλησίαν
2159 5501 2382 5576 μείζονα
2423 5497 2755 5573 προσειπών.
2802 5496 2866 5549 Ἦ
2891 5494 2991 5565 μὲν
3021 5491 3132 5564 γὰρ
3169 5487 3578 5578 κιϐωτὸςπαρ-

1901 5574 2172 5668 ελάμσανε
2203 5590 2275 5646 τά
2307 5589 2453 5658 ζῶα,
2485 5587 2580 5643 καὶ
2622 5583 2887 5656 ἐφύλαττε
2920 5579 3064 5646 ζῶα,
3110 5580 3145 5651 ὴ
3282 5574 3576 5643 Ἐκκλησία

1906 5660 2325 5757 παραλαμϐάνει
2361 5677 2432 5732 τά
2476 5676 2595 5744 ζῶα
2626 5673 2721 5728 καὶ⁵
2762 5669 3109 5757 μεταϐάλλει.
3147 5660 3274 5724 Οἷόν
3304 5681 3359 5757 τι
3391 5668 3534 5757 λέγω
3557 5678 3575 5696 ⁸

1907 5754 2172 5842 Εἰσῆλθεν
2205 5769 2320 5822 ἐκεῖ
2349 5763 2523 5837 ἱέραξ,
2553 5763 2648 5817 καὶ
2672 5759 2893 5833 ἐξῆλθεν
2928 5756 3114 5830 ἱέραξο
3153 5756 3371 5828 εἰσῆλθε
3394 5754 3578 5842 λύκος,

1909 5861 2004 5916 καὶ
2028 5840 2216 5928 ἐξῆλθε
2244 5852 2408 5916 λύκος
2431 5869 2446 5884 ο
2482 5848 2698 5920 εἰσῆλθέ
2729 5865 2814 5912 τις
2847 5845 2996 5919 ἱέραξ
3027 5845 3283 5910 ἐνταῦθα,
3316 5843 3409 5897 καὶ
3435 5840 3578 5910 ἐξέρ-

1910 5965 2060 6021 χεται
2091 5940 2423 6016 περιστερά·
2467 5937 2774 6008 εἰσέρχεται
2801 5934 2994 6000 λύκος,
3027 5935 3121 5987 καὶ
3150 5931 3424 6000 ἐξέρχεται
3451 5929 3579 5996 πρό-
