3906 6224
370 403 476 458 537

372 519 570 573 ϐάτον·
605 517 908 588 εἰσέρχεται
946 517 1088 584 ὄφις,
1125 516 1217 568 καὶ
1253 513 1402 585 [3-H]
1436 513 1713 584 ἐξέρχεται
1742 513 1950 584 ἀρνίον,
1981 513 2040 564 ού

373 606 470 676 τῆς
513 604 727 675 φύσεως
761 602 1253 675 μεταϐαλλομένης,
1285 602 1420 654 ἀλλὰ
1460 602 1562 670 τῆς
1606 600 1801 662 κακίας
1826 600 2043 653 ἐλαυνο-

376 693 562 763 μένης.
613 692 711 745 Διά
752 691 910 744 τοῦτο
964 688 1202 760 συνεχῶς
1251 689 1344 741 τὸν
1400 690 1529 761 περὶ
1572 689 1858 759 μετανοίας
1910 687 2045 741 κινῶ

371 781 548 850 λόγον.
568 783 631 834 ’Π
655 781 762 850 7&9
786 779 1062 850 μετάνοια,
1093 777 1239 848 δεινὴ
1261 778 1356 831 καὶ
1383 776 1588 848 φοϐερά
1617 776 1694 848 τῷ
1714 775 2041 848 ἁμαρτωλῷ,

373 869 662 939 φάρμακον
687 866 794 918 τῶν
815 864 1324 936 πλημμελημάτων,
1353 865 1646 936 δαπάνημα
1669 865 1776 917 τῶν
1806 881 2044 936 παρανο-

375 956 533 1025 μιῶν,
557 954 816 1024 ἀνάλωμα
843 952 950 1006 τῶν
979 951 1250 1023 δακρύων,
1293 952 1573 1023 παρρησία
1608 953 1744 1022 πρὸς
1764 951 1855 1005 τὸν
1885 952 2040 1015 Θεὸν,

370 1043 532 1095 ὅπλον
570 1042 711 1094 κατὰ
742 1041 834 1093 τοῦ
872 1040 1117 1094 διαϐόλου
1137 1079 1150 1102 ,
1185 1041 1429 1111 μάχαιρα
1463 1039 1846 1110 ἀποτέμνοντα
1877 1037 2040 1091 αὐτοῦ

369 1131 468 1200 τὴν
495 1129 754 1199 κεφαλὴν,
783 1128 1052 1200 σωτηρίας
1074 1127 1250 1191 ἐλπὶς,
1279 1128 1640 1195 ἀπογνώσεως
1671 1127 1951 1198 ἀναίρεσις
1978 1140 2004 1167 ε
2024 1143 2038 1156 ·

370 1217 509 1289 αῦτη
537 1218 628 1270 τὸν
663 1217 891 1288 οὐρανὸν
917 1218 1156 1286 ἀνοίγει,
1187 1215 1324 1287 αῦτη
1361 1217 1439 1277 εἰς
1462 1216 1552 1268 τὸν
1587 1215 1912 1286 παράδεισον
1938 1217 2043 1268 εἰσ-

368 1306 514 1372 άγει,
542 1303 682 1374 αῦτη
711 1304 804 1356 τοῦ
834 1304 1078 1358 διαϐόλου
1111 1303 1452 1375 περιγίνεται
1486 1303 1606 1371 (διὰ
1643 1303 1706 1373 δὴ
1731 1301 1889 1355 τοῦτο
1919 1319 2042 1355 συν-

370 1392 510 1463 εχῶς
533 1393 623 1445 τὸν
667 1393 795 1463 περὶ¹
832 1391 1020 1445 τούτου
1055 1392 1189 1445 κινῶ
1219 1391 1438 1460 λόγον),
1477 1390 1666 1460 ὥσπερ
1704 1391 1798 1442 καὶ⁹
1822 1390 1881 1442 τὸ
1907 1389 2041 1460 θαῤ-

372 1483 484 1550 ῥεῖν
511 1483 654 1533 ποιεῖ
683 1480 1154 1543 ὑποσκελίζεσθαι.
1187 1477 1535 1550 Ἀμαρτωλὸς
1561 1477 1640 1540 εἷς
1663 1478 1736 1548 μή
1757 1478 2008 1549 ἀπογνῴς
2025 1494 2038 1508 ·

368 1570 428 1621 οὐ
457 1568 700 1637 παύομαι
728 1567 964 1638 συνεχῶς
995 1568 1166 1619 ταῦτα
1198 1565 1505 1634 ἐπαλείφων
1535 1565 1603 1618 τὰ
1629 1566 1922 1636 φάρμακα·
1949 1566 2042 1619 καλ¹

368 1656 478 1728 γάρ
515 1652 632 1708 οἶδα
672 1655 857 1727 ἡλίκον
906 1654 1069 1708 ὅπλον
1108 1655 1224 1707 ἐστὶ
1258 1654 1399 1707 κατὰ
1453 1653 1547 1706 τοῦ
1583 1653 1833 1706 διαϐόλου
1873 1655 1932 1707 τὸ
1966 1657 2039 1724 μὴ

367 1743 763 1813 ἀπογινώσκειν
785 1745 947 1814 ὑμᾶς.
971 1747 1066 1796 Ἂν
1083 1743 1212 1814 ἔχῃς
1229 1743 1620 1812 ἁμαρτήματα,
1650 1742 1722 1813 μὴ
1753 1742 2004 1812 ἀπογνῷς
2024 1759 2036 1771 ·

369 1833 432 1884 οὐ
471 1831 713 1901 παύομαι
755 1831 928 1885 ταῦτα
979 1831 1218 1900 συνεχῶς
1266 1830 1438 1897 λέγων
1465 1844 1479 1858 '
1517 1828 1616 1882 κᾶν
1657 1829 1778 1882 καθ’
1827 1829 2040 1900 ἡμέραν

357 1919 724 1990 κάμαρτάνῃς,
779 1917 897 1971 καθ’
940 1917 1153 1988 ἡμέραν
1200 1916 1447 1987 μετανόει
1471 1933 1486 1948 ⁸
1525 1918 1618 1969 καὶ
1659 1917 1795 1987 ὅπερ
1833 1919 1890 1969 ὲν
1921 1919 2041 1980 ταῖς

365 2008 628 2070 παλαιαῖς
682 2006 940 2076 ποιοῦμεν
977 2005 1194 2069 οἰκίαις,
1230 2006 1357 2058 ὅταν
1394 2001 1769 2075 σαθρωθῶσιν,
1820 2003 2042 2068 ὑπεξαι-

370 2092 612 2164 ρούμεθα
649 2093 715 2145 τὰ
766 2092 1188 2162 σεσαθρωμένα,
1239 2092 1334 2144 καὶ
1381 2091 1545 2144 καινὰ
1581 2090 2037 2160 ἐπισκευάζομεν,

369 2184 465 2236 καὶ
505 2182 759 2235 οὐδέποτε
809 2182 1064 2252 συνεχοῦς
1129 2181 1449 2253 ἐπιμελείας
1480 2179 1948 2251 ὲπιλανθανόμεθα
1973 2181 2000 2220 δ
2024 2197 2037 2211 '

368 2271 527 2324 τοῦτο
555 2272 648 2324 καὶ
698 2273 754 2323 ἐν
786 2272 914 2341 ήμῖν
946 2270 1185 2341 ποιῶμεν
1221 2281 1267 2322 ε.
1303 2271 1365 2323 Et
1414 2269 1756 2341 ἐπαλαιώθης
1804 2271 2042 2340 σήμερον

355 2359 478 2413 -ἀπὺ
504 2361 603 2430 τῆς
639 2359 933 2430 ἁμαρτίας,
969 2358 1317 2412 ἁνακαίνισον
1355 2358 1582 2410 σεαυτὸν
1616 2357 1724 2410 ἀπὸ
1753 2358 1849 2428 τῆς
1878 2373 2041 2425 μετα-

357 2447 536 2511 ’νοίας.
563 2449 673 2500 Καὶ
702 2447 801 2512 ἔνι,
834 2447 988 2516 φησὶ,
1021 2447 1430 2517 μετανοήσαντα
1462 2446 1732 2516 σωθῆναι;
1763 2446 1870 2497 Καὶ
1901 2445 2040 2498 πάνυ

368 2533 469 2588 ενι.
494 2534 680 2587 Πάντα
709 2534 798 2587 τὸν
833 2533 944 2603 βίον
981 2535 1037 2584 ἐν
1069 2533 1367 2603 ἁμαρτίαις
1393 2532 1660 2602 διέτριψα,
1702 2533 1796 2584 καὶ
1826 2532 1920 2584 ἐὰν
1953 2548 2046 2602 με-

353 2621 638 2690 -τανοήσω,
678 2620 956 2689 σώζομαι;
992 2619 1162 2672 Πάνυ.
1203 2618 1373 2672 Πόθεν
1412 2619 1610 2688 δῆλον;
1662 2617 1792 2670 Ἀπὸ
1823 2619 1921 2689 τῆς
1948 2617 2039 2672 τοῦ

369 2707 642 2760 Δεσπότου
682 2725 772 2761 σου
818 2705 1246 2776 φιλανθρωπίας.
1293 2705 1384 2776 Μὴ
1412 2706 1521 2777 γὰρ
1553 2709 1619 2776 τῇ
1661 2706 1917 2776 μετανοίᾳ
1945 2723 2038 2759 σου

355 2795 588 2867 ·θαῤ’ῥῶ;
633 2796 706 2867 μὴ
725 2797 842 2867 γὰρ
881 2797 914 2865 ἡ
966 2794 1226 2866 μετάνοιά
1265 2806 1359 2847 σου
1409 2793 1583 2864 ἰσχύει
1627 2794 1864 2847 τοσαῦτα
1893 2793 2040 2848 κακὰ

370 2884 826 2956 ἁποσμήξασθαι;
851 2885 914 2938 Εἰ
941 2885 972 2954 ή
1000 2881 1259 2953 μετάνοια
1290 2881 1422 2952 μόνη
1445 2878 1534 2951 ἦν,
1558 2881 1781 2944 εἰκότως
1807 2882 2004 2950 ἐφοϐοῦ
2029 2905 2042 2919 ·

369 2969 560 3042 ἐπειδὴ
591 2971 646 3023 δὲ
679 2973 745 3042 τῇ
789 2970 1049 3041 μετανοίᾳ
1079 2969 1408 3041 κεράννυται
1449 2968 1584 3021 Θεοῦ
1617 2968 1997 3040 φιλανθρωπία
2021 2989 2047 3031 ,’

351 3058 565 3130 ’θάρρει
587 3077 600 3090 ·
629 3057 763 3112 Θεοῦ
792 3058 902 3128 7&9
926 3055 1335 3128 φιλανθρωπίας
1373 3056 1569 3126 μέτρον
1596 3057 1695 3108 οὐκ
1718 3056 1886 3119 ἐστιν,
1923 3056 2044 3110 ούόἐ

370 3145 515 3217 λόγῳ
544 3147 942 3218 ἑρμηνευθῆναι
967 3146 1190 3199 δύναται
1220 3143 1386 3200 αὐτοῦ
1424 3143 1457 3214 ἡ
1497 3144 1788 3216 ἀγαθότης.
1834 3145 1898 3196 Ἠ
1943 3145 2042 3214 μὲν

262 3289 274 3308 κ
372 3235 481 3305 7&9
508 3233 574 3305 σὴ
607 3235 777 3288 κακία
813 3234 1008 3305 μέτρον
1033 3234 1168 3304 ἔχει,
1197 3234 1258 3286 τὸ
1296 3233 1353 3286 δὲ
1384 3232 1676 3304 φάρμακον
1711 3233 1910 3303 μέτρον
1943 3231 2042 3284 οὐκ

371 3321 484 3392 ἔχει
507 3337 521 3352 ο
549 3324 582 3391 ἡ
621 3323 688 3393 σὴ
717 3321 883 3376 κακία
911 3323 997 3374 οἶα
1019 3321 1112 3375 ἐὰν
1144 3317 1200 3394 ᾖ,
1233 3321 1546 3393 ἀνθρωπίνη
1579 3321 1696 3373 ἐστὶ
1717 3320 1902 3384 κακία,
1927 3321 1960 3389 ή
1985 3319 2042 3372 δὲ

370 3409 465 3462 τοῦ
495 3408 629 3462 Θεοῦ
669 3408 1048 3480 φιλανθρωπία
1086 3409 1290 3478 ἁφατος
1317 3407 1344 3448 ἀ
1367 3425 1380 3438 ’
1418 3409 1512 3461 καὶ
1543 3408 1753 3478 θάρρει,
1783 3408 1864 3459 ὅτι
1891 3423 2044 3478 περι-

371 3495 580 3564 γίνεται
613 3513 706 3548 σου
733 3497 830 3566 τῆς
858 3497 1075 3558 κακίας.
1108 3495 1390 3566 Ἐννόησον
1411 3493 1681 3566 σπινθῆρα
1704 3495 1782 3557 εἰς
1808 3493 2042 3562 πέλαγος

361 3583 681 3653 ἐμπεσόντα
705 3600 718 3614 ο
756 3583 828 3652 μὴ
853 3582 1075 3636 δύναται
1106 3582 1298 3651 στῆναι
1325 3583 1356 3652 ἢ
1381 3583 1614 3652 φανῆναι
1644 3598 1658 3646 ;
1699 3583 1862 3634 Ὅσον
1889 3599 2042 3634 σπιν-

351 3669 478 3739 ·’θὴρ
509 3668 646 3739 πρὸς
675 3668 932 3736 πέλαγος,
963 3667 1218 3720 τοσοῦτον
1267 3667 1436 3721 κακία
1482 3667 1617 3736 πρὸς
1645 3667 1744 3737 τὴν
1773 3666 1867 3719 τοῦ
1906 3666 2042 3720 Θεοῦ

377 3755 814 3827 φιλανθρωπίαν
872 3755 1070 3826 μᾶλλον
1106 3754 1161 3807 δὲ
1205 3755 1324 3807 οὐδὲ
1373 3753 1643 3816 τοσοῦτον,
1691 3753 1827 3806 ἀλλὰ
1864 3753 2042 3824 πολλῷ

375 3844 558 3898 πλέον.
594 3843 666 3896 Τὸ
698 3845 795 3914 μὲν
837 3842 945 3915 7&9
991 3842 1246 3911 πέλαγος,
1285 3841 1387 3896 κᾶν
1424 3841 1562 3911 μέγα
1582 3836 1638 3915 ᾖ,
1669 3841 1863 3913 μέτρον
1891 3841 2037 3912 ἔχει’

374 3935 413 4006 ἡ
437 3933 494 3987 δὲ
521 3933 611 3986 τοῦ
646 3931 780 3986 Θεοῦ
809 3931 1185 4004 φιλανθρωπία
1213 3932 1614 4002 ἀπεριόριστος.

446 4021 631 4075 Ταῦτα
649 4021 810 4090 λέγω,
845 4022 942 4090 οὐχ
968 4021 1054 4073 ἵνα
1086 4020 1229 4090 ὑμᾶς
1262 4019 1664 4090 ρᾳθυμοτέρους
1697 4017 2037 4088 ἐργάσωμαι,

373 4110 593 4165 ἀλλ’ἵνα
626 4110 1071 4180 σπουδαιοτέρους
1095 4109 1444 4178 καταστήσω.
1476 4106 1764 4178 Παρῄνεσα
1782 4105 2040 4170 πολλάκις

375 4200 454 4262 εἰς
493 4198 718 4268 θέατρον
764 4197 838 4268 μὴ
876 4197 1215 4251 ἀναϐαίνεινο
1268 4198 1528 4264 ἤκουσας,
1580 4195 1681 4247 ούκ
1741 4193 2034 4265 ἐπείσθης·

376 4275 574 4354 ἀνέϐής
597 4286 676 4348 εἰς
704 4284 764 4336 τὸ
793 4284 1037 4354 θέατρον,
1082 4283 1431 4354 παρήκουσάς
1463 4299 1562 4351 μου
1596 4280 1688 4333 τοῦ
1739 4281 1929 4350 λόγουο
1961 4282 2037 4354 μὴ

376 4374 667 4444 αἰσχυνθῇς
692 4373 851 4426 πάλιν
878 4371 1157 4436 εἰσελθεῖν,
1198 4372 1288 4422 καὶ
1336 4369 1585 4422 ἀκοῦσαι.
1632 4369 1908 4431 Ἤκουσα,
1944 4371 2038 4422 καὶ

375 4464 473 4517 οὐκ
498 4465 758 4534 ἐτήρησα,
789 4461 907 4523 πῶς
930 4461 1165 4532 δύναμαι
1198 4459 1360 4512 πάλιν
1386 4457 1680 4521 εἰσελθεῖν;
1727 4457 1877 4521 Τέως
1909 4459 2039 4512 αὐτὸ

371 4540 530 4606 τοῦτο
553 4549 721 4616 οἶδας,
749 4553 828 4606 ὅτι
852 4551 952 4604 οὐκ
979 4550 1282 4621 ἐτήρησας⁶
1310 4549 1445 4612 τέως
1469 4546 1719 4619 αίσχύνῃ,
1743 4547 1880 4609 τέως
1909 4547 2036 4617 ἐρυ-

376 4643 551 4713 θριᾷς,
578 4643 726 4706 τέως
744 4640 969 4712 μηδενός
993 4657 1050 4693 σε
1100 4640 1408 4710 ἐλέγχοντος
1440 4638 1530 4692 τὸν
1563 4637 1778 4708 χαλινὸν
1810 4638 2038 4708 περιφέ-

377 4747 511 4800 ρεις,
546 4731 678 4794 τέως
712 4731 801 4783 τὸν
849 4729 1138 4798 λόγονμου
1175 4728 1316 4798 ἔχεις
1359 4725 1743 4798 ἐρῤιζωμένον,
1779 4725 1915 4788 τέως
1961 4727 2036 4796 μὴ

374 4817 755 4888 φαινομένουή
779 4816 1231 4887 διδασκαλίαμου
1270 4815 1517 4884 καθαίρει
1561 4831 1640 4867 σε.
1683 4814 1796 4867 Ούκ
1839 4815 2038 4885 ἐτήρη-

377 4920 495 4968 σας,
530 4905 805 4972 κατέγνως
835 4903 1095 4970 σεαυτοῦ;
1127 4906 1204 4966 είς
1227 4903 1286 4955 τὸ
1317 4903 1485 4971 ἥμισυ
1519 4902 1806 4972 ἐτήρησας,
1835 4901 1937 4954 κᾶν
1963 4902 2037 4972 μὴ

374 4993 638 5064 τηρήσῃς,
667 4991 825 5062 εἴπῃς
850 4991 924 5055 δὲ,
955 4990 1069 5044 Οὐκ
1090 4992 1334 5060 ἐτήρησα
1353 5006 1366 5020 ’
1395 4991 1422 5042 ὁ
1450 4989 1557 5060 7&9
1587 4989 1886 5057 καταγνοὺς
1915 4991 2040 5042 ἑαυα

373 5079 468 5133 τοῦ
493 5081 584 5133 ἐπὶ
616 5079 692 5151 τῷ
733 5081 806 5150 μὴ
836 5081 1089 5152 τηρῆσαι,
1123 5081 1215 5131 ἐπί
1244 5079 1305 5132 τὸ
1334 5077 1485 5150 [542]
1517 5078 1753 5148 τηρῆσαι
1803 5079 2036 5132 σπουδά-

374 5168 479 5232 ζει.
539 5167 910 5239 Ἐθεώρησας;
966 5167 1207 5235 εἰργάσω
1257 5165 1633 5236 παρανομίαν;
1693 5165 2037 5236 αἰχμάλωτος

375 5257 560 5324 ἐγένου
613 5258 712 5325 τῆς
756 5257 992 5326 πόρνης;
1023 5253 1258 5324 κατέϐης
1285 5255 1390 5307 ἀπὸ
1432 5253 1523 5306 τοῦ
1551 5253 1821 5324 θεάτρου;
1876 5253 2037 5307 πάλιν

436 5468 462 5528 ξ¹
489 5466 571 5528 Sic
593 5466 743 5516 Savil.
779 5469 959 5516 melius
983 5479 1126 5528 quam
1159 5465 1332 5528 More].
1363 5463 1600 5528 ἀγνωσίας
1625 5461 1878 5523 ἀναίρεσις.

433 5520 463 5564 ἱ)
489 5527 570 5575 Sic
601 5529 750 5577 Savil.
780 5529 953 5577 Morel.
977 5520 1094 5577 v'ero
1111 5527 1374 5589 ἐπιμελείας
1398 5520 1682 5589 ἀπολύομεν,
1698 5520 1856 5589 m‘inus
1875 5530 2032 5574 recto.

404 5589 460 5656 hc
488 5589 616 5656 Hac!
637 5589 778 5656 τοῦτο
800 5591 954 5656 καὶ-,ἐν
985 5590 1096 5656 ἡμῖν
1125 5584 1355 5656 ποιῶμεν,
1389 5584 1568 5646 quibus
1587 5584 1850 5633 sententia
1888 5591 2037 5647 perli-

373 5649 519 5712 Cilgll'j
540 5651 680 5712 nobis
706 5649 1034 5712 suppeditavit
1061 5650 1288 5700 Savilius.
1313 5649 1447 5712 En_r_r.

437 5707 464 5747 (ι
489 5709 634 5773 ἓθνὶί.
661 5707 977 5772 φιλανθρωπία
1000 5713 1350 5773 ἀπεριόριστοςᾷ
1377 5707 1547 5773 Morel.
1575 5720 1692 5773 veto
1717 5709 2036 5773 φιλανθρωπία

373 5769 580 5833 ἄφατοςζ
597 5768 724 5833 8ος,
744 5768 853 5830 pos't
875 5768 1191 5833 φιλανθρωπία
1237 5769 1356 5833 nihil
1390 5769 1556 5833 habet.
1581 5768 1860 5821 Infra'vero
1883 5768 2030 5821 Savil.

370 5839 404 5891 ἡ
421 5829 478 5881 ⁷δέ
499 5829 585 5880 τοῦ
607 5829 730 5880 Θεοῦ
745 5829 1071 5891 φιλανθρωπία
1092 5831 1261 5896 μέτρον
1281 5831 1370 5882 οὐκ
1392 5831 1506 5892 ἔχει.

1154 399 1210 455 S.
1250 396 1535 454 JOANNIS
1573 393 2076 452 οιιιιγεοετοιιι
2111 395 2428 454 ARCHIEP.
2466 398 3010 456 CONSTANTINOP.

3725 401 3824 460 333

2147 514 2451 585 ἐμνήσθης;
2485 515 2798 586 ῇσχύνθηςς
2843 515 3130 587 πρόσελθε.
3177 504 3516 588 Ἐλυπήθηςς
3566 517 3824 588 παρακά-

2145 599 2298 654 λεσον
2331 603 2422 655 τὸν
2451 603 2583 656 Θεόν
2602 620 2618 636 ο
2644 604 2876 674 ἀνέστης
2903 604 3064 675 μέχρι
3088 616 3110 643 ο
3133 604 3343 661 τούτου.
3362 605 3499 658 Οὐαί
3519 621 3637 675 μοι,
3657 605 3826 676 ἥκου-

2147 707 2233 754 σα,
2268 691 2362 744 καὶ
2388 693 2486 745 οὐκ
2507 694 2777 764 ἐτήρησα·
2815 693 2933 756 πῶς
2977 693 3202 746 εἰσέλθω
3234 694 3316 757 εἰς
3351 691 3447 763 τὴν
3474 693 3826 764 ἐκκλησίαν;

2146 781 2262 845 πῶς
2297 781 2455 835 πάλιν
2480 782 2728 846 ἁκούσω;
2762 782 2978 836 Μᾶλλον
3011 781 3237 846 εἴσελθε,
3275 781 3463 854 ἐπειδὴ
3494 783 3598 836 ούκ
3625 783 3827 852 ἐτήρη-

2147 885 2264 934 σας,
2292 869 2378 922 ἵνα
2405 869 2562 924 πάλιν
2590 869 2828 932 ἀκούσας
2856 871 3124 941 τηρήσῃς.
3179 870 3474 941 Φάρμακον
3515 869 3620 923 ἐὰν
3662 869 3826 940 ἐπιθῇ

2147 973 2228 1010 σοι
2258 959 2286 1010 ὁ
2318 957 2519 1027 ἰατρὸς,
2555 959 2650 1012 καὶ
2697 958 2770 1028 μὴ
2825 957 3096 1028 καθαρίσῃ
3149 974 3228 1021 σε,
3283 957 3448 1028 ἀλλην
3474 951 3702 1030 ἡμέραν
3725 958 3829 1010 οὐκ

2144 1045 2451 1116 ἐπιτίθησιν
2478 1045 2610 1098 αὐτὸ
2662 1045 2856 1110 πάλιν;
2900 1045 3056 1097 Ἔστι
3105 1061 3191 1107 τις
3239 1044 3573 1115 δρυοτόμος·
3622 1045 3832 1099 θελέτω

2142 1131 2359 1202 τέμνειν
2392 1130 2540 1199 δρῦν,
2571 1130 2835 1202 λαμϐάνει
2853 1127 3044 1200 ἀξίνην
3072 1169 3085 1194 ,
3119 1130 3310 1183 κόπτει
3341 1131 3441 1201 τὴν
3487 1129 3684 1201 ρίξαψ
3735 1131 3832 1184 ἐὰν

2142 1219 2217 1290 δῷ
2252 1219 2378 1289 μίαν
2413 1219 2648 1291 πληγὴν,
2683 1219 2779 1272 καὶ
2830 1218 2905 1290 μὴ
2937 1219 3075 1292 πέσῃ
3116 1218 3177 1271 τὸ
3208 1219 3456 1288 ἄκαρπον
3483 1219 3738 1290 δένδρον,
3767 1221 3831 1273 ού

2142 1307 2355 1360 δίδωσιν
2382 1307 2547 1378 ἀλλην
2575 1306 2787 1377 πληγὴν
2812 1346 2827 1369 ,
2867 1308 2926 1360 οὐ
2971 1307 3070 1378 τὴν
3097 1307 3398 1378 τετάρτην,
3432 1307 3492 1360 ού
3545 1309 3650 1378 τὴν
3683 1308 3832 1377 πέμ-

2145 1412 2306 1466 πτην,
2338 1396 2398 1448 οὐ
2427 1395 2524 1463 τὴν
2552 1395 2813 1466 δεκάτην;
2851 1394 3008 1448 Οὕτω
3035 1395 3130 1448 καὶ
3160 1395 3225 1448 σὺ
3282 1394 3423 1448 ποίει
3444 1409 3456 1422 °
3489 1394 3627 1463 δρῦς
3678 1397 3833 1447 ἐστιν

2143 1483 2376 1553 ήπόρνη
2416 1482 2461 1548 ί,
2498 1483 2743 1553 ἄκαρπον
2771 1481 3013 1553 δένδρον,
3045 1481 3307 1551 βαλάνους
3352 1482 3670 1553 ἐκφέρουσα
3714 1483 3834 1552 χοίο

2147 1587 2253 1642 ρων
2301 1570 2510 1638 ἀλόγων
2565 1574 2800 1642 τροφήν·
2835 1572 2892 1622 ἐν
2925 1569 3102 1641 πολλῷ
3131 1570 3308 1640 χρόνῳ
3357 1569 3633 1641 ἐρῤιζώθη
3667 1571 3729 1622 ἐν
3762 1573 3830 1642 τῇ

2141 1658 2349 1728 διανοίᾳ
2379 1675 2494 1723 σου,
2525 1658 2582 1709 ἐν
2615 1660 2681 1728 τῇ
2713 1657 2972 1729 περιϐολῇ
2999 1657 3106 1711 τῶν
3135 1657 3369 1728 δένδρων
3417 1657 3693 1711 κατέϐαλέ
3732 1675 3830 1712 σου

2141 1745 2203 1796 τὸ
2249 1745 2515 1808 συνειδός·
2547 1745 2575 1796 ό
2609 1743 2766 1812 λόγος
2799 1762 2898 1814 μου
2941 1744 3097 1814 ἀξίνη
3131 1744 3299 1800 ἐστίν.
3351 1745 3636 1806 Ἤκουσας
3699 1745 3834 1812 μίαν

2143 1829 2353 1902 ἡμέραν
2371 1848 2384 1861 ·
2405 1831 2522 1893 πῶς
2547 1831 2626 1892 είς
2659 1829 2788 1900 μίαν
2815 1829 3026 1900 ἡμέραν
3052 1832 3076 1870 ⁸
3102 1830 3289 1884 πίπτει
3316 1832 3348 1900 ή
3378 1830 3626 1900 τοσούτῳ
3646 1832 3835 1901 χρόνῳ

2141 1917 2516 1989 ἐρῤιζωμένη;
2565 1917 2691 1970 Ἐάν
2716 1918 2824 1988 7&9
2851 1919 2954 1980 δὶς,
2987 1917 3080 1970 ἐὰν
3105 1917 3214 1988 7&9
3246 1918 3386 1988 τρὶς,
3428 1918 3524 1971 ἐὰν
3555 1918 3672 1988 7&9
3695 1921 3835 1972 ἐκα-

2142 2005 2410 2069 τοντάκις,
2451 2006 2546 2059 ἐὰν
2575 2005 2684 2076 γὰρ
2722 2005 3002 2076 μυριάκις,
3037 2007 3137 2058 οὐκ
3172 2005 3287 2058 ἔστι
3330 2005 3653 2076 θαυμαστόν
3679 2025 3693 2037 ·
3735 2010 3830 2078 μό-

2141 2109 2230 2146 νον
2269 2092 2496 2162 ἔκκοψον
2541 2095 2774 2164 πρᾶγμα
2819 2093 3053 2164 πονηρὸν
3109 2093 3198 2148 καὶ
3248 2094 3489 2164 ἰσχυρὸν,
3523 2094 3831 2165 συνήθειαν

2142 2182 2402 2252 πονηράν.
2432 2183 2620 2236 Μάννα
2655 2183 2840 2252 ἤσθιον
2873 2184 2921 2235 οί
2969 2182 3231 2243 Ἰουδαῖοι,
3263 2183 3358 2236 καὶ
3383 2182 3654 2253 κρόμμυα
3691 2183 3827 2254 ἐζή-

2139 2285 2267 2321 τουν
2299 2269 2368 2322 τά
2395 2271 2454 2321 ἐν
2501 2269 2762 2339 Αἰγύπτῳ
2787 2286 2800 2301 ο
2841 2268 3050 2334 Καλῶς
3101 2266 3180 2339 ἦν
3211 2270 3355 2338 ἡμῖν
3388 2270 3464 2323 ἐν
3498 2271 3826 2338 Αἰγύπτῳ·

2141 2355 2314 2420 οὕτως
2347 2358 2570 2430 αἰσχρὸν
2596 2359 2827 2429 πρᾶγμα
2851 2358 3108 2427 συνήθεια
3129 2358 3222 2410 καὶ
3252 2357 3539 2410 κάκιστον.
3572 2357 3700 2411 Κᾶν
3718 2358 3827 2428 γὰρ

2135 2446 2222 2508 εἰς
2247 2445 2378 2499 δέκα
2402 2447 2612 2516 ἡμέρας
2649 2445 3021 2518 κατορθώσῃς,
3057 2447 3152 2499 ἐὰν
3181 2444 3288 2516 γὰρ
3344 2447 3424 2508 εἰς
3457 2443 3696 2510 εἴκοσιν,
3733 2447 3827 2499 ἐὰν

2141 2531 2250 2602 7&9
2275 2535 2354 2596 εἰς
2387 2533 2697 2603 τριάκοντα,
2744 2533 2844 2587 οὐκ
2891 2532 3107 2601 ἀγαπῶ,
3141 2534 3202 2586 οὐ
3223 2533 3382 2604 χάριν
3408 2532 3538 2603 έχω,
3567 2534 3635 2585 οὐ
3667 2550 3826 2603 περι-

2141 2622 2450 2693 πτύσσομαί
2481 2639 2539 2674 σε
2559 2639 2572 2651 ο
2605 2622 2763 2692 μόνον
2796 2621 2872 2693 μὴ
2902 2622 3217 2693 ἀποκάμῃς,
3253 2621 3388 2674 ἁ).λά
3428 2621 3702 2691 αἰσχύνου
3733 2623 3827 2674 καὶ

2141 2711 2537 2778 καταγίνωσκε.

2215 2797 2258 2867 β’
2274 2839 2286 2850 .
2307 2799 2477 2853 Πάλιν
2493 2798 2771 2869 διελέχθην
2788 2817 2854 2852 πε
2862 2800 2914 2870 ρὶ
2933 2796 3174 2869 ἀγάπης·
3195 2798 3453 2869 ἤκουσας,
3467 2796 3722 2867 ἀπῆλθες
3738 2799 3826 2850 καὶ

2139 2887 2435 2956 ἥρπασας;
2470 2886 2570 2938 οὐκ
2606 2886 2865 2952 ἐπεδείξω
2891 2885 2980 2938 διὰ
3015 2885 3124 2939 τῶν
3158 2885 3333 2956 ἔργων
3357 2883 3450 2938 τὸν
3489 2884 3700 2952 λόγον;
3736 2887 3826 2953 Μὴ

2141 2973 2435 3044 αἰσχυνθῇς
2463 2973 2624 3026 πάλιν
2654 2973 2912 3026 εἰσελθεῖν
2945 2975 3025 3038 είς
3053 2972 3150 3042 τὴν
3191 2971 3486 3042 ἐκκλησίαν
3506 2989 3520 3002 ο
3558 2972 3826 3042 αἰσχύνου

2143 3060 2492 3130 ἁμαρτάνων,
2523 3060 2595 3132 μὴ
2621 3059 2874 3129 αίσχύνου
2906 3059 3201 3130 μετανοῶν.
3233 3057 3476 3129 Πρόσεχε
3507 3057 3562 3110 τί
3595 3059 3826 3130 ἐποίησὲ

2145 3163 2228 3200 σοι
2255 3149 2284 3200 ό
2313 3147 2576 3211 διάϐολος.
2605 3147 2709 3201 Δύο
2727 3147 2899 3201 ταῦτά
2920 3149 3085 3210 ἐστιν,
3123 3147 3366 3218 ἁμαρτία
3403 3147 3498 3198 καὶ¹
3535 3146 3826 3216 μετάνοια·

2141 3236 2384 3308 ἁμαρτία
2423 3235 2682 3307 τραῦμα,
2723 3235 2978 3305 μετάνοια
3024 3235 3335 3305 φάρμακον.
3370 3233 3585 3303 Ὠσπερ
3623 3233 3740 3306 7&9
3773 3237 3830 3285 ἐν

2141 3321 2220 3394 τῷ
2255 3321 2469 3392 σώματι
2504 3321 2794 3394 τραύματα
2845 3322 2938 3373 καὶ
2977 3321 3278 3392 φάρμακαο
3329 3319 3471 3372 οὕτω
3530 3319 3632 3372 καὶ
3658 3321 3721 3372 ἐν
3763 3323 3826 3387 τῇ

2141 3407 2284 3478 ψυχῇ
2327 3409 2700 3478 ἁμαρτήματα
2730 3409 2822 3460 καὶ
2856 3407 3144 3478 μετάνοια·
3197 3406 3311 3459 ἀλλ’
3357 3405 3678 3476 ήὰμαρτία
3729 3406 3828 3477 τὴν

2141 3495 2402 3565 αἰσχύνην
2440 3495 2574 3567 ἓαει,
2607 3497 2640 3567 ἡ
2676 3496 2732 3548 δὲ
2754 3496 3012 3566 μετάνοια
3040 3494 3138 3550 τὴν
3175 3494 3485 3566 παρρησίαν
3527 3494 3825 3562 κέκτηται.

2103 3620 2114 3632 .
2142 3583 2383 3654 Πρόσεχέ
2415 3600 2504 3653 μοι
2541 3582 2676 3652 μετὰ
2695 3583 3001 3654 ἀκριϐείας,
3031 3580 3355 3654 παρακαλῶ,
3380 3580 3466 3633 ἵνα
3491 3581 3567 3650 μὴ
3596 3581 3702 3652 τὴν
3735 3581 3825 3634 τά·

2143 3667 2225 3735 ξιν
2260 3669 2503 3739 συγχέων
2529 3668 2800 3741 ἀπολέσῃς
2834 3667 2930 3739 τὴν
2963 3667 3230 3736 ὠφέλειαν
3285 3667 3438 3719 Ἐστι
3469 3664 3704 3736 τραῦμα
3731 3663 3825 3718 καὶ

2144 3758 2449 3827 φάρμακον,
2469 3756 2712 3827 ἁμαρτία
2741 3756 2832 3808 καὶ
2851 3755 3106 3826 μετάνοια
3127 3771 3140 3785 ·
3164 3755 3222 3806 τὺ
3243 3753 3464 3825 τραῦμα
3489 3754 3522 3822 ή
3547 3754 3821 3823 ἁμαρτία,

2140 3844 2201 3896 τὸ
2227 3843 2513 3915 φάρμακον
2539 3845 2572 3914 ή
2603 3843 2886 3913 μετάνοια⁹
2922 3844 2979 3896 ἐν
3016 3840 3092 3910 τῷ
3121 3841 3394 3911 τραύματι
3423 3838 3679 3909 σηπεδὼν
3701 3878 3718 3903 ,
3768 3841 3822 3890 ἐν

2139 3929 2218 4000 τῷ
2249 3931 2524 4002 φαρμάκῳ
2555 3929 2894 4001 καθαρισμδς
2923 3927 3211 3999 σηπεδόνος
3229 3945 3241 3957 ’
3265 3929 3322 3978 ἐν
3345 3929 3410 3996 τῇ
3443 3925 3697 3995 ἁμαρτίᾳ
3726 3941 3824 3993 στι⁴

2141 4017 2340 4082 πεδὼν,
2373 4019 2430 4071 ἐν
2472 4021 2535 4088 τῇ
2564 4017 2806 4088 ἁμαρτίᾳ
2833 4016 3055 4078 ὄνειδος,
3077 4017 3135 4068 ἐν
3156 4017 3221 4085 τῇ
3246 4013 3489 4084 ἁμαρτίᾳ
3513 4012 3694 4080 γέλως
3711 4026 3727 4037 ⁸
3764 4014 3818 4063 ἐν

2140 4109 2205 4177 τῇ
2238 4106 2495 4176 μετανοίᾳ
2527 4105 2829 4176 παρρησία,
2863 4105 2919 4156 ἐν
2953 4106 3017 4173 τῇ
3045 4102 3300 4174 μετανοίᾳ
3321 4100 3630 4170 ἐλευθερία,
3669 4101 3729 4151 ἐν
3751 4101 3812 4167 τῇ

2143 4195 2400 4264 μετανοίᾳ
2424 4192 2762 4265 καθαρισμὸς
2787 4191 3196 4261 ἁμαρτήματος.
3217 4190 3456 4260 Πρόσεχε
3487 4187 3630 4258 μετὰ
3654 4189 3812 4256 ἀκρι-

2141 4280 2310 4344 ϐείας.
2343 4282 2420 4351 Τῇ
2456 4280 2698 4350 ἁμαρτίᾳ
2717 4279 2943 4349 αἰσχύνη
2977 4279 3186 4339 ἕπεται,
3220 4279 3283 4347 τῇ
3317 4274 3574 4346 μετανοίᾳ
3597 4276 3813 4345 παρρη-

2143 4367 2232 4420 σία
2263 4367 2560 4422 ἀκολουθεῖ.
2586 4367 2891 4438 Προσέσχες
2920 4359 2964 4433 ᾧ
2996 4366 3172 4434 λέγω;
3200 4365 3311 4436 Τὴν
3336 4363 3490 4426 τάξιν
3513 4365 3542 4414 ό
3564 4363 3812 4424 Σατανᾶς

2139 4455 2487 4526 ἀντέστρεφε,
2513 4455 2606 4506 καὶ
2635 4454 2798 4507 ἔδωκε
2826 4454 2924 4526 τὴν
2955 4453 3263 4524 παρρησίαν
3303 4454 3368 4521 τῇ
3399 4449 3672 4520 ἁμαρτίᾳ,
3723 4448 3811 4502 καὶ

2137 4543 2235 4614 τὴν
2269 4542 2524 4612 αἰσχύνην
2547 4544 2612 4612 τῇ
2641 4541 2913 4611 μετανοίᾳ.
2939 4541 3052 4593 Οὐκ
3079 4540 3384 4607 ἀφίσταμαι
3411 4537 3516 4598 ἓως
3545 4536 3806 4605 ἑσπέρας,

2138 4630 2242 4693 ἕως
2270 4621 2330 4681 οῦ
2362 4629 2492 4682 αὐτὸ
2539 4628 2717 4682 λύσω·
2754 4629 2832 4681 δεῖ
2865 4645 2931 4698 με
2979 4627 3074 4698 τὴν
3130 4626 3421 4693 ὑπόσχεσιν
3480 4623 3804 4694 πληρώσαι·

2139 4717 2420 4786 ἀμήχανόν
2451 4733 2518 4786 με
2548 4715 2867 4784 ἀποστῆναι.
2913 4716 3068 4767 Ἔστι
3099 4712 3320 4784 τραῦμα
3357 4710 3452 4763 καὶ
3479 4710 3805 4780 φάρμακονο

2136 4803 2200 4854 τὸ
2250 4802 2468 4874 τραῦμα
2543 4801 2642 4872 τὴν
2700 4801 2970 4871 σηπεδόνα
3028 4799 3172 4870 ἔχει,
3245 4799 3304 4851 τὸ
3371 4798 3668 4867 φαρμάκον
3718 4789 3804 4840 τῦι

2137 4889 2476 4960 καθαρισμὸν
2531 4889 2630 4959 τῆς
2687 4888 2978 4959 σηπεδόνος
3022 4889 3302 4956 κέκτηται.
3355 4885 3446 4955 Μὴ
3475 4885 3534 4936 ἐν
3554 4884 3638 4954 τῷ
3661 4882 3803 4956 [545]

2139 4977 2416 5047 φαρμάκῳ
2447 4975 2728 5045 σηπεδών;
2761 4977 2834 5046 μὴ
2860 4976 2917 5028 ἐν
2950 4973 3028 5044 τῷ
3055 4963 3327 5044 τραύματι
3367 4973 3509 5035 ἴασις
3531 4990 3545 5036 ;
3570 4972 3677 5024 οὐκ
3701 4973 3805 5041 ἔχει

2137 5061 2308 5116 ταῦτα
2334 5064 2432 5135 τὴν
2452 5063 2652 5117 οἰκείαν
2688 5063 2861 5128 τάξιν,
2895 5061 3121 5114 κάκεῖνα
3143 5062 3238 5129 τὴν
3271 5059 3504 5124 οἰκείαν;
3543 5059 3624 5130 μὴ
3650 5059 3802 5111 δύνα-

2136 5169 2227 5204 ται
2259 5152 2552 5223 μεταϐῆναι
2582 5150 2739 5203 τοῦτο
2775 5149 2910 5221 πρὸς
2943 5150 3139 5212 ἐκεῖνο,
3168 5148 3200 5217 ἢ
3239 5149 3412 5201 ἐκεῖνο
3440 5146 3578 5216 πρὸς
3618 5146 3799 5209 τοῦτος

2139 5241 2421 5311 Οὐδαμῶς.
2463 5241 2743 5308 Ἕλθωμεν
2771 5239 2958 5292 λοιπὸν
2980 5238 3072 5291 ἐπὶ
3098 5235 3123 5273 h
3149 5237 3246 5308 τῆς
3276 5236 3450 5307 ψυχῆς
3488 5235 3598 5288 τῶν
3627 5238 3801 5306 ἁμαρ-

2137 5329 2417 5398 τημάτων.
2456 5328 2519 5380 Ἦ
2544 5327 2786 5397 ἁμαρτία
2813 5327 2908 5396 τὴν
2937 5325 3196 5396 αἰσχύνην
3223 5324 3333 5394 ἔχει
3356 5363 3372 5387 ,
3401 5327 3433 5394 ἡ
3472 5325 3721 5395 ἁμαρτία
3748 5324 3799 5376 τὸ

2137 5415 2337 5477 ὄνειδος
2367 5415 2499 5483 ἔχει,
2537 5415 2630 5466 καὶ
2657 5413 2756 5484 τὴν
2785 5414 3010 5483 ἀτιμίαν
3045 5411 3577 5482 συγκεκληρωμένην
3601 5427 3616 5440 θ
3654 5414 3686 5482 ἡ
3715 5428 3799 5481 με·

2137 5502 2325 5555 τάνοια
2377 5502 2475 5570 τὴν
2510 5501 2818 5572 παρρησίαν
2846 5501 3045 5571 ἐχει,ἠ
3096 5499 3349 5569 μετάνοια
3401 5499 3499 5570 τὴν
3545 5501 3801 5571 νηστείαν

2203 5660 2225 5713 ς
2251 5649 2402 5713 Ξσγὶἰ.
2446 5655 2498 5698 et
2521 5650 2641 5712 Reg.
2666 5651 2768 5699 ἀλλ’
2793 5651 2931 5708 ἔστης
2965 5650 3117 5713 μέχρι.

2203 5710 2222 5750 ί
2250 5711 2398 5760 Savil.
2421 5715 2450 5768 ἡ
2470 5710 2678 5774 πορνέία.

2200 5775 2225 5837 β
2247 5777 2328 5837 δίο
2354 5774 2463 5821 Sav.
2484 5768 2660 5837 Morel.
2684 5774 2863 5837 ἤκουσε
2888 5773 2998 5835 μίαν
3010 5773 3217 5837 ἡμέραν,
3236 5770 3352 5837 πρὸς
3373 5768 3484 5837 μίαν

2189 5833 2228 5884 'b
2250 5834 2431 5884 Locum
2453 5833 2674 5885 vitiatum
2696 5830 3192 5899 Boisius'conjeéldra
3215 5830 3396 5882 anteire
3423 5830 3622 5880 nititur:
