3862 6232
228 263 329 320 357

230 381 340 435 exit
365 377 520 442 ovis;
563 375 837 448 ingressus
866 387 1089 445 serpens
1115 413 1132 441 ,
1159 370 1437 444 egreditur
1475 382 1679 441 agnus;
1710 381 1819 421 non

233 480 436 526 mutata
464 478 650 524 natura
680 510 696 537 ,
729 467 822 524 sed
849 466 1066 537 explosa
1113 463 1370 535 nequitia.
1413 461 1539 517 ldeo
1579 459 1821 530 frequen-

234 571 340 617 iem
365 561 434 616 de
461 559 778 632 pmnitentia
809 573 1000 614 moveo
1039 571 1368 613 sermonem.
1410 554 1504 610 Est
1529 552 1672 608 enim
1715 565 1823 619 pm-

233 652 456 708 nitentia
481 693 498 720 ,
529 652 752 707 molesta
797 660 851 704 et
873 675 877 677 -
901 648 1254 705 formidabilis
1283 645 1548 718 peccaturi
1567 685 1583 711 ,
1615 642 1821 698 medela

233 744 570 809 delictorum,
601 741 936 810 cnnsumptio
965 739 1324 810 iniquitatum,
1348 735 1536 792 etl‘usio
1560 735 1823 806 lacryma-

239 850 355 890 rum
385 876 402 903 ,
431 834 624 890 fiducia
653 833 791 906 apud
825 835 1007 899 Deum,
1027 839 1294 886 armatura
1321 839 1504 884 contra
1531 825 1820 891 diabolum,

234 925 441 996 gladius
465 925 580 996 ejus
602 935 760 995 caput
784 925 1103 980 abscindens
1132 965 1148 990 ,
1181 937 1304 992 spes
1329 921 1516 976 salutis
1537 961 1551 986 ,
1572 919 1824 989 despera-

161 1042 172 1052 -
235 1017 394 1072 tionis
419 1017 764 1088 proﬁigatio‘.
801 1016 928 1070 Haec
955 1015 1142 1069 caelum
1168 1013 1360 1083 aperit,
1384 1011 1500 1065 haec
1520 1011 1574 1065 in
1604 1008 1817 1079 paradi-

235 1122 353 1163 sum
401 1107 710 1174 introducit,
756 1107 872 1161 hme
896 1105 1162 1161 diabolum
1190 1111 1408 1173 superat
1433 1102 1452 1174 (
1475 1101 1699 1170 ideoque
1725 1100 1824 1154 hac

233 1202 302 1256 de
334 1214 393 1254 re
421 1198 727 1269 frequenter
768 1212 1069 1253 sermonem
1117 1193 1348 1267 moveo)
1383 1211 1396 1247 :
1428 1209 1547 1247 nam
1578 1191 1820 1246 ﬁduciam

238 1292 438 1348 inducit
459 1293 634 1362 ipsum
664 1305 821 1362 posse
850 1289 1138 1361 prosterni.
1187 1289 1444 1343 Peccator
1485 1285 1582 1340 es?
1619 1300 1686 1339 ne
1728 1270 1826 1338 de-

233 1397 418 1452 speres
451 1400 464 1436 :
495 1398 601 1438 non
630 1381 820 1437 desino
857 1397 952 1435 vos
983 1379 1178 1450 jugiter
1230 1377 1376 1432 hisce
1423 1374 1824 1431 medicamentis

235 1475 460 1529 allinere
489 1491 505 1527 :
533 1473 728 1529 etenim
777 1473 900 1527 novi
929 1480 1178 1540 quantum
1210 1477 1394 1524 contra
1439 1467 1709 1520 diabolum
1756 1465 1825 1518 sit

236 1564 404 1618 telum
434 1578 542 1618 non
571 1563 884 1632 desperare.
909 1561 965 1616 Si
995 1561 1047 1614 in
1069 1559 1300 1630 peccatis
1322 1559 1416 1624 sis,
1447 1572 1515 1612 ne
1535 1557 1819 1626 desperes:

235 1653 355 1709 haec
379 1653 589 1709 dicendi
619 1653 823 1707 nullum
862 1651 1022 1706 ﬁnem
1059 1651 1195 1704 facio
1225 1667 1237 1702 :
1276 1649 1320 1703 si
1349 1648 1583 1718 quotidie
1612 1661 1819 1716 peccas,

233 1746 476 1818 quotidie
499 1745 865 1816 paenitentiam
897 1759 1026 1814 age:
1053 1752 1108 1798 et
1126 1740 1268 1812 quod
1295 1741 1346 1794 in
1369 1739 1592 1795 vetustis
1619 1737 1824 1792 mdibus

236 1853 398 1908 agere
426 1836 678 1899 solemus,
711 1850 835 1890 eum
873 1833 1200 1888 labefactatus
1251 1829 1485 1895 fuerint,
1527 1844 1645 1899 qua:
1681 1827 1826 1881 labe-

237 1926 436 1981 factata
477 1935 602 1981 sunt
624 1925 916 1980 auferimus
943 1966 959 1992 ,
991 1939 1056 1978 ac
1084 1938 1221 1980 nova
1248 1921 1613 1985 admovemus,
1655 1933 1828 1989 neque

239 2035 462 2090 usquam
493 2019 562 2074 ab
585 2019 796 2074 assidua
819 2033 944 2073 cura
973 2016 1279 2071 desistimus
1302 2031 1317 2068 :
1345 2014 1450 2069 hoc
1471 2013 1632 2068 etiam
1658 2012 1712 2066 in
1730 2026 1828 2065 no-

238 2111 324 2166 bis
347 2111 601 2165 faciamus
626 2113 668 2164 ⁸.
697 2109 754 2165 Si
781 2109 1108 2164 inveteratus
1136 2121 1197 2161 es
1241 2106 1399 2161 hodie
1426 2121 1456 2159 a
1486 2108 1724 2174 peccato,
1743 2116 1830 2157 re-

241 2217 383 2256 nova
410 2203 634 2272 teipsum
667 2216 764 2272 per
789 2200 1178 2269 paenitentiam.
1210 2197 1447 2262 Licetne,
1481 2194 1705 2265 inquies,
1736 2207 1831 2263 per

239 2293 612 2364 pceuitentiam
681 2293 904 2348 salutem
943 2290 1240 2359 consequi?
1279 2288 1442 2343 Plane
1471 2288 1612 2342 licet.
1641 2285 1826 2341 Totam

240 2387 408 2441 vitam
459 2387 511 2440 in
559 2386 791 2458 peccatis
820 2384 1068 2452 contrivi,
1095 2393 1148 2438 et
1173 2383 1218 2437 si
1246 2381 1608 2452 paenitentiam
1636 2392 1796 2449 egero
1814 2418 1829 2443 ,

242 2479 428 2534 salvus
452 2479 588 2534 ero?
634 2478 859 2533 Prorsus
901 2477 1031 2534 eris.
1067 2475 1126 2530 ld
1172 2475 1310 2530 unde
1357 2472 1561 2544 liquet?
1589 2471 1672 2526 Ab
1720 2471 1833 2541 ipsa

245 2571 464 2626 Domini
493 2571 566 2626 tui
611 2586 732 2642 erga
760 2570 1002 2625 homines
1033 2568 1375 2640 benignitate.
1417 2564 1554 2621 Num
1605 2580 1671 2618 ex
1716 2579 1835 2634 pm-

248 2664 478 2718 nitentia
527 2672 616 2718 tua
645 2677 799 2718 sumo
828 2661 1106 2718 ﬁduciam?
1135 2676 1260 2715 num
1288 2657 1598 2730 pteuitentia
1628 2664 1715 2711 tua
1741 2670 1840 2725 po-

247 2765 355 2812 test
388 2765 464 2810 tot
483 2755 791 2826 abstergere
817 2754 994 2809 mala?
1015 2754 1155 2807 Sane
1194 2751 1238 2805 si
1264 2750 1570 2821 poenitentia
1609 2748 1721 2801 sola
1749 2760 1836 2801 es-

247 2856 351 2910 set,
375 2845 496 2915 jure
518 2845 770 2910 timeres;
801 2844 894 2899 sed
923 2843 1134 2914 quando
1161 2842 1494 2914 pcnnitentia‘.
1536 2849 1638 2895 tua:
1665 2838 1840 2893 admi-

250 2949 437 2992 scetur
462 2936 556 2991 Dei
595 2936 878 2991 clementia
903 2976 920 3002 ,
955 2935 1186 2990 conﬁde.
1222 2933 1316 2988 Dei
1357 2932 1500 2988 enim
1541 2930 1842 2986 clementia:

251 3028 401 3083 nulla
427 3037 511 3083 est
535 3041 803 3093 mensura,
849 3041 1025 3095 neque
1064 3025 1180 3094 ejus
1214 3021 1424 3080 bonitas
1454 3022 1703 3091 explicari
1731 3036 1847 3076 ser.-

253 3137 416 3178 mone
443 3127 636 3190 potest.
661 3119 792 3174 Nam
832 3118 1030 3173 malitia
1055 3117 1270 3186 quidem
1303 3124 1388 3170 tua
1419 3129 1720 3170 mensuram
1739 3112 1838 3167 ha-

255 3215 370 3279 bet,
401 3211 693 3268 remedium
722 3225 851 3267 vero
881 3224 1184 3264 mensuram
1235 3223 1338 3262 non
1385 3208 1584 3273 habet;
1639 3206 1836 3261 malitia

255 3315 370 3372 tua,
400 3305 802 3376 qualiscumque
846 3303 944 3368 sit,
973 3302 1202 3363 humana
1227 3310 1310 3356 est
1337 3301 1570 3366 malitia;
1601 3299 1694 3354 Dei
1719 3311 1848 3353 vero

253 3399 540 3457 clementia
583 3407 667 3452 est
707 3395 1046 3452 immensa‘:
1097 3394 1308 3449 conﬁde
1357 3392 1472 3448 fore
1509 3401 1569 3448 ut
1608 3407 1670 3447 ea
1702 3401 1848 3446 tuam

254 3495 442 3549 vincat
485 3491 761 3546 malitiam.
799 3489 984 3560 Cogita
1033 3487 1164 3544 mibi
1204 3487 1488 3543 scintillam
1527 3486 1579 3540 in
1632 3486 1850 3555 pelagus

256 3583 542 3641 cadentem
589 3599 605 3636 :
664 3596 791 3635 num
843 3587 1022 3650 potest
1055 3580 1144 3634 illa
1196 3588 1374 3644 stare,
1421 3587 1514 3630 aut
1555 3574 1850 3646 apparere?

256 3676 474 3743 Quanta
499 3683 580 3730 est
605 3672 834 3729 scintilla
857 3687 977 3727 cum
1006 3671 1194 3740 pelago
1225 3668 1436 3734 collata,
1469 3675 1608 3721 tanta
1631 3673 1714 3720 est
1734 3679 1851 3719 ma-

259 3769 381 3824 litia
407 3808 423 3834 ,
456 3769 501 3822 si
528 3781 652 3822 cum
691 3764 1014 3834 benignitate
1041 3763 1136 3818 Dei
1175 3769 1548 3830 comparetur;
1590 3760 1698 3814 imo
1723 3774 1854 3815 vero

261 3877 375 3916 non
407 3868 573 3925 tanta,
603 3858 712 3914 sed-
743 3857 918 3912 multo
945 3855 1119 3925 major
1153 3853 1454 3924 benignitas
1481 3852 1588 3908 illa.
1631 3852 1855 3922 Pelagus

261 3953 435 4018 enim,
467 3967 720 4022 magnum
742 3950 870 4004 licet
893 3949 982 4016 sit,
1007 3961 1314 4002 mensuram
1339 3945 1534 4014 habet,
1561 3943 1857 4014 benignitas

261 4057 401 4099 vero
433 4041 527 4097 Dei
545 4041 750 4095 nullum
777 4039 936 4095 habet
963 4038 1270 4094 terminum.

347 4131 484 4185 Vitia
512 4130 760 4201 paulatim
775 4130 1118 4184 cradicantur.
1143 4158 1214 4170 —-
1237 4128 1360 4183 llaec
1381 4126 1524 4191 dico.
1553 4141 1658 4182 non
1680 4135 1739 4181 ut
1763 4139 1860 4180 vos

261 4223 544 4293 segniores
583 4221 825 4289 reddam,
864 4221 959 4277 sed
990 4229 1048 4276 ut
1084 4221 1448 4291 diligentiores
1476 4218 1723 4275 efﬁciam.
1750 4217 1859 4273 Vos

260 4325 416 4386 sarpe
437 4315 616 4370 monui
645 4330 712 4370 ne
736 4315 790 4369 in
820 4315 1022 4370 theatra
1062 4314 1444 4370 ascenderetis.
1497 4313 1728 4380 Audisti,
1762 4327 1862 4367 nec

263 4423 476 4465 morem
497 4408 708 4478 gessisti
741 4407 828 4462 :in
855 4405 1117 4462 theatrum
1147 4405 1456 4472 ascendisti,
1483 4405 1715 4460 sermoni
1741 4418 1861 4458 meo

264 4518 380 4557 non
422 4501 800 4571 obtemperasti
846 4518 870 4554 ε.
893 4515 961 4554 ne
1009 4509 1062 4554 te
1105 4499 1303 4567 pudeat
1341 4497 1778 4566 rnrsusiugredi,
1809 4503 1864 4550 et

263 4593 480 4649 audire.
509 4592 723 4658 Audivi,
753 4605 850 4645 nec
887 4589 1189 4653 observavi,
1231 4586 1500 4658 quomodo
1535 4601 1752 4655 possum
1783 4585 1865 4638 in-

265 4687 427 4758 gredi
446 4686 705 4740 ?.-luteriin
737 4684 837 4738 hoc
864 4683 1036 4752 ipsum
1066 4681 1202 4736 nosti
1228 4719 1244 4746 ,
1277 4688 1329 4734 te
1355 4693 1463 4733 non
1497 4678 1813 4734 observasse
1845 4693 1859 4730 :

267 4777 491 4832 interim
522 4785 574 4831 te
602 4775 783 4846 pudet,
828 4773 1039 4828 interim
1068 4770 1373 4836 erubescis;
1408 4769 1620 4824 interim
1650 4768 1865 4823 nemine

265 4877 534 4940 arguente
600 4867 809 4922 frenum
856 4864 1209 4930 circumfers;
1284 4862 1494 4918 interim
1559 4875 1862 4918 sermonem

269 4977 458 5017 meum
497 4960 790 5015 radicatum
827 4957 990 5012 habes
1010 4954 1067 5022 ⁸-,
1095 4969 1296 5024 neque;
1315 4968 1422 5007 non
1469 4960 1735 5023 przesente
1765 4951 1865 5005 do-

269 5054 600 5111 ctrinamea
629 5049 964 5119 tepuriﬁcat.
996 5046 1120 5102 Non.
1147 5044 1465 5109 observasti,
1497 5042 1864 5098 condemnasti

271 5144 374 5200 te?
399 5158 463 5198 ex
492 5140 708 5196 dimidia
753 5148 902 5209 parte
927 5135 1242 5202 observasti,
1290 5133 1498 5189 etiamsi
1527 5148 1630 5186 non
1676 5132 1867 5186 obser-

271 5235 510 5300 vaveris,
537 5232 630 5289 sed
658 5231 858 5288 dixeris
885 5237 1109 5294 tantum,
1140 5242 1245 5283 non
1271 5225 1586 5283 observavi:
1617 5239 1739 5279 nam
1777 5223 1868 5294 qui

343 5393 364 5425 ι
383 5391 475 5464 Δ,ξὶθ
495 5389 635 5464 savii.
681 5387 858 5438 melius
890 5399 1034 5452 quam
1050 5384 1217 5436 Morel.
1237 5421 1253 5445 ,
1276 5386 1360 5448 qui
1400 5383 1542 5447 legit,
1585 5382 1872 5448 ignorantia

271 5449 556 5583 ρνῗρῖθὲιεῖιθ
557 5488 934 5583 propositionem
954 5508 1136 5583 addidit
1156 5508 1296 5583 savil.
1313 5515 1364 5583 et
1386 5520 1486 5583 nos.
1499 5520 1562 5583 ea
1585 5506 1775 5583 savilio.

345 5577 369 5608 ³
408 5569 820 5648 ιξθεηὶιεὶηεηιία
839 5586 964 5648 vero
1103 5579 1189 5622 est.
1236 5571 1398 5632 savi|.,
1441 5569 1691 5623 clementia
1713 5577 1873 5622 autem

281 5634 486 5695 nomini
495 5634 777 5687 mensuram
799 5649 891 5684 non
913 5634 1070 5683 habet.

355 5703 394 5741 ‘L
417 5701 622 5752 savilius
645 5696 795 5762 addit,
808 5697 859 5751 in
883 5701 1033 5748 mente
1056 5703 1154 5745 tua.

1331 256 1422 312 DE
1470 251 1939 312 PCENlTENTlA.
1977 250 2206 308 HOMIL.
2249 251 2384 309 νηί.

3409 244 3512 299 558

1923 367 2155 435 seipsum
2182 365 2502 424 condemnat
2525 378 2593 420 eo
2617 361 2757 434 quod
2783 376 2888 418 non
2914 358 3281 417 observaverit
3305 399 3318 424 ,
3353 373 3416 414 eo
3440 359 3518 414 fe-

1922 462 2089 516 stinat
2117 467 2175 513 ut
2201 459 2474 518 observet.
2508 459 2855 533 Respexisti?
2899 459 3230 530 iniquitatem
3260 467 3516 527 operatus

1923 549 2018 605 es?
2055 553 2354 608 meretricis
2398 553 2638 624 captivus
2683 551 2906 608 eﬁ‘ectus
2958 550 3052 606 es?
3078 547 3404 608 descendisti
3448 547 3518 602 de

1927 642 2152 706 theatro,
2181 653 2232 698 et
2257 644 2449 699 iterum
2477 643 2790 700 recordatus
2816 642 3021 713 pudore
3047 640 3270 697 allectus
3293 653 3353 696 es
3375 639 3399 693 ?
3431 654 3521 693 ac-

1924 735 2074 790 cede.
2107 736 2333 792 Mterore
2358 737 2579 792 affectus
2604 751 2662 791 es
2675 735 2955 792 'PObsecra
2987 735 3153 790 Deum
3184 750 3199 788 :
3226 733 3507 803 hucusque

1924 830 2284 884 resurrexisti.
2318 829 2410 884 Vm
2433 830 2584 897 mihi,
2615 829 2794 884 audivi
2819 837 2874 884 et
2899 844 3006 882 non
3035 827 3315 883 observavi
3339 868 3357 892 ,
3385 841 3520 898 quo-

1925 919 2089 974 modo
2134 921 2185 973 in
2230 920 2513 976 ecclesiam
2563 920 2867 991 ingrediar?
2903 917 3172 990 quomodo
3214 933 3402 974 rursus
3428 934 3520 972 au-

1925 1011 2109 1065 diam?
2135 1011 2246 1066 lmo
2268 1012 2569 1082 ingredere,
2598 1012 2720 1082 quia
2752 1027 2857 1066 non
2889 1011 3210 1077 observasti,
3235 1018 3293 1065 ut
3334 1025 3524 1065 rursus

1926 1104 2182 1170 audiens,
2231 1104 2505 1159 observes.
2555 1105 3000 1160 Medicamentum
3052 1104 3096 1159 si
3146 1103 3239 1158 tibi
3284 1101 3525 1158 medicus

1927 1197 2188 1265 imponat,
2214 1211 2312 1251 nec
2341 1206 2391 1252 te
2418 1197 2706 1261 curaverit,
2741 1211 2919 1252 annon
2947 1195 3244 1266 insequenti
3286 1194 3373 1250 die
3401 1211 3520 1249 rurc

1927 1301 2016 1341 sus
2037 1288 2302 1357 apponet?
2328 1287 2382 1342 Si
2411 1288 2529 1358 quis
2555 1288 2812 1357 lignarius
2858 1303 3113 1358 quercum
3141 1287 3262 1341 velit
3293 1286 3523 1351 eardere,

1925 1380 2153 1434 securim
2184 1380 2388 1450 arripit,
2417 1380 2603 1435 incidit
2631 1380 2864 1435 radicem
2891 1397 2903 1432 :
2946 1381 2990 1435 si
3025 1395 3130 1434 uno
3159 1379 3266 1434 ictu
3295 1377 3523 1448 infragi-

1927 1474 2038 1528 fera
2064 1471 2224 1525 arbor
2253 1486 2360 1525 non
2399 1471 2688 1538 deciderit,
2715 1487 2894 1526 annon
2921 1471 3066 1525 addit
3095 1470 3300 1525 alium?
3345 1485 3525 1528 annon

1925 1569 2172 1629 quartum
2191 1571 2244 1616 et
2270 1563 2546 1632 quintum?
2568 1578 2745 1617 annon
2758 1563 3020 1617 decimum
3038 1563 3060 1616 ?
3086 1563 3172 1617 Sic
3189 1571 3242 1617 ct
3262 1570 3318 1624 tu
3345 1561 3522 1629 facito.

1926 1653 2165 1718 Quercus
2222 1661 2305 1707 est
2341 1655 2593 1709 meretrix
2645 1655 2685 1720 ί,
2740 1655 2901 1708 arbor
2956 1651 3265 1725 infrugifera
3301 1695 3314 1718 ,
3371 1655 3526 1726 glan-

1926 1743 2022 1798 des
2071 1744 2353 1814 profercns
2408 1746 2459 1799 in
2492 1747 2798 1800 alimoniam
2855 1761 3134 1815 porcorum
3186 1746 3528 1810 irrationabi-

1929 1835 2058 1891 lium
2086 1838 2288 1892 :multo
2311 1847 2555 1909 tempore
2578 1839 2784 1894 radices
2813 1839 2988 1909 posuit
3019 1839 3069 1892 in
3106 1840 3284 1906 animo
3318 1848 3428 1906 tuo,
3476 1840 3528 1893 in

1929 1930 2180 1985 arborum
2228 1932 2459 1987 ambitus
2486 1933 2867 1987 conscientiam
2917 1942 3059 1986 tuam
3090 1932 3284 2001 dejecit
3309 1950 3322 1986 :
3352 1947 3531 1987 sermo

1929 2038 2081 2079 meus
2121 2025 2324 2079 securis
2361 2035 2459 2080 est.
2503 2026 2714 2081 Audisti
2740 2026 2824 2081 die
2847 2042 2971 2080 uno.
2997 2026 3277 2095 Quomodo
3299 2026 3385 2082 die
3414 2041 3525 2080 uno

1930 2115 2124 2171 cadat”
2148 2124 2296 2172 tanto
2319 2117 2550 2172 radicata
2580 2120 2861 2189 tempore?
2894 2120 2947 2175 Si
2993 2119 3135 2174 enim
3182 2118 3299 2184 bis,
3343 2118 3387 2172 si
3421 2131 3530 2183 ter,

1932 2208 1984 2262 sit
1999 2209 2201 2264 centies
2231 2251 2244 2274 ,
2275 2210 2320 2264 si
2348 2209 2529 2266 decies
2575 2211 2767 2277 millies
2787 2253 2803 2279 ,
2837 2210 2969 2266 nihil
3004 2209 3246 2265 mirabile
3267 2209 3446 2276 fuerit,
3475 2221 3532 2264 ut

1934 2317 2021 2357 res
2051 2302 2190 2357 mala
2236 2311 2289 2358 et
2319 2303 2470 2358 ﬁrma
2498 2345 2511 2368 ,
2541 2319 2702 2373 prava
2742 2302 3072 2359 consuetudo
3103 2343 3118 2366 ,
3165 2301 3527 2357 cxscindatur.

1935 2397 2125 2452 Manna
2164 2397 2513 2452 comedebant
2553 2397 2746 2462 Judzei,
2792 2406 2847 2452 ct
2883 2411 3041 2466 cepas
3069 2396 3344 2469 Egyptias
3366 2395 3533 2466 requi-

1937 2493 2162 2545 rebant:
2194 2490 2328 2546 Bene
2350 2491 2490 2546 nobis
2511 2500 2616 2546 erat
2639 2491 2691 2544 in
2714 2491 2944 2562 {Egypto
2976 2489 3161 2562 (Num.
3195 2487 3388 2559 11.18)
3417 2507 3430 2543 :
3455 2488 3528 2542 ita

1941 2585 2110 2654 turpis
2126 2585 2463 2655 pessimaquc
2479 2600 2566 2640 res
2587 2593 2672 2639 est
2701 2573 3054 2650 consuetudo.
3088 2583 3199 2647 Etsi
3232 2598 3326 2652 per
3351 2582 3535 2637 decem

1940 2675 2054 2730 dies
2081 2685 2224 2732 recte
2248 2677 2420 2747 egeris
2442 2719 2456 2743 ,
2485 2679 2526 2732 si
2561 2694 2652 2747 per
2670 2677 2872 2748 viginti,
2898 2677 2940 2731 si
2968 2691 3062 2751 per
3089 2675 3320 2746 triginta,
3349 2690 3456 2729 non
3487 2681 3539 2730 te

1942 2768 2200 2836 approbo,
2231 2783 2334 2822 non
2365 2768 2459 2822 tibi
2485 2771 2706 2838 gratiam
2742 2769 2934 2835 habeo,
2989 2783 3098 2822 non
3129 2777 3179 2823 te
3198 2768 3536 2838 amplector:

1945 2865 2150 2927 tantum
2199 2873 2266 2913 ne
2291 2857 2526 2925 deﬁcias,
2557 2857 2651 2918 sed
2683 2867 2734 2913 te
2757 2860 2968 2928 pudeat,
3000 2858 3227 2928 teipsum
3256 2871 3535 2927 eoarguas.

2017 2950 2072 3004 2.
2100 2951 2328 3018 Rursum
2351 2953 2416 3008 de
2450 2953 2671 3007 caritate
2707 2953 2969 3008 disserui:
2998 2951 3228 3016 audisti,
3253 2950 3452 3018 abiisti,
3480 2958 3537 3005 et

1946 3041 2209 3112 rapuisti?
2247 3045 2498 3114 operibus
2535 3045 2755 3099 verbum
2817 3060 2922 3099 non
2973 3042 3296 3099 exhibuisti?
3345 3041 3423 3098 Ne
3466 3049 3542 3096 ta-

1948 3154 2070 3196 men
2111 3149 2162 3192 te
2191 3137 2390 3208 pudeat
2418 3153 2631 3192 rursum
2682 3136 2888 3206 ingredi
2930 3138 2981 3191 in
3009 3137 3290 3191 ecclesiam
3324 3141 3416 3188 :te
3440 3147 3542 3202 pu-

1949 3233 2072 3288 deat
2097 3229 2322 3300 peccati,
2348 3244 2454 3283 non
2484 3237 2534 3283 te
2564 3226 2756 3297 pudeat
2787 3227 3132 3296 poenitentizn.
3159 3223 3389 3281 Attende
3415 3223 3541 3293 quid

1952 3322 2048 3377 tibi
2068 3321 2252 3376 fecerit
2274 3319 2538 3374 diabolus.
2576 3319 2688 3373 Duo
2716 3327 2838 3372 sunt
2867 3317 3000 3382 haec,
3033 3327 3311 3386 peccatum
3343 3322 3398 3369 et
3426 3329 3543 3385 poe-

1953 3414 2179 3469 nitentia
2207 3430 2219 3466 :
2254 3418 2530 3482 peccatum
2558 3417 2638 3464 est
2664 3410 2877 3469 vulnus.
2921 3406 3234 3478 poenitentia
3269 3419 3403 3460 vero
3423 3419 3542 3459 me-

1953 3507 2092 3562 dela.
2122 3503 2580 3574 Quemadmodum
2631 3501 2772 3556 enim
2817 3500 2871 3554 in
2899 3513 3126 3568 corpore
3170 3506 3295 3552 sunt
3321 3494 3546 3551 medelas

1953 3608 2008 3654 et
2031 3599 2253 3655 vulnera
2299 3596 2418 3651 :sic
2441 3594 2572 3650 etin
2613 3593 2791 3647 anima
2840 3598 3059 3661 peccata
3089 3597 3145 3644 et
3192 3586 3546 3658 poenitentia;

1956 3691 2050 3746 sed
2085 3697 2358 3760 peccatum
2389 3685 2644 3757 pudorem
2677 3684 2858 3748 habet,
2905 3679 3218 3752 poenitentia
3257 3693 3388 3734 vero
3408 3677 3546 3732 ﬁdu-

1959 3783 2096 3838 ciam
2127 3781 2350 3836 obtinet.
2375 3777 2625 3842 Attende,
2649 3790 2851 3847 quceso,
2885 3774 3014 3829 mihi
3035 3772 3340 3842 diligenter,
3369 3785 3437 3826 ne
3458 3785 3546 3824 or-

1961 3877 2140 3931 dinem
2190 3870 2526 3932 eonfundens
2564 3867 2847 3924 utilitatem
2899 3864 3110 3935 perdas.
3143 3864 3239 3918 Est
3274 3861 3465 3916 vulnus
3494 3870 3548 3916 et

1961 3965 2285 4031 remedium,
2310 3969 2584 4033 peceatum
2602 3966 2656 4014 et
2677 3955 2990 4028 paenitentia
3011 3971 3026 4008 :
3055 3953 3244 4008 vulnus
3261 3961 3343 4007 est
3365 3967 3561 4025 pecca-_

1966 4069 2098 4122 tum,
2127 4053 2422 4112 remedium
2453 4049 2764 4121 paenitentia
2792 4065 2806 4101 :
2834 4049 2886 4100 iu
2915 4045 3134 4100 vulnere
3165 4043 3362 4107 sanies,
3386 4042 3440 4096 in
3457 4056 3548 4096 re-

1963 4148 2140 4204 medio
2169 4143 2482 4215 expurgatio
2511 4140 2677 4196 saniei
2713 4159 2726 4194 :
2758 4139 2808 4193 in
2838 4145 3056 4207 peccato
3094 4135 3291 4199 sanies,
3340 4133 3392 4188 in
3422 4148 3549 4203 pec-

1965 4250 2084 4296 cato
2110 4239 2388 4310 probrum,
2412 4237 2466 4291 in
2492 4243 2714 4305 peccato
2734 4231 2872 4286 risus
2898 4249 2910 4283 :
2935 4228 2986 4282 in
3003 4225 3313 4298 poenitentia
3338 4224 3552 4291 ﬁducia,

1966 4333 2018 4388 in
2048 4330 2358 4403 paenitentia
2381 4329 2619 4393 libertas,
2649 4326 2699 4380 in
2721 4321 3031 4394 poenitentia
3063 4321 3306 4390 purgatio
3328 4317 3555 4386 peccati.

1967 4425 2199 4482 Attende
2253 4423 2552 4492 diligenter.
2597 4418 2879 4472 Peccatum
2929 4412 3134 4483 pudor,
3187 4407 3556 4481 ptpniteutiam

1969 4519 2160 4575 ﬁducia
2187 4518 2446 4586 sequitur.
2472 4508 2910 4568 Animadvertisti
2937 4504 3078 4576 quod
3107 4502 3273 4560 dico?
3300 4501 3556 4557 Ordinem

1970 4610 2188 4666 invertit
2207 4617 2440 4672 satams,
2463 4603 2715 4672 deditque
2746 4594 3365 4671 peccalocouﬁdentiam
3388 4634 3402 4659 ,
3435 4606 3555 4661 pm-

1971 4701 2206 4757 uitentiae
2242 4697 2520 4768 pudorem.
2562 4693 2678 4749 Non
2703 4692 2940 4747 desinam
2971 4702 3140 4757 usque
3165 4685 3233 4740 ad
3255 4697 3554 4753 vesperam,

1970 4793 2142 4849 donec
2168 4789 2297 4851 illud
2337 4788 2591 4849 solvero:
2637 4782 2955 4852 promissum
3003 4778 3252 4847 impleam
3299 4782 3558 4846 oportet:

1974 4899 2080 4940 non
2110 4897 2324 4953 possum
2347 4879 2627 4933 absistere.
2661 4875 2761 4929 Est
2779 4873 2968 4927 vulnus
2994 4880 3047 4926 et
3071 4868 3366 4936 remedium
3399 4884 3414 4920 :
3446 4867 3561 4921 vul-

1974 4991 2075 5031 nus
2100 4974 2303 5030 saniem
2337 4970 2526 5035 habet,
2555 4964 2851 5022 remedium
2878 4961 3041 5017 saniei
3068 4960 3433 5030 purgationem
3461 4955 3554 5010 ob-

1975 5066 2274 5131 tinet.N.u,m
2302 5066 2352 5118 in
2367 5061 2604 5118 remedio
2622 5041 2835 5113 sanies?
2856 5071 2979 5110 num
2995 5055 3048 5109 in
3072 5053 3288 5108 vulnere
3313 5047 3552 5112 medela!

1976 5178 2152 5218 annon
2183 5170 2234 5215 et
2262 5159 2376 5213 haec
2399 5166 2454 5211 et
2492 5155 2579 5209 illa
2610 5151 2880 5223 proprium
2927 5155 3110 5204 tenent
3133 5143 3409 5208 ordinem?
3431 5156 3560 5195 num

1975 5265 2151 5327 potest
2179 5253 2279 5306 hoc
2307 5249 2372 5304 ad
2399 5247 2549 5313 illud,
2575 5244 2702 5300 illud
2729 5242 2794 5296 ad
2821 5241 2925 5295 hoc
2969 5231 3379 5293 transcendere?
3403 5230 3562 5286 Nullo

1975 5326 2153 5402 modo.
2206 5344 2322 5399 Jam
2363 5340 2635 5395 veniamus
2652 5335 2717 5389 ad
2751 5333 2980 5388 animam
3022 5326 3250 5399 peccatis
3292 5331 3562 5379 onustam.

1978 5441 2260 5498 Peccatum
2292 5435 2565 5506 probrum,
2602 5435 2872 5500 peccatum
2905 5423 3158 5493 pudorem
3185 5414 3562 5490 ignominiam-

1979 5547 2082 5604 que
2107 5530 2329 5585 sortitur
2361 5545 2375 5581 :
2410 5519 2717 5595 pmnitcntia
2764 5516 3009 5570 ﬁduciam
3037 5507 3560 5582 habet,_paenilentia

2045 5627 2060 5657 ι
2098 5631 2149 5673 tn
2164 5622 2326 5680 savilu
2347 5614 2614 5682 ferientia.
2639 5623 2744 5676 ῐπον
2766 5605 3056 5682 ρπβτειτίττη

2044 5689 2065 5718 ²
2098 5664 2708 5746 ἶοὶίὲίίξᾞὶιὶιίὐξίἀίεἰὼο
2722 5664 2740 5738 ξ
2757 5672 2886 5723 intra
2911 5679 3074 5720 totum
3084 5665 3213 5723 diem
3237 5664 3448 5726 caderet,
3470 5667 3564 5712 etc.
