3906 6224
347 261 473 316 ’539

368 369 650 440 jejunium,
704 370 1012 440 paenitentia
1039 372 1300 441 justitiam
1329 373 1573 428 obtinet:
1605 371 1698 426 Die
1734 372 1875 428 enim
1903 383 1956 426 tu

368 463 657 530 iniquitates
678 471 791 516 tuas
812 463 1026 534 primus,
1046 463 1402 536 ntjusliﬁceris
1436 463 1586 535 (Isai.
1611 464 1698 519 45.
1719 464 1808 519 25.
1827 463 1952 536 26):

367 562 441 616 et,
470 551 506 606 J
511 563 653 608 ustus
679 555 729 606 in
749 555 997 624 principio
1017 555 1260 609 sermonis
1281 565 1545 610 accusator
1569 563 1642 609 est
1657 556 1734 609 sui
1755 554 1772 622 (
1794 553 1950 609 Prov.

367 646 452 702 18.
490 647 554 700 17
574 644 616 718 ).
635 646 769 701 Cum
799 647 956 718 igitur
975 647 1108 702 sciat
1137 656 1368 712 satanas,
1400 648 1538 717 quod
1565 657 1840 717 peccatum
1869 661 1955 701 se—

363 747 558 808 quatur
600 739 790 808 pudor,
819 739 907 809 qui
937 739 1103 809 possit
1131 751 1465 809 peccatorem
1492 739 1798 806 deterrere;
1831 752 1952 808 poe-

361 830 582 886 nitentia
624 843 751 884 vero
775 827 1021 883 ﬁduciam
1055 827 1282 896 habeat,
1332 843 1452 900 qua:
1479 829 1646 898 possit
1690 828 1952 898 paeniten-

372 919 496 973 tiam
526 920 738 975 allicere
770 939 782 973 :
815 921 1057 976 ordinem
1085 921 1319 985 invertit,
1349 921 1599 990 deditque
1623 919 1951 989 poenitentiae

367 1010 644 1080 pudorem,
679 1020 898 1081 peccato
929 1011 1197 1066 ﬁduciam.
1227 1012 1504 1068 Undenam
1553 1011 1604 1065 id
1631 1012 1831 1081 liquet?
1853 1026 1951 1080 ego

364 1101 558 1156 dicam.
593 1103 813 1173 Capitur
857 1106 978 1176 quis
1019 1104 1226 1159 ardenti
1252 1105 1676 1174 concupiscentia
1727 1105 1950 1174 publica:

365 1194 699 1261 meretricis;
745 1200 1079 1252 meretricem
1132 1197 1221 1253 ille
1265 1212 1362 1252 ceu
1407 1197 1644 1266 captivus
1664 1196 1904 1266 sequitur
1932 1236 1947 1260 ,

364 1286 415 1339 in
449 1288 797 1357 prostibulum
820 1289 1144 1360 ingreditur;
1173 1289 1322 1345 nullo
1346 1291 1569 1359 pudore,
1588 1291 1783 1346 rubore
1806 1291 1950 1345 nullo

361 1377 583 1434 affectus
599 1395 720 1435 cum
747 1382 1028 1438 meretrice
1054 1381 1412 1452 congreditur,
1447 1393 1826 1453 peccatumque
1851 1383 1948 1437 ads

363 1471 520 1526 mittit
563 1489 578 1527 :
636 1483 757 1542 post
800 1473 1091 1530 admissum
1141 1483 1417 1546 peceatum
1472 1475 1612 1530 illine
1658 1475 1946 1546 egreditur:

362 1573 416 1618 et
456 1565 524 1620 de
578 1567 888 1636 pmnitentia
932 1569 1134 1640 agenda
1180 1569 1463 1624 erubescit.
1519 1569 1695 1633 Miser,
1737 1567 1949 1638 quando

361 1670 484 1711 cum
510 1660 787 1716 meretrice
829 1661 1282 1732 congrediebaris,
1328 1678 1436 1717 non
1478 1662 1861 1723 erubescebas;
1894 1671 1950 1717 at

362 1763 482 1801 cum
512 1749 578 1804 ad
610 1751 974 1820 paenitentiam
1015 1753 1248 1820 accedis,
1279 1762 1404 1808 tunc
1433 1753 1740 1809 erubescis?
1780 1753 1949 1808 Pudet

361 1853 482 1893 eum
509 1881 522 1904 ,
555 1841 642 1896 die
683 1842 836 1898 mihi.
867 1842 1044 1910 Quare
1070 1859 1189 1899 cum
1218 1844 1566 1899 fornicaretur
1613 1859 1719 1899 non
1746 1843 1948 1914 pudore

361 1931 726 1988 afﬁciebatur?
753 1934 956 1991 facinus
985 1945 1272 2007 perpetrat,
1301 1945 1354 1992 et
1382 1953 1488 1991 non
1539 1937 1742 2006 pudore
1772 1936 1945 1991 afﬁci-

365 2033 470 2088 tur,
503 2024 649 2079 etde
685 2026 845 2080 verbo
890 2028 1200 2084 erubescit?
1249 2027 1452 2082 Diaboli
1498 2029 1691 2082 astutia
1735 2037 1836 2082 est.
1889 2027 1946 2083 in

362 2126 579 2186 peccato
601 2133 704 2172 non
728 2117 852 2172 sinit
879 2135 998 2173 cum
1029 2119 1366 2184 erubescere,
1410 2118 1505 2174 sed
1553 2119 1760 2189 publice
1787 2120 1944 2174 inno—

363 2216 568 2262 tescere
595 2208 759 2275 sinit;
801 2210 900 2264 scit
929 2209 1071 2264 enim
1102 2210 1216 2266 fore
1261 2219 1318 2266 ut
1342 2211 1388 2265 si
1431 2212 1633 2282 pudore
1663 2210 1942 2279 afﬁciatur,

361 2307 636 2368 peccatum
661 2298 827 2368 fugiat
854 2317 868 2354 :
902 2299 952 2354 in
977 2299 1282 2370 poenitentia
1301 2317 1430 2357 vero
1451 2303 1768 2358 erubescere
1786 2302 1942 2370 facit;

360 2391 506 2446 novit
525 2391 666 2446 enim
697 2407 817 2448 eum
841 2408 948 2463 prce
967 2395 1167 2463 pudore
1189 2395 1553 2466 paenitentiam
1577 2412 1682 2450 non
1699 2407 1944 2452 acturum

361 2497 498 2537 esse.
537 2483 650 2538 Duo
674 2483 811 2538 mala
835 2484 998 2551 facit,
1047 2485 1112 2539 ad
1143 2496 1416 2556 peccatum
1462 2487 1682 2558 pellicit,
1713 2497 1767 2543 et
1786 2504 1815 2543 a
1833 2503 1948 2559 poe-

359 2573 576 2628 nitentia
607 2584 768 2630 arcet.
800 2574 906 2630 Cur
936 2584 986 2631 te
1011 2576 1121 2647 jam
1152 2577 1348 2648 pudet?
1393 2577 1526 2633 Cum
1577 2579 1941 2648 foruicareris,

359 2680 463 2720 non
516 2666 905 2733 erubescehas;
935 2683 1056 2722 cum
1103 2669 1397 2725 remedium
1446 2671 1717 2740 admoves,
1745 2673 1944 2742 pudore

359 2756 720 2812 suffunderis?
765 2773 885 2814 cum
932 2760 1157 2830 teipsum
1199 2776 1228 2814 a
1267 2771 1487 2832 peccato
1512 2764 1724 2826 liberas,
1753 2764 1946 2820 erube-

364 2848 496 2902 scis?
525 2848 676 2904 Tunc
703 2851 1020 2906 erubescere
1047 2851 1280 2908 debebas
1300 2895 1314 2920 ,
1341 2861 1468 2908 tunc
1508 2853 1762 2925 pudeﬁeri
1782 2869 1942 2925 opor-

357 2940 523 3008 tebat,
552 2957 672 2996 eum
704 2957 970 3012 peccares.
995 2942 1127 2998 Cum
1154 2954 1402 3016 peccator
1424 2945 1599 3010 ﬁeres,
1631 2962 1734 3001 non
1755 2945 1945 3002 erube—

359 3033 577 3098 scebas;
606 3047 725 3088 cum
746 3034 922 3104 justus
950 3033 1198 3103 efﬁceris,
1225 3036 1536 3092 erubescis?
1559 3037 1656 3091 Dic
1683 3047 1736 3091 tu
1759 3038 1945 3108 iniqui-

362 3133 488 3177 tates
513 3135 626 3178 tuas
670 3127 863 3195 primus
886 3168 901 3194 ,
948 3137 1004 3180 ut
1018 3128 1317 3199 justiﬁceris
1345 3128 1495 3198 (Isai.
1549 3131 1638 3188 45.
1687 3130 1774 3187 25.
1805 3131 1875 3186 ‘26

361 3213 475 3269 Non
500 3214 651 3281 dixit,
682 3225 741 3271 ut
768 3233 872 3272 non
901 3218 1149 3288 plectaris
1173 3221 1468 3292 supplicio;
1509 3221 1626 3290 sed,
1662 3221 1729 3278 Ut
1748 3223 1946 3292 justiﬁ-

360 3304 498 3358 reris.
553 3309 740 3361 Annon
783 3308 1074 3363 sufficiebat
1122 3311 1207 3379 ei,
1255 3311 1396 3382 quod
1438 3327 1543 3367 non
1573 3314 1758 3383 punias
1784 3328 1941 3381 eum,

359 3395 516 3450 etiam
539 3395 738 3465 justum
767 3399 973 3454 efﬁcis?
997 3400 1159 3456 Plane
1187 3401 1422 3472 quidem.
1474 3404 1544 3457 At
1593 3404 1825 3459 sermoni
1853 3419 1943 3459 se-

359 3485 485 3540 dulo
515 3498 748 3543 mentem
777 3489 991 3546 adhibe.
1020 3491 1228 3547 Justum
1258 3493 1404 3548 illum
1431 3493 1625 3549 efﬁcio.
1645 3495 1710 3549 Et
1730 3495 1944 3552 ubinam

361 3577 464 3633 hoc
492 3577 657 3633 fecit?
681 3579 738 3634 In
767 3582 995 3649 latrone,
1039 3592 1098 3637 ut
1127 3584 1227 3638 hoc
1251 3595 1452 3640 tantum
1483 3587 1650 3642 sodali
1693 3587 1897 3643 diceret
1929 3607 1942 3644 :

362 3667 544 3740 Neque
569 3680 623 3724 tu
663 3673 806 3727 times
839 3673 1018 3728 Deum.
1051 3675 1114 3729 Et
1132 3693 1224 3730 nos
1250 3679 1450 3749 quidem
1471 3681 1626 3749 jure;
1653 3697 1770 3734 nam
1793 3681 1946 3752 digna

362 3759 512 3829 factis
540 3761 810 3831 recipimus
831 3763 979 3834 (Luc.
1012 3764 1102 3820 25.
1132 3766 1223 3821 40.
1257 3769 1370 3838 41).
1402 3768 1537 3822 Dicit
1561 3776 1614 3824 et
1656 3769 1898 3826 Salvator
1927 3787 1941 3824 :

361 3849 534 3905 Hodie
567 3867 761 3905 mecum
801 3855 898 3908 eris
926 3854 978 3908 in
1007 3856 1247 3926 paradiso
1280 3855 1434 3932 (Ibid.
1469 3858 1584 3929 45).
1630 3857 1744 3914 Νοη
1771 3859 1942 3926 dixit,

361 3941 441 3998 'l‘e
465 3958 495 3998 a
527 3959 681 4014 pmna
712 3954 767 4000 et
810 3947 1074 4017 supplicio
1105 3949 1302 4017 eximo,
1325 3951 1419 4006 sed
1464 3951 1634 4022 ipsum
1661 3953 1860 4024 justum
1889 3954 1944 4008 in

361 4037 666 4107 paradisum
697 4039 1003 4095 introducit.

433 4130 692 4202 Confessio
709 4133 907 4202 justum
932 4135 1094 4204 efﬁcit.
1125 4165 1192 4175 —
1214 4134 1674 4206 Vidistin’justum
1697 4151 1793 4207 per
1811 4151 1945 4191 con-

364 4218 648 4276 fessionem
694 4222 981 4278 effectum?
1019 4225 1319 4280 Admodum
1351 4227 1608 4298 benignus
1637 4239 1718 4284 est
1765 4231 1899 4286 Deus
1927 4248 1944 4288 :

364 4310 474 4366 ﬁlio
501 4326 608 4365 non
643 4314 900 4384 pepercit,
926 4323 982 4370 ut
1012 4331 1167 4370 servo
1195 4329 1441 4387 parceret
1470 4337 1484 4373 :
1512 4320 1726 4374 tradidit
1749 4322 1946 4393 Unige-

365 4402 555 4471 nitum,
585 4412 643 4459 ut
668 4403 903 4474 ingratos
930 4421 1116 4462 servos
1143 4407 1434 4464 redimeret
1461 4428 1475 4466 :
1501 4413 1809 4482 sanguinem
1827 4413 1946 4469 Filii

365 4495 448 4551 sui
478 4495 528 4550 in
559 4495 788 4566 pretium
817 4496 1079 4564 deposuit.
1111 4497 1156 4553 0
1182 4499 1558 4570 benignitatem
1600 4503 1840 4558 Domini!
1870 4503 1949 4560 Ne

363 4586 493 4641 mihi
521 4602 736 4642 rursum
763 4589 910 4645 dicas
941 4589 1193 4645 :Pcccavi
1217 4595 1461 4660 multum,
1482 4595 1746 4663 quomodo
1763 4605 1948 4666 potero

360 4677 586 4734 salutem
607 4681 858 4749 consequi
881 4679 998 4735 ?Tu
1019 4696 1122 4734 non
1142 4692 1313 4750 potes,
1335 4682 1718 4742 Dominustuus
1740 4696 1907 4756 potest
1930 4705 1946 4745 :

363 4778 526 4839 atque
550 4769 619 4824 ita
653 4780 862 4842 potest,
888 4781 942 4826 ut
981 4772 1156 4828 deleat
1183 4784 1397 4844 peccata
1431 4784 1538 4831 tua.
1570 4777 1800 4834 Attende
1826 4779 1949 4834 dili-

361 4871 588 4934 genter:
619 4865 690 4918 ita
715 4863 857 4920 delet
883 4877 1120 4937 peccata,
1148 4877 1206 4922 ut
1231 4884 1297 4923 ne
1314 4869 1592 4940 vesﬁgium
1621 4871 1830 4941 quidem
1857 4888 1951 4928 eo—

365 4970 484 5012 rum
512 4963 745 5010 maueat.
789 4955 848 5010 In
877 4957 1190 5028 corporibus
1219 4974 1326 5014 non
1357 4959 1480 5015 item
1507 4977 1521 5014 :
1555 4975 1675 5015 nam
1703 4962 1803 5017 etsi
1832 4979 1949 5019 me-

360 5049 514 5108 dicus
541 5049 734 5104 millies
773 5049 1005 5105 studium
1058 5062 1112 5108 et
1157 5055 1389 5108 remedia
1447 5055 1716 5118 adhibeat,
1761 5057 1952 5112 vulnus

362 5142 579 5214 quidem
610 5156 643 5198 e
672 5141 848 5197 medio
871 5142 1046 5208 tollit;
1073 5143 1166 5200 sed
1190 5145 1500 5216 plerumque
1523 5147 1594 5214 ei,
1621 5147 1708 5217 qui
1731 5148 1782 5202 in
1814 5145 1951 5202 facie

372 5236 579 5308 plagam
626 5239 875 5309 accepit,
902 5239 1096 5294 vulnus
1139 5241 1354 5312 quidem
1405 5250 1574 5305 curat,
1608 5242 1700 5296 sed
1731 5243 1951 5297 cicatrix

369 5339 626 5398 remanet,
650 5340 704 5386 et
733 5332 785 5386 in
815 5340 1183 5402 argumentum
1230 5333 1462 5388 vulneris
1488 5334 1665 5388 vultus
1694 5333 1950 5387 deformi-

371 5431 532 5477 tatem
568 5422 878 5479 circnmfert
903 5442 917 5479 :
946 5423 1196 5496 milleqne
1227 5424 1400 5478 modis
1425 5426 1681 5479 annititur
1714 5423 1950 5480 medicus

367 5513 667 5569 cicatricem
697 5515 898 5581 delere,
926 5515 1020 5571 sed
1042 5531 1146 5570 non
1179 5524 1382 5585 potest;
1418 5524 1674 5586 repugnat
1694 5515 1834 5569 enim
1863 5515 1950 5569 iu-

368 5603 592 5659 ﬁrmitas
619 5615 820 5660 naturae
841 5647 856 5672 ,
889 5621 988 5661 nec
1015 5621 1120 5662 non
1148 5606 1278 5662 artis
1305 5615 1357 5660 et
1388 5605 1743 5662 remediorum
1779 5606 1946 5663 imbe-

366 5695 575 5754 cillitas.
602 5695 799 5754 Contra
819 5711 946 5755 vero
975 5697 1117 5756 Deus
1144 5713 1264 5756 cum
1295 5709 1513 5772 peccata
1541 5700 1705 5770 delet,
1750 5715 1847 5758 nec
1867 5702 1944 5758 ci-

1079 262 1138 319 S.
1178 243 1456 319 JOANNIS
1491 246 1968 312 CIIRYSOSTOMI
2007 247 2324 308 ARCHIEP.
2366 251 2895 309 CONSTANTINOP.

3550 255 3660 310 310

2063 367 2312 422 catriccm
2341 368 2613 438 relinquit,
2647 383 2746 423 nec
2793 365 3078 438 vestigium
3119 381 3334 425 manere
3380 368 3544 430 sinit.
3594 385 3657 423 ac

2059 475 2180 514 Clllll
2208 461 2434 515 sanitate
2463 461 2648 516 fornae
2675 461 2838 517 decus
2874 461 3114 532 largitur,
3141 476 3262 516 cum
3312 461 3658 540 immunitate

2056 565 2085 605 a
2117 551 2376 621 supplicio
2397 551 2658 622 justitiam
2678 552 2791 608 dat.
2822 568 3052 622 eumque
3077 553 3164 622 qui
3185 555 3424 624 peccavit
3444 555 3497 610 ei
3517 596 3534 620 ,
3561 555 3657 624 qui

2057 657 2162 698 non
2205 644 2465 713 peccavit,
2521 659 2700 713 parem
2731 643 2918 699 efﬁcit.
2949 643 3114 698 Tollit
3155 643 3296 698 enim
3343 656 3655 713 peccatum,

2054 745 2216 805 atque
2247 736 2297 792 id
2324 737 2489 792 efﬁcit
2509 747 2564 792 ut
2585 754 2759 807 neque
2792 738 2881 801 sit,
2912 753 3086 807 neque
3116 737 3312 792 factum
3344 737 3544 804 fuerit;
3581 740 3657 792 ita

2054 828 2255 884 scilicet
2293 829 2580 884 uuiversim
2617 828 2766 888 delet
2803 829 2934 884 illud
2967 846 2979 879 :
3009 843 3116 883 non
3159 837 3339 884 manet
3379 828 3614 884 cicatrix
3638 869 3653 893 ,

2055 934 2162 974 non
2193 921 2492 990 vestigium,
2515 934 2619 975 non
2648 930 3040 989 argumentum,
3070 936 3174 975 nou
3197 921 3425 989 signum.

2124 1011 2176 1066 5.
2209 1009 2265 1064 Id
2297 1011 2559 1067 undenam
2606 1011 2810 1082 liquet?
2833 1010 3106 1066 Dictorum
3136 1011 3277 1066 enim
3305 1010 3655 1066 demonstra-

2055 1102 2225 1157 tiones
2270 1102 2526 1158 exhibere
2567 1102 2760 1167 debeo,
2811 1103 2883 1158 ita
2909 1111 2967 1156 ut
2994 1118 3099 1158 non
3145 1118 3318 1158 meam
3371 1101 3651 1172 proferam

2053 1194 2390 1258 sententiam,
2411 1194 2502 1249 sed
2519 1209 2585 1249 ex
2602 1194 2892 1264 Scripturis
2910 1193 3294 1258 demonstrem,
3314 1200 3374 1246 ut
3389 1208 3475 1247 res
3496 1201 3650 1246 certa

2053 1283 2452 1355 iudubitataque
2490 1293 2723 1340 maneat.
2772 1285 2968 1339 lnduco
3011 1284 3170 1354 igitur
3208 1284 3356 1338 vobis
3394 1283 3651 1337 homines

2057 1375 2369 1430 vulneribus
2413 1376 2716 1443 sauciatos,
2775 1376 3027 1445 populum
3075 1376 3336 1446 integrum
3395 1375 3649 1429 homines

2054 1467 2238 1537 plenos
2257 1466 2543 1535 ulceribus,
2559 1468 2726 1533 sanie,
2748 1467 3039 1533 vermibus,
3063 1467 3150 1536 qui
3169 1466 3296 1520 nihil
3316 1465 3458 1520 aliud
3480 1481 3646 1535 quam

2053 1558 2242 1613 vulnus
2268 1566 2322 1615 et
2349 1559 2498 1614 ulcus
2521 1559 2631 1612 sint
2663 1577 2676 1612 :
2708 1559 2801 1629 qui
2826 1568 2998 1612 tamen
3032 1558 3103 1612 ita
3127 1557 3303 1612 curari
3330 1558 3558 1626 possint,
3587 1565 3647 1610 ut

2052 1665 2153 1704 nec
2182 1649 2397 1704 cicatrix
2423 1689 2440 1716 ,
2492 1665 2591 1704 nec
2620 1648 2921 1719 vestigium,
2975 1663 3075 1703 nec
3117 1648 3326 1717 signum
3356 1648 3592 1715 supersit
3625 1663 3643 1700 :

2051 1742 2294 1798 homines
2319 1744 2405 1813 qui
2434 1757 2539 1796 non
2568 1757 2753 1806 unum,
2783 1756 2888 1795 non
2918 1740 3042 1805 duo,
3089 1754 3194 1794 non
3227 1737 3345 1803 tria,
3377 1752 3480 1791 non
3501 1753 3644 1807 qua-

2053 1843 2172 1889 tuor
2189 1836 2408 1890 vuluera
2438 1834 2685 1901 habeant,
2717 1831 2812 1888 sed
2855 1847 2885 1886 a
2920 1832 3091 1900 capite
3112 1829 3179 1884 ad
3205 1830 3367 1901 pedes
3397 1829 3492 1884 toti
3522 1828 3646 1882 vul-

2049 1942 2152 1982 nus
2189 1929 2316 1983 sint.
2363 1926 2596 1982 Attende
2644 1926 2929 1997 diligenter
2952 1925 3179 1981 orationi
3209 1931 3327 1977 :est
3357 1923 3497 1977 enim
3547 1923 3644 1976 hic

2047 2034 2228 2075 sermo
2252 2029 2432 2074 noster
2449 2018 2748 2074 communis
2768 2027 2927 2088 atque
2955 2016 3221 2072 salutaris.
3247 2015 3642 2069 Medicamenta

2050 2128 2180 2186 paro
2209 2112 2536 2168 medicorum
2566 2110 2818 2166 remediis
2864 2109 3257 2180 praestantiora,
3317 2123 3435 2178 qua:
3459 2122 3526 2162 ne
3548 2121 3645 2161 re-

2049 2219 2146 2276 ges
2186 2203 2400 2274 quidem
2449 2203 2713 2257 adornare
2759 2211 3000 2270 possunt.
3033 2199 3168 2266 Quid
3194 2215 3290 2253 rex
3331 2198 3547 2268 potest?
3595 2197 3644 2254 E
3683 2253 3696 2264 ,

2049 2311 2267 2354 carcere
2319 2311 2527 2360 eruere,
2580 2311 2610 2348 a
2641 2295 2884 2365 gehenna
2934 2300 3112 2346 autem
3139 2291 3376 2346 eximere
3402 2305 3507 2344 non
3532 2304 3643 2360 po-

2050 2398 2155 2445 test
2185 2407 2198 2443 :
2227 2389 2482 2459 pecunias
2511 2387 2712 2457 largiri,
2743 2386 2975 2439 animam
3005 2400 3134 2440 vero
3162 2399 3378 2440 servare
3405 2397 3508 2437 non
3536 2398 3644 2437 va-

2048 2481 2140 2537 let.
2171 2479 2277 2535 Sed
2305 2479 2358 2534 in
2388 2493 2578 2533 manus
2607 2477 2934 2548 poenitentiae
2955 2491 3048 2530 vos
3081 2475 3252 2541 trado,
3281 2484 3343 2529 ut
3368 2475 3472 2528 vim
3518 2472 3644 2543 ejus

2048 2571 2317 2635 ediscatis,
2382 2578 2440 2624 ut
2465 2569 2683 2624 discatis
2738 2577 3015 2637 peccatum
3071 2583 3178 2621 non
3221 2567 3270 2622 ei
3317 2567 3638 2637 praavalere,

2053 2678 2229 2734 neque
2259 2663 2420 2718 ullam
2446 2677 2565 2717 esse
2592 2661 2945 2730 iniquitatem,
2969 2674 3090 2730 quae
3117 2659 3222 2713 vim
3244 2658 3359 2727 ejus
3379 2672 3643 2728 superare

2049 2757 2237 2826 possit.
2263 2753 2480 2809 Interim
2511 2752 2704 2808 induco
2733 2767 2842 2806 non
2897 2766 3061 2806 unum
3085 2792 3102 2817 ,
3154 2764 3260 2805 non
3307 2749 3480 2812 duos,
3526 2763 3641 2804 non

2050 2856 2179 2912 tres,
2208 2845 2306 2902 sed
2333 2845 2533 2915 pluries
2560 2844 2806 2900 millenos
2833 2843 3097 2910 homines,
3115 2841 3421 2896 vulneribus
3443 2841 3612 2896 ulceri
3631 2870 3645 2884 -

2048 2937 2252 3009 basque
2277 2936 2485 3007 plenos,
2527 2935 2819 2990 innumeris
2849 2932 3079 3004 peccatis
3127 2940 3349 2987 onustos
3371 2971 3386 2997 ,
3420 2931 3508 3002 qui
3539 2946 3641 3001 per

2051 3030 2421 3102 paenitentiam
2446 3029 2518 3083 ita
2565 3027 2790 3083 salutem
2815 3024 3069 3095 consequi
3099 3032 3343 3095 potuere,
3373 3031 3431 3077 ut
3456 3037 3639 3093 neque

2048 3123 2330 3194 vestigium
2358 3136 2528 3192 neque
2545 3119 2760 3176 cicatrix
2783 3119 3017 3188 priorum
3049 3117 3287 3172 ulcerum
3310 3127 3638 3172 remaneret.

2048 3217 2246 3274 Verum
2266 3216 2550 3286 diligenter
2575 3212 2834 3269 attendite
2863 3210 3119 3279 sermoni,
3143 3224 3318 3280 neque
3336 3209 3506 3264 solum
3547 3219 3642 3264 at-

2047 3311 2270 3377 tendite,
2283 3309 2377 3365 sed
2396 3309 2553 3363 etiam
2575 3322 2658 3375 ea,
2672 3321 2790 3377 qua:
2807 3302 3350 3370 dicuntur,memoriat
3369 3300 3639 3370 mandate,

2048 3411 2107 3458 ut
2133 3402 2382 3457 absentes
2415 3399 2734 3463 instituatis,
2772 3407 2968 3462 eteos,
2999 3397 3088 3466 qui
3117 3395 3344 3450 utilitate
3371 3394 3642 3449 sermonis

2047 3496 2207 3567 hujus
2231 3494 2470 3550 destituti
2496 3502 2650 3560 sunt,
2677 3491 3042 3562 diligentiores
3095 3488 3352 3544 reddatis.
3401 3485 3644 3542 Accedat

2048 3590 2210 3660 igitur
2238 3588 2327 3643 ille
2353 3585 2776 3655 Seraphinorum
2804 3591 3079 3654 spectator
3105 3581 3286 3644 Isaias,
3318 3581 3407 3649 qui
3447 3579 3636 3650 mysti-

2048 3695 2164 3736 cam
2196 3680 2341 3734 illam
2370 3677 2655 3733 melodiam
2681 3676 2914 3741 audivit,
2955 3674 3044 3744 qui
3083 3672 3288 3728 inﬁnita
3328 3670 3395 3725 de
3423 3669 3641 3724 Christo

2051 3772 2313 3843 praedixit.
2343 3769 2482 3837 Quid
2507 3769 2648 3825 dicat
2679 3776 3057 3837 percontemur
3084 3781 3097 3816 :
3134 3762 3303 3829 Visio,
3339 3778 3490 3830 quam
3515 3760 3642 3814 vidit

2049 3865 2217 3920 Isaias
2264 3865 2503 3919 adversus
2526 3861 2764 3917 Iudaeam
2801 3869 2849 3914 et
2874 3859 3113 3913 adversus
3151 3855 3438 3910 Jerusalem
3482 3853 3640 3927 (Isai.

2051 3958 2104 4012 1.
2131 3957 2207 4025 1).
2249 3956 2346 4010 Dic
2374 3954 2658 4018 visionem,
2689 3967 2846 4022 quam
2889 3949 3090 4005 vidisti.
3121 3948 3284 4013 Audi,
3331 3947 3542 4009 mlum,
3587 3956 3643 4000 et

2049 4048 2255 4102 auribus
2265 4047 2484 4118 percipe,
2499 4056 2653 4113 terra,
2665 4045 2784 4115 quia
2796 4043 3045 4097 Dominus
3059 4042 3290 4111 loquutus
3301 4050 3372 4095 est
3385 4039 3542 4111 (Ibid.
3553 4038 3612 4109 2)
3623 4079 3639 4093 .

2049 4141 2166 4196 Alia
2197 4139 2462 4209 pollicitus
2487 4152 2566 4203 es,
2597 4144 2652 4190 et
2691 4136 2792 4189 alia
2814 4133 2970 4188 dicis.
3001 4133 3255 4201 Quaenam
3293 4131 3397 4186 alia
3425 4130 3635 4200 pollici-

2053 4242 2138 4290 tus
2167 4233 2324 4288 sum?
2351 4230 2620 4299 Principio
2642 4228 2796 4295 dicis,
2820 4227 2969 4281 Visio
2991 4225 3247 4279 adversus
3277 4223 3514 4278 Judazam
3536 4263 3551 4286 ,
3583 4231 3644 4276 et

2050 4325 2306 4381 adversus
2325 4322 2658 4386 Jerusalem,
2685 4329 2740 4374 et
2779 4319 2942 4374 missa
2978 4317 3160 4373 Iudaea
3217 4324 3378 4385 atque
3420 4314 3642 4368 Jerusa-

2050 4417 2187 4481 lem,
2219 4415 2406 4470 cu-lum
2435 4411 2723 4482 alloqueris
2741 4451 2755 4476 ,
2779 4418 2835 4465 et
2864 4408 2929 4463 ad
2957 4416 3151 4463 terram
3194 4420 3499 4460 sermonem
3545 4403 3642 4457 do-

2052 4506 2220 4561 clinas
2244 4523 2258 4558 :
2283 4503 2570 4558 rationales
2595 4500 2840 4557 homines
2867 4500 3060 4552 missos
3081 4497 3209 4550 facis
3228 4537 3242 4562 ,
3268 4506 3322 4551 et
3359 4510 3480 4549 cum
3510 4494 3643 4547 irra-

2055 4596 2394 4653 tionabilibus
2437 4592 2719 4650 elementis
2772 4592 2936 4646 verba
2963 4589 3204 4644 censeris
3228 4589 3251 4642 ?
3277 4587 3410 4654 Quia
3441 4599 3637 4654 nempe

2054 4688 2502 4744 irrationabilibus
2530 4683 2956 4740 rationabiliores
2993 4681 3112 4736 facti
3141 4688 3265 4735 sunt
3291 4677 3640 4732 rationabiles

2055 4781 2168 4836 illi:
2200 4760 2372 4849 neque
2405 4778 2527 4834 ideo
2557 4785 2760 4831 tantum
2786 4817 2800 4842 ,
2825 4774 2917 4829 sed
2947 4773 3069 4843 quia
3096 4787 3214 4826 cum
3240 4769 3643 4825 iutrodueturus

2054 4887 2148 4929 eos
2173 4882 2317 4928 esset
2343 4869 2553 4942 Moyses
2577 4869 2629 4923 in
2661 4876 2856 4923 terram
2884 4864 3255 4936 promissionis
3275 4905 3289 4929 ,
3319 4872 3375 4918 et
3403 4877 3523 4932 qure
3552 4860 3642 4914 fu-

2057 4973 2173 5018 tura
2197 4971 2353 5018 erant
2387 4959 2738 5031 praevideret,
2767 4957 2910 5028 quod
2941 4956 3194 5010 nimirum
3230 4969 3349 5024 quae
3397 4952 3498 5006 sibi
3529 4960 3640 5005 trav

2052 5056 2163 5110 dita
2191 5051 2772 5121 fuerantcontempturi
2797 5058 2978 5105 essent
3006 5066 3019 5102 :
3047 5046 3204 5114 Audi,
3223 5047 3422 5112 cretum,
3450 5044 3640 5115 inquit,

2054 5156 2103 5202 et
2130 5146 2352 5200 attendat
2374 5154 2510 5199 terra
2535 5145 2683 5198 verba
2709 5159 2770 5196 ea:
2787 5159 2874 5196 ore
2898 5157 3010 5196 meo
3037 5140 3211 5211 (Deut.
3237 5139 3418 5208 ΜΛ).
3439 5137 3644 5192 Conte-

2055 5247 2170 5295 stor
2190 5238 2343 5293 vobis
2360 5239 2547 5292 caelum
2567 5245 2622 5291 et
2643 5247 2858 5300 terram,
2881 5233 3050 5304 inquit
3075 5231 3309 5303 Moyses,
3345 5228 3486 5300 quod
3503 5230 3545 5283 si
3563 5229 3643 5282 in.

2055 5331 2227 5402 gressi
2254 5330 2456 5384 fueritis
2473 5329 2524 5382 in
2544 5335 2738 5382 terram
2760 5323 3131 5396 promissionis
3146 5365 3160 5388 ,
3177 5331 3232 5378 et
3247 5319 3641 5391 dereliqueritis

2059 5421 2344 5479 Dominum
2370 5422 2554 5484 Deum,
2575 5419 2804 5473 futurum
2821 5415 2890 5470 sit
2908 5423 2964 5469 ut
2985 5412 3360 5484 diSpergamini
3380 5414 3430 5466 iu
3458 5424 3645 5489 omnes

2056 5511 2425 5586 gentesNenit
2441 5510 2603 5565 Isaias
2620 5526 2632 5562 :
2650 5507 2880 5563 futurum
2894 5515 3079 5561 eratut
3094 5503 3436 5559 comminatio
3449 5502 3648 5570 iuopus

2056 5605 2293 5677 prodiret
2321 5621 2334 5658 :
2365 5619 2470 5658 non
2497 5609 2704 5672 poterat
2740 5598 2974 5670 Moysem
3005 5611 3252 5659 evocare,
3283 5608 3380 5650 nec
3409 5606 3521 5656 eos,
3554 5590 3649 5659 qui

2059 5700 2230 5772 ipsum
2252 5696 2545 5765 audierant,
2576 5701 2760 5766 utpote
2779 5691 3088 5757 defunctos;
3118 5696 3172 5746 et
3201 5687 3461 5744 elementa
3482 5682 3646 5739 advo-
