3906 6224
130 256 251 314 539

129 379 281 451 ἔχει,
312 382 346 453 ή
386 379 643 453 μετάνοια
678 380 777 453 τὴν
806 380 1152 456 δικαιοσύνην
1179 382 1457 457 ’κέκτηται
1477 400 1494 417 ο
1536 382 1686 454 Λέγε
1709 379 1821 452 γὰρ

128 469 252 535 τὰς
288 468 541 538 ἀνομίας
585 484 705 524 σου
750 467 1001 539 πρῶτος,
1049 470 1152 525 ἵνα
1181 471 1529 541 δικαιωθῇς·
1585 472 1700 535 καὶ,
1730 470 1826 524 Δί-

131 572 318 624 καιος
347 555 569 611 ἑαυτοῦ
591 556 925 627 κατήγορος
951 558 1023 613 ἐν
1052 559 1442 629 πρωτολογίᾳ.
1473 557 1645 623 Εἰδὼς
1667 554 1761 613 οὖν
1794 561 1823 614 0

128 643 412 710 Σατανᾶς,
441 645 572 716 δτιή
605 644 704 716 μὲν
729 645 971 716 ἁμαρτία
991 646 1102 717 ἔχει
1134 647 1233 718 τὴν
1261 646 1552 720 αἰσχύνην,
1590 648 1823 718 πρᾶγμα

135 734 347 803 ἱκανῶς
366 733 704 806 ἀποκροῦσαι
728 735 818 788 τὸν
843 736 1223 807 ἁμαρτάνοντα
1247 736 1562 807 δυνάμενον,
1589 737 1623 806 ή
1646 735 1702 789 δὲ
1728 753 1822 806 με·

132 823 335 877 τάνοια
374 822 486 899 ἔχει
527 822 626 894 τὴν
651 824 989 896 παρρησίαν,
1021 826 1253 895 πρᾶγμα
1300 824 1482 878 ἰκανὸν
1510 822 1823 877 ἐπισπάσα-

136 913 273 967 σθαι
301 912 392 966 τὸν
429 910 813 983 μετανοοῦντα,
867 911 1123 984 ἐνήλλαξε
1168 913 1267 982 τὴν
1299 912 1474 979 τάξιν,
1524 911 1618 965 καὶ
1651 910 1819 966 ἔδωκε

134 1001 247 1074 τὴν
275 1000 537 1074 αἰσχύνην
563 1003 630 1072 τῇ
667 1000 944 1073 μετανοίᾳ,
973 1001 1068 1056 καὶ
1081 999 1180 1071 τὴν
1206 1000 1520 1073 παρρησίαν
1543 1001 1609 1071 τῇ
1634 1000 1817 1071 ἀμαρ-

137 1089 255 1160 τίᾳ.
284 1088 453 1143 Πόθεν
481 1088 670 1154 τοῦτο;
700 1087 809 1156 ἐγὼ
837 1088 999 1159 λέγω.
1038 1086 1345 1142 Ἀλίσκεταί
1375 1105 1458 1150 τις
1493 1087 1599 1140 ὑπὸ
1630 1084 1822 1139 ἐπιθυ-

137 1179 278 1249 μίας
325 1177 570 1249 χαλεπῆς
613 1177 750 1250 πρὸς
808 1176 1087 1246 πάνδημον
1144 1176 1347 1249 πόρνην
1371 1194 1385 1211 ’
1439 1174 1722 1235 ἀκολουθεῖ
1748 1177 1816 1248 τῇ

138 1266 320 1338 πόρνῃ
371 1266 448 1329 ὼς
483 1266 827 1337 αἰχμάλωτος
850 1282 863 1295 ·
897 1265 1202 1336 εἰσέρχεται
1235 1266 1316 1327 εἰς
1352 1264 1413 1317 τὸ
1436 1261 1814 1333 καταγώγιον

132 1355 241 1409 οὐκ
265 1357 671 1427 αἰσχυνόμενος,
701 1356 801 1413 οὐκ
831 1354 1098 1426 ἐρυθριῶν
1136 1355 1507 1425 συμπλέκεται
1527 1357 1593 1426 τῇ
1619 1355 1816 1426 πόρνῃ,

135 1443 371 1514 πράττει
394 1446 491 1515 τὴν
518 1444 791 1515 ἁμαρτίαν
810 1460 824 1475 ·
860 1442 1096 1516 οὐδαμοῦ
1114 1443 1345 1515 αἰσχύνη
1375 1443 1540 1514 αὐτῷ,
1577 1442 1816 1514 οὐδαμοῦ

130 1530 369 1603 ἐρυθριᾷ
388 1548 401 1562 ·
424 1531 706 1603 ἐξέρχεται
736 1531 944 1585 ἐκεῖθεν
967 1531 1105 1602 μετά
1128 1530 1188 1585 τὸ
1207 1530 1358 1593 τέλος
1387 1530 1487 1601 τῆς
1519 1528 1815 1599 ἁμαρτίας,

131 1624 236 1676 καὶ
260 1622 347 1677 ἴνα
380 1621 686 1692 μετανοήσῃ
708 1619 1042 1691 αἰσχύνεται.
1081 1619 1267 1673 Ἀθλιε
1287 1658 1302 1683 ,
1333 1619 1421 1672 ὅτε
1455 1618 1815 1689 περιεπλέκου

130 1713 206 1781 τῇ
238 1711 437 1780 πόρνῃ.
467 1708 568 1762 οὐκ
594 1707 851 1779 ᾐσχύνου,
876 1707 990 1761 ἀλλ’
1023 1708 1113 1762 ὅτε
1131 1703 1293 1779 ἦλθες
1321 1706 1675 1778 μετανοῆσαι,
1693 1706 1815 1760 τότε

129 1797 406 1869 αἰσχύνῃς
454 1795 796 1867 Αἰσχύνεται,
825 1794 976 1860 εἰπέ;
1026 1796 1106 1859 εἰς
1138 1794 1191 1851 τί
1235 1795 1324 1848 ὅτε
1361 1794 1689 1864 ὲπόρνευσεν
1716 1794 1818 1847 οὐκ

129 1884 438 1956 ᾐσχύνετο;
462 1884 536 1938 Τὸ
565 1884 797 1954 πρᾶγμα
819 1884 1068 1954 πράττει,
1096 1884 1191 1936 καὶ
1220 1882 1320 1935 οὐκ
1353 1881 1689 1953 αἰσχύνεται,
1722 1882 1817 1936 καὶ

128 1973 200 2027 τὸ
229 1973 383 2044 ῥῆμα
414 1972 674 2044 ἐρυθριᾷς
703 1970 959 2026 Διαδόλου
979 1970 1036 2024 δέ
1058 1972 1174 2024 ἐστι
1199 1969 1507 2042 κακουργία
1538 1969 1701 2038 αὕτη.
1729 1971 1817 2024 Ἐν

129 2062 204 2130 τῇ
242 2059 485 2131 ἁμαρτίᾳ
522 2060 620 2113 οὐκ
644 2057 867 2130 ἀφίησιν
894 2057 1055 2112 αὐτὸν
1076 2056 1448 2128 αἰσχύνεσθαι,
1475 2056 1612 2111 ἀλλά
1646 2057 1816 2129 δημο-

131 2145 418 2203 σιεύεσθαι
438 2164 451 2178 ·
469 2142 578 2202 οἶδε
609 2145 738 2218 γάρ,
760 2146 845 2201 ὅτι
870 2145 965 2201 ἐάν
986 2146 1272 2216 αἰσχυνθῇ,
1296 2145 1487 2215 φεύγει
1511 2145 1612 2218 τὴν
1629 2146 1816 2221 ἀμαρ-

127 2236 290 2291 τίανθ
325 2236 382 2289 ἐν
407 2236 474 2306 τῇ
508 2234 765 2306 μετανοίᾳ
784 2236 930 2289 ποιεῖ
955 2233 1120 2287 αὐτὸν
1150 2232 1535 2303 αἰσχύνεσθαι,
1565 2230 1671 2289 οἶδε
1706 2232 1817 2305 γὰρ

129 2325 221 2378 ὅτι
248 2322 636 2394 αἰσχυνόμενος
662 2321 723 2375 οὐ
778 2323 1047 2393 μετανοεῖ.
1083 2319 1186 2373 Δύο
1218 2320 1365 2374 κακὰ
1394 2322 1557 2385 ποιεῖ,
1589 2320 1685 2375 καὶ
1734 2323 1816 2387 είς

130 2411 237 2484 τὴν
257 2411 530 2483 ἁμαρτίαν
556 2409 726 2473 ἕλκει,
758 2409 853 2462 καὶ
869 2406 965 2479 τὴν
987 2408 1275 2478 μετάνοιαν
1301 2406 1507 2479 ἐπέχει.
1537 2407 1602 2460 Τί
1626 2409 1816 2478 αἰσχύ-

131 2518 204 2572 νῃ
226 2499 447 2566 λοιπόν;
475 2501 604 2554 Ὅτε
624 2498 917 2571 ἐπόρνευες
936 2539 952 2563 ,
992 2498 1092 2557 οὐκ
1121 2496 1356 2569 ᾐσχύνου
1376 2512 1390 2526 ·
1443 2496 1532 2551 ὅτε
1573 2498 1636 2557 τὸ
1670 2498 1815 2569 φάρ-

137 2606 314 2662 μακον
338 2590 607 2660 ἐτῃτίθης,
632 2588 863 2660 αἰσχύνῃ
884 2606 899 2655 ;
922 2589 1010 2642 ὅτε
1036 2587 1397 2651 ἀπαλλάττεις
1417 2588 1607 2643 ἑαυτὸν
1635 2589 1816 2661 ἀμαρ-

131 2678 278 2742 τίας,
300 2677 566 2750 αἰσχύνῃ;
606 2678 741 2731 Τότε
771 2676 1003 2745 ῶφειλες
1044 2675 1418 2746 αἰσχύνεσθαι,
1460 2676 1580 2731 τότε
1606 2675 1715 2735 ἔδει
1752 2693 1814 2730 σε

131 2769 486 2839 αἰσχύνεσθαι
516 2805 533 2830 ,
574 2768 665 2820 ὅτε
697 2766 1035 2838 ἡμάρτανες.
1062 2766 1192 2820 Ὅτε
1235 2766 1418 2835 ὲγίνου
1467 2765 1811 2838 ἁμαρτωλὸς,

131 2858 239 2911 οὐκ
287 2855 522 2929 ᾐσχύνου
548 2873 563 2889 ’
608 2855 698 2909 ὅτε
748 2855 874 2927 γίνῃ
933 2855 1158 2917 δίκαιος,
1214 2852 1478 2925 αἰσχύνῃς
1528 2853 1678 2923 Λέγε
1706 2853 1814 2921 τὰς

130 2946 382 3014 ἀνομίας
412 2958 534 3000 σου
562 2942 811 3012 πρῶτος,
845 2942 947 2996 ἵνα
969 2940 1309 3010 δικαιωθῇς.
1332 2937 1404 2993 Ὦ
1432 2939 1813 3012 φιλανθρωπία

131 3036 426 3088 Δεσπότου.
463 3033 577 3087 Οὐκ
608 3028 783 3097 εἶπεν,
818 3032 935 3085 Ἵνα
967 3031 1041 3102 μὴ
1082 3028 1375 3101 κολασθῇς,
1406 3029 1523 3083 ἀλλ’
1564 3029 1701 3085 Ἵνα
1728 3029 1813 3083 δι-

130 3121 393 3190 καιωθῇς
414 3136 428 3151 ·
474 3121 576 3175 οὐκ
607 3121 768 3192 ἤρκει
800 3118 971 3190 αὐτῷ,
1003 3118 1087 3171 ὅτι
1114 3119 1176 3171 οὐ
1212 3117 1463 3183 κολάζεις
1491 3118 1676 3180 αὐτὸν,
1729 3116 1809 3171 ἔτι

133 3212 232 3264 καὶ
251 3210 457 3264 δίκαιον
479 3210 652 3272 ποιεῖς
671 3223 686 3273 ;
708 3207 819 3260 Καὶ
834 3207 998 3261 πάνυ.
1043 3204 1204 3259 Ἀλλά
1223 3204 1459 3278 πρόσεχε
1492 3205 1633 3276 μετά
1651 3207 1811 3278 ἀκρι-

130 3298 286 3361 ϐείας
331 3297 410 3369 τῷ
447 3296 610 3367 λόγῳ.
672 3296 892 3350 Δίκαιον
921 3293 1083 3348 αὐτὸν
1114 3293 1275 3349 ποιῶ.
1339 3294 1451 3348 Καὶ
1497 3293 1601 3348 ποῦ
1651 3294 1809 3349 τοῦτο

129 3387 419 3457 ἐποίησενς
464 3386 586 3438 Ἐπὶ
612 3383 706 3438 τοῦ
732 3381 953 3456 λῃστοῦ,
993 3382 1079 3435 ’ίνα
1102 3383 1232 3455 είπῃ
1255 3381 1413 3451 μόνον
1434 3383 1629 3448 ἐκεῖνο,
1657 3382 1809 3437 Οὐδὲ

128 3473 288 3545 φοϐῇ
325 3473 408 3529 σὺ
436 3473 544 3528 τόν
569 3472 739 3537 Θεὸν,
770 3470 847 3541 τῷ
874 3470 1074 3542 ἑταίρῳ
1106 3469 1292 3524 αὐτοῦ.
1338 3469 1447 3524 Καὶ
1490 3469 1663 3537 ἡμεῖς
1688 3469 1810 3540 μὲν

128 3562 375 3627 δικαίωζι
390 3577 407 3593 ·
454 3560 592 3625 ἀξια
620 3560 730 3630 γὰρ
764 3553 853 3612 ὧν
904 3556 1246 3627 ἐπράξαμεν
1284 3555 1804 3627 ἀπολαμϐάνομεν.

128 3649 295 3718 Λέγει
329 3648 465 3721 πρὸς
489 3648 649 3702 αὐτὸν
674 3648 703 3699 0
731 3646 941 3718 Eun-{79'
975 3643 1246 3715 Σήμερον
1259 3643 1387 3713 μετ’
1414 3643 1562 3713 ἐμοῦ
1585 3645 1701 3721 ἔσῃ
1736 3645 1808 3701 ἐν

128 3737 214 3805 τῷ
241 3734 609 3807 παραδείσῳ.
664 3735 778 3789 Οὐκ
831 3731 1006 3797 εἶπεν,
1051 3732 1403 3787 Ἀπαλλάττω
1441 3750 1502 3786 σε
1529 3733 1807 3799 κολάσεως

130 3825 229 3879 καὶ
241 3824 530 3900 τιμωρίας,
562 3823 677 3878 ἀλλ’
699 3824 779 3888 εἰς
805 3822 897 3881 τὸν
926 3822 1252 3893 παράδεισον
1278 3820 1489 3890 εἰσάγει
1533 3820 1696 3876 αὐτὸν
1725 3821 1805 3876 δί-

126 3931 307 3971 καιον.

201 3999 356 4066 Εἶδες
396 4001 504 4056 ἀπὸ
547 3999 987 4072 ἐξομολογήσεως
1042 3997 1250 4053 δίκαιον
1298 3998 1625 4070 γενόμενον;
1660 3999 1800 4054 Πολύ

129 4090 510 4163 φιλάνθρωπός
533 4092 680 4144 ἐστιν
707 4090 736 4143 0
760 4088 892 4152 Θεός
913 4103 927 4119 ο
964 4085 1094 4140 Υίοῦ
1120 4088 1220 4140 οὐκ
1253 4087 1526 4156 ἐφείσατο,
1560 4087 1646 4142 ἵνα
1676 4087 1798 4141 δού-

127 4178 222 4234 λου
254 4180 540 4249 φείοηταιο
577 4175 862 4249 παρέδωκε
912 4175 1003 4229 τὸν
1062 4174 1368 4245 Μονογενῆ,
1412 4175 1501 4230 ῐνα
1553 4174 1800 4250 ἀγοράσῃ

125 4264 346 4329 δούλους
391 4262 751 4334 ἀγνώμονας’
804 4262 867 4315 τὸ
923 4256 1063 4332 αἷμα
1117 4261 1214 4317 τοῦ
1249 4260 1380 4315 Υίοῦ
1433 4257 1600 4316 αὐτοῦ
1631 4261 1799 4332 τιμὴν

128 4352 447 4409 κατέϐαλεν.
472 4347 543 4404 Ὦ
576 4349 954 4421 φιλανθρωπία
979 4349 1272 4407 Δεσπότου.
1308 4350 1417 4403 Καὶ
1447 4350 1522 4422 μή
1561 4366 1650 4421 μοι
1671 4350 1795 4419 λέγε

125 4442 310 4498 πάλιν·
346 4441 634 4512 Ἥμαρτον
673 4437 862 4503 πολλὰ,
898 4437 994 4490 καὶ
1024 4436 1140 4500 πῶς
1174 4438 1474 4509 δυνήσομαι
1516 4437 1795 4509 σωθῆναι;

125 4532 199 4584 Σὺ
219 4530 279 4584 οὐ
307 4530 551 4591 δύνασαι,
583 4530 612 4582 ό
643 4526 920 4597 Δεσπότης
976 4541 1070 4578 σου
1097 4524 1351 4589 δύναται,
1386 4526 1482 4579 xal
1510 4524 1684 4591 οὕτως
1720 4527 1798 4591 ὡς

124 4617 398 4688 ἐξαλεῖψαι
411 4617 482 4669 τὰ
506 4613 656 4687 [544]
672 4614 892 4685 ἀμαρτή
901 4629 1066 4683 ματα.
1088 4612 1328 4684 Πρόσεχε
1349 4611 1488 4683 μετὰ
1509 4613 1797 4685 ἀκριϐείας

122 4705 201 4776 τῷ
228 4706 390 4775 λόγῳ·
413 4702 586 4766 οὕτως
608 4701 879 4771 ἐξαλείφει
898 4700 968 4754 τὰ
984 4700 1205 4771 ἁμαρτῆ
1215 4716 1376 4770 ματα,
1394 4699 1470 4762 ὡς
1491 4701 1630 4772 μήτε
1650 4700 1794 4771 ἴχνος

124 4794 302 4847 αὐτῶν
335 4796 536 4864 μεῖναι.
571 4791 694 4844 Ἐπὶ
719 4790 815 4861 μὲν
838 4788 946 4860 γὰρ
971 4789 1081 4842 τῶν
1104 4789 1370 4859 σωμάτων
1399 4788 1500 4843 οὐκ
1517 4786 1597 4842 ἔνι
1612 4787 1790 4855 τοῦτο,

123 4882 259 4937 ἀλλά
290 4881 392 4935 κᾶν
423 4880 680 4954 μυριάκις
715 4877 992 4949 σπουδάσῃ
1018 4878 1047 4929 0
1103 4877 1307 4949 ἰατρὸς,
1364 4876 1466 4933 κᾶν
1518 4876 1792 4948 φάρμακα

122 4969 282 5041 ἐπιθῇ
315 4969 393 5041 τῷ
428 4967 744 5038 τραύματι,
792 4967 856 5018 τὸ
887 4966 983 5036 μὲν
1031 4965 1251 5036 τραῦμα
1299 4965 1599 5034 ἠφάνισεν·
1651 4963 1789 5019 ἀλλά

123 5057 380 5120 πολλάκις
413 5056 626 5127 ἐπλήγη
651 5071 736 5117 τις
785 5054 864 5117 εἰς
891 5052 988 5123 τὴν
1012 5052 1135 5122 ὄψιν
1158 5090 1174 5115 ,
1212 5052 1307 5104 καὶ
1337 5052 1399 5104 τὸ
1428 5052 1527 5122 μὲν
1564 5050 1789 5123 τραῦμα

119 5145 445 5218 διώρθωσεν,
473 5146 507 5216 ἡ
533 5144 591 5197 δέ
612 5142 743 5214 οὐλὴ
773 5141 1144 5211 ἐναπέμεινεν,
1166 5140 1386 5210 ἔλεγχον
1406 5138 1502 5194 τοῦ
1534 5140 1788 5211 τραύμα-

118 5249 211 5296 τος
236 5232 606 5304 περιφέρουσα
635 5230 735 5300 τὴν
763 5227 1039 5298 ἀμορφίαν
1072 5227 1170 5297 τῆς
1195 5225 1399 5295 θψεως·
1425 5227 1520 5280 καὶ
1553 5226 1789 5297 φιλονει-

118 5323 206 5375 κεῖ
242 5319 408 5392 μυρία
439 5321 467 5372 ό
503 5317 685 5389 ἰατρὸς
707 5315 986 5385 ἐξαλεῖψαι
1019 5313 1116 5368 καὶ
1136 5315 1238 5384 τὴν
1263 5313 1444 5386 οὐλὴν,
1473 5316 1532 5367 οὐ
1562 5315 1786 5369 δύναται

117 5408 208 5463 δέ’
239 5405 547 5462 ἀντιπίπτει
580 5403 689 5474 γάρ
721 5401 869 5473 αὐτῷ
895 5404 930 5474 ή
966 5401 1220 5456 ἀσθένεια
1256 5402 1356 5465 τῖνς
1394 5400 1635 5471 φύσεως,
1690 5403 1786 5457 καὶ

121 5626 325 5738 misre
362 5623 475 5675 Sav.
516 5623 568 5673 in
613 5622 732 5674 Mor.
777 5622 998 5674 auadam
1038 5624 1235 5675 desunt.
1270 5623 1397 5686 ﬁes.
1444 5623 1553 5679 hac
1603 5624 1775 5676 vti-illa

1309 269 1399 327 DE
1434 261 1912 326 ΡαεΝιτεΝΤιΑ.
1953 262 2190 323 H030“...
2229 265 2363 324 νιιι.

3494 277 3602 336 3ίο

1926 378 1989 433 τὸ
2020 380 2312 455 ἀνίσχυρον
2343 384 2443 456 τῆς
2460 385 2677 459 τέχνης,
2708 388 2808 444 καὶ
2823 390 2882 445 τὸ
2905 390 3120 456 εὐτελὲς
3144 391 3253 446 τῶν
3277 395 3599 467 φαρμάκων.

1938 467 1996 521 '0
2020 467 2076 522 δὲ
2103 469 2235 536 Θεὸς
2272 470 2401 528 ὅταν
2432 472 2689 549 ἐξαλείφῃ
2718 476 2786 532 τὰ
2839 479 3234 551 ἁμαρτήματα.
3269 481 3392 535 οὐδὲ
3440 482 3605 555 οὐλὴν

1925 556 2169 629 ἀφίησιν,
2224 559 2347 613 οὐδὲ
2401 560 2545 633 ἴχνος
2594 568 2872 637 συγχωρεῖ
2924 569 3125 639 μεῖναι,
3159 567 3297 624 ἀλλὰ
3321 570 3463 641 μετά
3504 572 3604 643 τῆς

1925 645 2133 712 ὑγιείας
2158 646 2251 701 καὶ
2270 646 2370 720 τὴν
2397 650 2699 723 εὐμορφίαν
2723 652 3028 724 χαρίζεται,
3057 656 3195 725 μετά
3219 657 3318 729 τῆς
3360 657 3605 714 ἀπαλλα·

1924 731 2030 805 γῆς
2058 734 2158 806 τῆς
2195 735 2471 803 κολάσεως
2497 741 2592 795 καὶ
2620 739 2970 813 δικαιοσύνην
2998 743 3202 809 δίδωσι,
3225 746 3318 800 καὶ
3347 747 3602 813 ποιεῖ,τδν

1923 823 2282 909 ἡμαρτηκότα
2312 827 2427 880 ἴσον
2444 822 2582 882 εἶναι
2604 827 2683 898 τῷ
2710 828 2787 900 μὴ
2819 832 3182 902 ἡμαρτηκότι.
3223 834 3467 907 Ἀναιριῖ
3493 836 3605 909 γὰρ

1920 908 1984 963 τὸ
2016 911 2347 984 ἁμάρτημα,
2384 917 2475 969 καὶ
2504 920 2647 971 ποιεῖ
2672 918 2804 972 αὐτὸ
2830 919 2966 992 μηδὲ
3004 917 3142 975 εἶναι
3163 963 3178 984 ,
3217 924 3354 995 μηδὲ
3387 908 3606 995 γεγονέ-

1922 1012 2045 1051 ναι·
2079 998 2222 1055 οὕτω
2265 1002 2493 1056 καθόλου
2539 1004 2673 1059 αὐτὸ
2697 1007 2911 1078 ἀναιρεῖ
2930 1022 2943 1036 '
2989 1008 3088 1063 οὐκ
3115 1008 3267 1082 οὐλὴ,
3299 1011 3401 1066 οὐκ
3430 1012 3599 1084 ἴχνος,

1921 1087 2022 1140 οὐκ
2045 1086 2281 1159 ἔλεγχος,
2312 1092 2370 1144 οὐ
2400 1092 2613 1163 δεῖγμα.

1996 1181 2067 1243 γ’.
2092 1174 2196 1230 Καὶ
2229 1177 2396 1233 πόθεν
2421 1179 2578 1251 δῆλον
2592 1181 2786 1250 τούτω
2815 1174 2916 1237 *Ων
2929 1181 3038 1256 γὰρ
3061 1182 3173 1254 ἐγὼ
3200 1184 3471 1255 λέγω,καὶ
3500 1190 3606 1255 τὰς

1919 1262 2226 1332 ἀποδείξεις
2252 1267 2452 1336 ὀφείλω
2483 1270 2883 1348 παρασχέσθαι,
2918 1271 3059 1326 ὥστε
3097 1273 3175 1345 μὴ
3204 1275 3598 1345 ἀποφαίνεσθαι

1922 1351 2104 1421 μόνον,
2141 1353 2255 1407 ἀλλ’
2283 1356 2664 1417 ἀποδεικνύναι
2693 1358 2801 1413 ἀπὸ
2827 1359 2936 1414 τῶν
2959 1360 3210 1433 Γραφῶν,
3235 1362 3321 1416 ἴνα
3350 1365 3601 1438 ἀσφαλὴς

1918 1440 2080 1513 μείνῃ
2118 1443 2152 1513 ἡ
2186 1442 2548 1518 πληροφορία.
2592 1448 2813 1514 Εἰσὰγω
2850 1444 2943 1503 οὖν
2974 1450 3104 1521 ὑμῖν
3137 1450 3458 1522 ἀνθρώπους
3506 1472 3598 1507 τε·-

1917 1532 2426 1603 τραυματισμένους
2452 1573 2467 1598 ,
2502 1534 2672 1606 δῆμον
2718 1536 3033 1609 ὁλόκληρον,
3089 1538 3265 1595 ἑλκῶν
3301 1540 3595 1613 γέμοντας,

1920 1617 2230 1687 σηπεδόνος,
2267 1620 2567 1693 σκωλήκων
2588 1662 2603 1687 ,
2641 1623 2762 1679 ὅλον
2790 1623 3013 1697 τραῦμα
3038 1625 3218 1691 ὄντας,
3269 1627 3388 1682 ὅλον
3419 1629 3595 1698 ἕλκος,

1917 1704 2013 1759 καὶ
2043 1704 2185 1759 οὕτω
2209 1706 2543 1778 δυναμένους
2560 1710 2985 1782 θεραπευθῆναι,
3009 1713 3087 1777 ὡς
3110 1713 3186 1785 μὴ
3210 1717 3392 1785 μεῖναι
3411 1717 3594 1790 οὐλὴν,

1915 1790 1991 1856 ὡς
2020 1791 2097 1865 μὴ
2130 1796 2313 1864 μεῖναι
2345 1795 2510 1867 ἴχνος,
2540 1798 2616 1864 ὡς
2658 1800 2732 1870 μὴ
2768 1804 2948 1870 μεῖναι
2986 1801 3212 1872 δεῖγμα·
3245 1804 3344 1874 οὐχ
3363 1803 3422 1858 ἐν
3444 1805 3600 1877 ἕχον-

1916 1895 2014 1946 τας
2037 1879 2280 1953 τραῦμα,
2305 1884 2364 1936 οὐ
2389 1883 2503 1947 δύο,
2533 1886 2597 1940 οὐ
2632 1888 2777 1959 τρία,
2810 1890 2872 1942 ού
2902 1889 3165 1961 τέσσαρα,
3199 1892 3314 1947 ἀλλ’
3348 1893 3459 1948 ἀπὸ
3495 1912 3595 1948 πο-

1914 1965 2021 2057 δῶν
2069 1968 2174 2057 ἕως
2206 1970 2469 2057 κεφαλῆς
2496 1971 2719 2044 τραῦμα
2751 1974 2931 2042 ὄντας.
2967 1980 3210 2053 Πρόσεχε
3259 1983 3398 2053 μετὰ
3444 1983 3601 2057 ἀκρι-

1916 2051 2069 2117 ϐείας
2097 2054 2173 2126 τῷ
2205 2056 2347 2128 λόγῳ
2367 2075 2380 2090 ο
2412 2060 2592 2124 κοινὸς
2617 2060 2725 2132 γὰρ
2746 2065 2775 2117 ό
2804 2063 2961 2133 λόγος
2998 2051 3158 2133 οὗτος
3172 2051 3211 2139 ήή
3220 2051 3336 2140 μῶν
3364 2071 3457 2125 καὶ
3486 2051 3593 2125 σῶα

1914 2140 2123 2227 τῆριος.
2168 2143 2440 2214 Φάρμακα
2476 2147 2876 2214 κατασκευάζω
2927 2150 3037 2205 τῶν
3078 2154 3281 2226 ἰατρῶν
3326 2155 3591 2227 βελτίονα,

1916 2223 2004 2281 οἷα
2029 2228 2157 2284 οὔτε
2191 2230 2432 2303 βασιλεῖς
2463 2237 2877 2292 κατασκευάσαι
2919 2223 3196 2295 δύνανται.
3246 2223 3511 2309 Βασιλεὺς
3539 2246 3593 2298 τί

1913 2315 2168 2385 δύναται;
2200 2321 2585 2393 Δεσμωτηρίου
2618 2323 2889 2390 ἐκϐαλεῖν,
2931 2328 3159 2401 γεέννης
3201 2330 3259 2384 δὲ
3287 2331 3589 2404 ἐλευθερῶ-

1916 2422 2007 2461 σαι
2035 2408 2095 2461 οὐ
2128 2408 2379 2463 δύναταιο
2411 2411 2671 2482 χρήματα
2711 2413 3077 2484 χαρίσασθαι,
3124 2417 3303 2491 ψυχὴν
3327 2420 3386 2474 δὲ
3416 2421 3591 2476 σῶσαι

1912 2496 1975 2549 οὐ
2006 2496 2248 2555 δύναται.
2289 2497 2450 2553 Ἀλλά
2492 2502 2558 2570 τῇ
2594 2501 2738 2572 χειρὶ
2764 2502 2864 2571 τῆς
2898 2504 3186 2573 μετανοίας
3236 2508 3382 2578 ὑμᾶς
3413 2511 3594 2580 ἐγχει-

1916 2582 2070 2656 ρίζω,
2104 2586 2188 2641 ἵνα
2218 2585 2425 2657 μάθητε
2454 2587 2626 2658 αὐτῆς
2654 2589 2753 2659 τὴν
2782 2588 3035 2661 δύναμιν,
3071 2592 3157 2647 ἵνα
3190 2595 3398 2667 μάθητε
3417 2599 3590 2671 αὐτῆς

1911 2672 2012 2745 τὴν
2041 2674 2213 2744 ἰσχὺν,
2248 2673 2335 2728 ἵνα
2364 2674 2575 2746 μάθητε
2615 2676 2695 2729 ὅτι
2726 2678 2788 2730 οὐ
2824 2680 3163 2749 περιγίνεται
3202 2683 3373 2755 αὐτῆς
3409 2685 3592 2758 άμάρ.

1910 2777 2083 2832 τημα,
2115 2761 2237 2816 οὐδέ
2270 2763 2386 2816 ἔστι
2417 2763 2736 2835 παρανομία
2778 2765 3037 2836 ἰσχύουσα
3068 2771 3454 2840 περιγενέσθαι
3487 2775 3589 2829 αὐ-

1909 2851 2009 2922 τῆς
2041 2851 2139 2923 τῆς
2169 2850 2471 2922 δυνάμεως.
2530 2850 2679 2916 Τέως
2729 2853 2937 2922 εἰσάγω
2969 2855 3067 2926 οὐχ
3116 2855 3233 2920 ἕνα,
3281 2857 3342 2911 οὐ
3385 2859 3500 2926 δύο,
3527 2862 3587 2917 οὐ

1906 2940 2079 3011 τρεῖς,
2120 2938 2259 2993 ἀλλά
2298 2938 2543 3008 χιλιάδας
2590 2939 2794 3005 πολλὰς
2838 2941 3184 3014 ὴλκωμένας,
3225 2963 3590 3020 τετραυματι-

1908 3030 2138 3101 σμένας,
2172 3030 2381 3100 μυρίων
2408 3029 2824 3101 ἁμαρτημάτων
2844 3032 3143 3102 γεμούσας,
3168 3035 3277 3089 ἀπὸ
3293 3036 3394 3107 τῆς
3423 3056 3591 3110 μετα-

1908 3116 2059 3182 νοίας
2106 3116 2412 3187 δυναμένας
2453 3116 2712 3189 σωθῆναι,
2765 3117 2841 3183 ὡς
2873 3120 3009 3190 μηδὲ
3039 3120 3204 3193 ἴχνος,
3240 3125 3375 3197 μηδέ
3424 3127 3589 3199 οὐλὴν

1908 3205 2053 3278 ἔχειν
2074 3205 2184 3260 τῶν
2213 3205 2386 3259 έλκῶν
2418 3204 2528 3259 τῶν
2564 3208 2868 3284 προτέρων.
2918 3209 3085 3264 Ἀλλά
3118 3217 3416 3286 προσέχετε
3448 3218 3588 3289 μετά

1907 3293 2196 3367 ἀκριϐείας
2209 3292 2289 3364 τῷ
2311 3292 2475 3365 λόγῳ,
2499 3294 2594 3347 καὶ
2616 3295 2690 3366 μὴ
2717 3296 3010 3366 προσέχετε
3037 3300 3217 3369 μόνον,
3245 3302 3380 3358 ἀλλὰ
3404 3306 3498 3359 καί
3516 3308 3583 3379 τῇ

1911 3384 2100 3455 μνήμῃ
2155 3382 2472 3454 παραδίδοτε
2511 3382 2579 3437 τά
2608 3384 2898 3454 λεγόμενα,
2928 3385 3015 3442 ἵνα
3067 3391 3316 3457 καὶτοὺς
3366 3380 3614 3450 ἀπολειέ

1906 3471 2143 3542 φθέντας
2162 3470 2562 3543 συμϐιϐάσητε,
2596 3473 2691 3527 καὶ
2728 3473 2874 3529 οὕτω
2907 3478 2973 3548 τῇ
3010 3477 3251 3552 ὠφελείᾳ
3286 3480 3397 3536 τῶν
3434 3473 3624 3557 εἰρη-’;

1909 3562 2087 3634 μένων
2144 3562 2385 3633 ἐρήμους
2438 3560 2599 3628 ὄντας
2674 3563 3128 3639 σπουδαιοτέρους
3179 3574 3579 3644 καταστήσητε,

1905 3650 2175 3723 Παρέστω
2206 3650 2388 3705 τοίνυν
2424 3652 2654 3717 Ἡσαΐας
2697 3651 2726 3704 0
2765 3654 2873 3707 τῶν
2906 3656 3159 3728 Σεραφίμ
3183 3657 3406 3732 θεωρὸς,
3445 3664 3473 3717 0
3519 3662 3581 3717 τὸ

1907 3739 2172 3811 μυστικὸν
2200 3738 2361 3810 μέλος
2404 3739 2647 3805 ἀκούσας
2671 3742 2869 3807 ἐκεῖνο,
2896 3745 2925 3798 0
2972 3744 3143 3816 μυρία
3181 3749 3424 3819 περὶτοῦ
3450 3752 3583 3824 Χρι-

1905 3826 2031 3882 στοῦ
2069 3825 2346 3897 προειπών
2365 3843 2378 3858 ’
2412 3828 2783 3899 ἐρωτήσωμεν
2815 3830 2869 3882 τί
2897 3847 3092 3902 φησιν·
3123 3833 3371 3903 Ὅρασις
3400 3836 3481 3906 ἢν
3497 3840 3581 3894 ετ-

1900 3916 2010 3970 δεν
2041 3915 2289 3981 Ἡσαΐας
2323 3914 2474 3969 κατὰ
2494 3914 2607 3983 τῆς
2644 3915 2962 3985 Ἰουδαίας,
2997 3918 3097 3973 καὶ
3129 3923 3282 3979 κατὰ
3316 3924 3428 3993 τῆς
3476 3926 3582 3982 ἰε-

1893 4002 2241 4073 ρουσαλήμ.
2276 4001 2413 4056 Είπέ
2450 4002 2551 4074 τὴν
2603 4003 2792 4075 ὅρασιν
2850 4004 2918 4075 ἢν
2976 4002 3138 4072 εἶδες,
3201 4010 3430 4078 Ἄκουε,
3474 4017 3577 4070 οὐ-

1892 4091 2066 4161 par-0,
2109 4090 2208 4145 καί
2225 4087 2522 4156 ἐνωτίζου,
2554 4091 2654 4161 τῆ,
2684 4090 2776 4145 ὅτι
2799 4093 3013 4161 Κύριος
3042 4094 3369 4164 ἐλάλησεν.
3408 4102 3577 4157 Ἀλλα

1902 4176 2234 4249 ἐπηγγείλω,
2256 4178 2352 4232 καὶ
2395 4176 2530 4233 ἄλλα
2575 4177 2770 4248 λέγεις.
2832 4178 2980 4253 [545]
3025 4183 3160 4238 Ποῖα
3210 4184 3346 4241 ἄλλα
3400 4188 3574 4261 ἐπητ-

1898 4264 2205 4336 γειλάμην;
2274 4265 2600 4337 Ἀρχόμενος
2658 4265 2837 4335 λέγεις
2857 4283 2871 4299 ο
2929 4269 3179 4338 Ὅρασις
3245 4276 3401 4330 κατὰ
3460 4277 3574 4348 τῆς

1912 4352 2206 4420 Ἰουδαίας
2255 4353 2354 4408 καί
2412 4352 2564 4408 κατὰ
2619 4353 3017 4426 ἰεροισαλὴμ
3038 4397 3055 4424 υ
3108 4358 3204 4412 καὶ
3253 4361 3411 4429 ἀφεὶς
3471 4365 3571 4438 τὴν

1910 4444 2169 4498 Ἰουδαίαν
2194 4483 2210 4509 ,
2251 4443 2344 4497 καὶ
2379 4443 2476 4513 τὴν
2514 4443 2888 4515 Ἰερουσαλὴμ,
2936 4446 3151 4518 οὐρανῷ
3185 4450 3568 4526 προσδιαλέγῃ,

1897 4536 1993 4589 καὶ
2026 4535 2120 4589 ἐπὶ
2151 4535 2253 4606 τὴν
2279 4533 2386 4603 γῆν
2413 4533 2668 4596 ἐκκλίνας
2692 4533 2784 4587 τὸν
2814 4533 2989 4603 λόγον,
3018 4536 3239 4607 ἀφῆκας
3264 4541 3392 4604 τοὺς
3420 4541 3569 4611 λογι-

1895 4624 2028 4686 κούς
2058 4621 2397 4693 ἀνθρώπους,
2431 4622 2525 4675 καὶ
2567 4624 2682 4685 τοῖς
2719 4621 2935 4692 ἀλόγοις
2968 4626 3253 4696 στοιχείοις
3303 4628 3566 4706 διαλέγῃς

1907 4710 2126 4781 Ἐπειδὴ
2158 4708 2266 4762 τῶν
2295 4710 2504 4779 ἀλόγων
2536 4708 2875 4781 ἀλογώτεροιι
2891 4712 2938 4764 οἱ
2960 4710 3166 4781 λογικοί
3195 4715 3443 4784 ἐγένοντο
3467 4736 3479 4749 ·
3503 4721 3566 4775 οὐ

1892 4797 1980 4851 διὰ
2008 4796 2168 4852 τοῦτο
2192 4797 2248 4850 δὲ
2277 4796 2456 4868 μόνον,
2496 4796 2611 4851 ἀλλ’
2646 4797 2834 4866 ἐπειδὴ
2868 4799 3077 4869 μέλλων
3112 4802 3142 4854 0
3174 4802 3414 4877 Μωῠσῆς
3438 4807 3566 4860 πείσ-

1894 4888 2048 4957 άγειν
2075 4886 2274 4949 αὐτοὺς
2311 4887 2391 4948 εἰς
2423 4886 2522 4956 τὴν
2560 4885 2666 4955 γῆν
2688 4885 2788 4955 τῆς
2824 4887 3179 4956 ἐπαγγελίας,
3208 4891 3305 4944 καὶ
3345 4893 3566 4965 ἀφορῶν

1891 4974 1961 5029 τὰ
1990 4973 2249 5044 μέλλοντα
2266 4971 2505 5039 ἔσεσθαι,
2522 4972 2604 5025 ὅτι
2632 4971 2701 5025 τὰ
2731 4971 3142 5044 παραδεδομένα
3174 4975 3398 5048 ἔμελλον
3422 4996 3562 5053 παρ-

1892 5061 2043 5121 ιδεῖν.
2077 5063 2305 5122 Ἄκουε,
2339 5058 2579 5129 οὐρανέ,
2610 5059 2764 5132 φησί,
2797 5060 2894 5117 καί
2944 5064 3287 5133 προσεχέτω
3327 5064 3403 5134 γῆ
3448 5065 3560 5134 ῥή-

1883 5166 2044 5221 ματα
2073 5149 2143 5204 ἐκ
2170 5148 2467 5220 στόματός
2485 5166 2624 5218 μου.
2652 5147 3108 5221 Διαμαρτύρομαι
3131 5151 3260 5221 ὑμῖν
3280 5150 3370 5205 τὸν
3398 5152 3561 5225 οὐρα-

1889 5238 1979 5293 νδν
2007 5239 2099 5292 καὶ
2120 5237 2218 5309 τὴν
2249 5237 2371 5309 γῆν,
2398 5235 2691 5306 ὀΜωῢσῆς
2720 5252 2904 5306 φησιν,
2936 5237 3017 5291 ὅτι
3049 5236 3144 5295 ὲάν
3168 5236 3447 5309 εἰσέλθητε
3477 5241 3558 5305 εις

1888 5326 1988 5397 τὴν
2018 5326 2122 5395 γῆν
2160 5321 2489 5395 ἐπαγγελίας
2510 5362 2527 5390 ,
2581 5322 2676 5385 καὶ
2717 5322 3154 5394 ὲγκαταλείπητε
3214 5322 3433 5393 Κύριον.
3464 5326 3558 5381 τὸν

1886 5413 2041 5479 Θεὸν,
2066 5412 2224 5486 ἔχετε
2268 5412 2723 5483 διασκεδασθῆναι
2771 5413 2851 5477 εἰς
2874 5409 3054 5465 πάντα
3076 5408 3145 5463 τὰ
3168 5408 3318 5481 ἔθνη.
3348 5407 3554 5469 Ἦλθεν

1899 5504 2144 5569 ,ηπ-τας,
2171 5501 2393 5573 ἔμελλεν
2425 5503 2459 5573 η
2488 5500 2685 5572 ἀπειλὴ
2713 5501 2793 5565 εἰς
2825 5498 2984 5570 ἔργον
3036 5496 3366 5570 ἐκφέρεσθαι
3386 5517 3402 5531 ·
3452 5503 3556 5559 οὐκ

1886 5590 2112 5661 ἠδύνατο
2130 5591 2371 5653 Μωῠσέα
2399 5589 2626 5646 καλέσαι
2649 5587 2740 5642 τὸν
2767 5583 3126 5650 ἀποθανόντα,
3166 5587 3403 5653 καὶτοὺς
3430 5590 3556 5647 τότε

1886 5677 2224 5745 ἀκούσαντας
2259 5678 2353 5732 καί
2389 5676 2847 5746 τελευτήσαντας,
2888 5674 2984 5730 καὶ
3013 5672 3172 5731 καλεῖ
3194 5674 3280 5733 τὰ-
3291 5681 3551 5752 στοιχεῖα,
