3906 6224
365 268 467 327 341

368 382 516 452 άπερ
537 381 924 454 διεμαρτύρετο
942 382 1204 451 Μωῦσῆς.
1247 381 1378 435 Ἱδοὺ
1398 381 1725 454 ἐξεϐλήθητε
1748 383 1846 454 τῆς
1866 383 2029 451 ἐπαγ-

368 471 574 540 γελίας,
593 465 638 524 ὧ
660 471 897 525 Ἰουδαῖοι
924 489 937 501 ·
972 471 1079 523 ίδοὺ
1106 469 1592 537 ἐγκαταλελοίπατε
1608 471 1700 542 τὸν
1719 471 1852 524 Θεόν
1870 485 1884 498 ·
1913 470 2032 534 πῶς

373 577 432 612 σε
460 559 694 623 καλέσω,
720 559 926 629 Μωῦσῆ
947 576 962 625 ;
981 557 1248 620 ἀπέθανες
1267 556 1374 628 γὰρ
1404 557 1498 610 καὶ
1511 556 1886 628 ἐτελεύτησας.
1906 558 2032 622 Πῶς

370 645 585 702 καλέσω
605 646 694 699 τὸν
744 644 986 716 Ἀαρὼν;
1030 645 1278 706 κάκεῖνος
1321 645 1543 716 τελευτῇ
1591 645 1886 716 παρεδόθη.
1919 646 2033 698 Οὐκ

353 735 514 806 ἔχεις
543 735 656 797 πῶς
687 733 911 787 καλέσαι
935 731 1251 802 ἅνθρωπον;
1283 732 1524 785 Κάλεσον
1550 733 1618 787 τά
1648 735 1906 804 στοιχεῖα.
1933 731 2032 786 Διὰ

368 825 479 895 γὰρ
506 824 662 878 τοῦτο
685 819 838 889 κάγὼ
873 821 979 886 ζῶν
1005 821 1124 891 οὐχὶ
1144 820 1236 874 τδν
1277 821 1485 891 Ἀαρὼν
1520 821 1678 891 μόνον
1702 861 1716 885 ,
1764 822 1857 874 καὶ
1881 821 2030 874 τόνδε

370 913 463 964 καὶ
491 910 638 963 τόνδε
668 908 1137 980 διεμαρτυράμην,
1164 908 1460 978 ἐπειδήπερ
1492 908 1714 978 ἔμελλον
1753 908 2028 979 τελευτᾷν,

367 998 502 1054 ἀλλὰ
530 999 624 1051 καὶ
655 996 723 1050 τὰ
757 998 994 1065 στοιχεῖα
1030 995 1097 1047 τὰ
1129 995 1359 1065 μένοντα
1399 994 1841 1067 διαμαρτύρομαι
1877 997 2027 1065 ὑμῖν,

366 1089 455 1142 τὸν
487 1087 709 1157 οὐρανὸν
737 1087 831 1139 καὶ
863 1086 960 1156 τὴν
981 1085 1103 1156 γῆν.
1132 1086 1292 1152 Λέγει
1321 1083 1411 1139 οὖν
1434 1089 1462 1139 6
1500 1087 1744 1149 Ἡσαΐας·
1799 1089 2024 1157 Ἄκουε,

369 1174 602 1243 οὐρανέ,
630 1173 724 1226 καὶ
750 1164 1044 1232 ένωτίζου.
1074 1170 1172 1240 γῆ.
1213 1171 1387 1242 ’Υμᾶς
1417 1173 1523 1246 γὰρ
1549 1173 1848 1226 ἐνετείλατο
1866 1174 2028 1226 Μωῡ-

368 1264 468 1332 σῆς
491 1261 714 1316 καλέσαι
745 1264 1000 1330 σήμερον.
1035 1260 1107 1312 Οὑ
1131 1259 1218 1311 διὰ
1246 1259 1404 1312 τοῦτο
1425 1261 1480 1312 δέ
1509 1261 1666 1330 μόνον
1693 1261 1830 1314 αὐτὰ
1877 1261 2031 1314 καλεῖ

365 1351 433 1404 τά
455 1352 711 1421 στοιχεῖα,
726 1348 838 1401 ἀλλ’
857 1347 1042 1417 ἐπειδὴ
1059 1347 1303 1418 διελέχθη
1332 1350 1444 1409 τοῖς
1481 1348 1774 1412 Ἰουδαίοις.
1797 1351 2026 1414 Ἄκουε,

365 1437 610 1505 οὐρανέ,
653 1437 716 1490 σὺ
732 1434 840 1506 γάρ
882 1435 944 1487 τὸ
992 1435 1166 1504 μάννα
1208 1436 1580 1504 κατήνεγκας’
1624 1436 1956 1502 Ἐνωτίζου,
1987 1437 2026 1505 ἡ

364 1526 464 1596 γῆ,
485 1527 546 1579 σὺ
572 1524 680 1596 γὰρ
705 1525 803 1596 τὴν
828 1524 1241 1595 όρτυγομήτραν
1268 1522 1494 1586 ἔδωκας.
1518 1524 1756 1587 Ἀκουε,
1787 1523 2027 1593 οὐρανέ,

365 1615 546 1668 ἄκουε
564 1631 579 1646 ·
622 1614 684 1666 σὺ
723 1611 831 1683 γάρ
854 1605 914 1664 τὸ
952 1611 1124 1682 μάννα
1156 1611 1520 1681 κατήνεγκας,
1549 1612 1612 1664 σὺ
1636 1612 1744 1682 γάρ
1769 1612 1908 1681 ὑπὲρ
1931 1611 2028 1683 τὴν

365 1701 528 1769 φύσιν
555 1699 843 1766 ἐπεδείξω·
881 1698 992 1752 ἄνω
1016 1693 1104 1769 ἧς,
1133 1699 1226 1751 καὶ
1254 1697 1432 1751 άλωνα
1466 1699 1740 1770 ἐμιμήσω.
1791 1700 2028 1752 Ἐνωτί·

365 1790 488 1855 ζου,
647 1790 709 1842 σὺ
742 1787 847 1858 γὰρ
873 1787 1021 1840 κάτω
1051 1783 1139 1857 ἧς,
1171 1788 1262 1839 καὶ
1294 1784 1572 1858 τράπεζαν
1603 1786 2028 1857 ἐσχεδιασμένην

364 1879 782 1942 κατεσκεύασας
821 1880 1017 1948 Ἤργει
1047 1879 1078 1948 ἡ
1114 1875 1292 1945 φύσις,
1323 1877 1418 1929 καὶ
1454 1875 1740 1947 εἰργάζετο
1775 1879 1808 1947 ή
1844 1877 2027 1948 χάριςρ

363 1969 486 2022 οὺδέ
513 1967 649 2038 βοῶν
687 1964 934 2038 ἐργασία,
965 1964 1056 2017 καὶ
1081 1965 1108 2016 6
1140 1963 1339 2032 στάχυς
1374 1963 1891 2033 παρεσκευασμένος
1914 1981 1928 1994 ·
1965 1966 2025 2018 οὑ

370 2055 644 2126 μαγείρων
666 2054 864 2123 χεῖρες,
897 2052 994 2104 οὐκ
1023 2050 1322 2120 ἐπίταγμα,
1347 2048 1462 2101 ἀλλ’
1485 2045 1553 2120 ἦν
1576 2049 1636 2102 τὸ
1661 2049 1836 2119 μάννα
1851 2052 2029 2106 πάντα

365 2143 670 2213 γινόμενον,
696 2141 844 2210 πηγὴ
879 2139 1187 2209 ἡγιασμένη
1207 2154 1221 2168 ο
1254 2138 1286 2206 ή
1320 2135 1480 2205 φύσις
1511 2136 1614 2204 τῆς
1641 2137 1846 2201 οἰκείας
1871 2138 2030 2191 ἀσθε-

365 2229 513 2293 νείας
544 2226 856 2282 ἐπελάθετο.
887 2224 1011 2287 Πῶς
1035 2223 1104 2276 τά
1140 2223 1329 2294 ἱμάτια
1372 2221 1551 2276 αὐτῶν
1589 2223 1649 2275 ού
1684 2223 1978 2297 κατετρίϐη
2011 2241 2026 2290 ;

365 2317 482 2381 πῶς
510 2316 578 2370 τά
630 2315 948 2385 ὑποδήματα
998 2311 1175 2365 αὑτῶν
1211 2312 1312 2363 οὐκ
1360 2309 1807 2381 ἐπαλαιώθησαν;
1846 2313 2030 2365 Πάντα

362 2406 609 2475 ἐγένοντο
633 2403 767 2475 πρὸς
791 2402 887 2472 τὴν
919 2399 1124 2452 τούτων
1174 2398 1468 2455 διακονίαν.
1511 2399 1750 2463 Ἀκουε,
1787 2399 2027 2466 οὐρανέ,

364 2495 463 2549 καὶ
502 2489 796 2554 ένωτίζου,
852 2488 951 2558 γῆ.
1003 2486 1160 2540 Μετὰ
1196 2485 1304 2540 τῶν
1337 2485 1745 2556 ὑπομνημάτων
1802 2487 2031 2541 καὶτῶν

363 2579 690 2654 εὐεργεσιῶν
725 2577 968 2639 ἐκείνων,
1008 2573 1285 2644 ὑϐρίζεται
1331 2575 1358 2626 6
1391 2575 1686 2644 Δεσπότης.
1730 2575 1846 2629 Τίνι
1879 2576 2031 2629 ἐντύ-

364 2687 473 2743 xm;
506 2670 539 2740 ἢ
574 2670 729 2738 ὑμῖνς
769 2663 1088 2734 ’Ἄνθρωπον
1127 2662 1226 2714 οὑκ
1273 2661 1384 2732 ἔχω
1418 2662 1510 2714 τὸν
1534 2662 1820 2717 ἀκούοντα.
1883 2664 2030 2720 Ἰδοὺ

364 2756 572 2830 ἦλθον,
597 2753 694 2810 καὶ
717 2754 830 2806 οὐκ
865 2747 942 2820 ἦν
974 2748 1280 2817 ἅνθρωπος
1301 2765 1315 2778 ·
1344 2747 1640 2816 ἐλάλησα,
1689 2751 1786 2803 καί
1814 2753 1925 2804 οὐκ
1953 2750 2032 2823 ἦν

365 2850 399 2900 ό
418 2843 846 2911 ἀκουσόμενος.
872 2839 998 2900 Τοῖς
1019 2835 1229 2903 ἀλόγοις
1260 2835 1597 2904 διαλέγομαι,
1637 2838 1820 2908 ἐπειδὴ
1858 2841 1904 2891 οἱ
1945 2839 2032 2892 λο-

365 2933 514 3001 γικοὶ
539 2933 617 2994 είς
645 2928 852 2996 ἀλόγων
877 2923 1148 2978 εὐτέλειαν
1172 2920 1600 2991 κατηνέχθησαν.
1632 2923 1730 2976 Διὰ
1757 2923 1915 2978 τοῦτο
1937 2927 2030 2979 καὶ

366 3022 523 3083 ἄλλος
553 3018 839 3089 προφήτης
858 3011 1045 3083 βλέπει
1067 3009 1158 3062 τὸν
1187 3008 1411 3078 βασιλέα
1429 3011 1772 3080 μαινόμενον,
1795 3011 1858 3064 τὸ
1879 3013 2031 3066 εἴδω-

367 3121 455 3164 λον
485 3104 934 3178 θεραπευόμενον,
961 3099 1051 3153 τὸν
1082 3097 1211 3151 Θεὸν
1235 3097 1584 3168 ὑϐριζόμενον
1606 3138 1620 3162 ,
1674 3100 1800 3162 τοὺς
1837 3100 2030 3165 ἄλλους

366 3197 608 3258 ἅπαντας
629 3187 1058 3260 κατεπτηχότας,
1095 3184 1189 3238 καὶ
1225 3183 1407 3252 λέγει’
1449 3185 1775 3249 Ἀκουσον,
1817 3190 2030 3244 θυσια-

365 3282 634 3351 στήριον,
662 3276 931 3331 ἆκουσόν
951 3289 1091 3343 μου.
1119 3269 1266 3340 Λίθῳ
1292 3269 1538 3342 διαλέγῃς
1572 3270 1712 3324 Ναί·
1741 3273 1928 3345 ἐπειδὴ
1953 3273 2032 3327 λι-

366 3374 460 3426 θου
506 3365 957 3437 ἅναισθητότερος
997 3363 1024 3414 6
1070 3357 1353 3430 βασιλεύς.··
1391 3359 1697 3413 Ἀκουσόν
1735 3377 1874 3428 μου,
1928 3366 2031 3416 θυ-

366 3459 740 3528 σιαστήριον,
763 3456 1033 3516 ἄκουσον
1051 3463 1064 3477 ’
1090 3447 1232 3502 τάδε
1251 3446 1410 3517 λέγει
1432 3449 1664 3516 Κύριος.
1697 3449 1806 3507 Καὶ
1830 3451 2030 3516 εὐθέως

365 3545 639 3618 διεσχίσθη
667 3544 728 3598 τὸ
759 3540 1135 3610 θυσιαστήριον
1155 3553 1169 3568 ⁸
1204 3535 1297 3588 καὶ
1325 3537 1353 3589 6
1376 3534 1521 3598 λίθος
1543 3537 1791 3605 ἤκουσεν,
1832 3539 1861 3590 6
1883 3537 2030 3602 λίθος

367 3633 599 3706 ἐρράγη,
635 3631 727 3683 καὶ
753 3627 931 3696 ἐξέχεε
967 3625 1065 3694 τὴν
1094 3623 1302 3675 θυσίαν.
1336 3620 1458 3683 Πῶς
1502 3621 1600 3674 οὑκ
1627 3623 1859 3693 ἤκουσεν
1887 3627 1914 3677 ὁ
1940 3625 2031 3679 ἄνν-

367 3723 615 3794 θρωπος;
656 3716 915 3783 Ἐξέτεινε
957 3709 1113 3784 [546]
1135 3709 1236 3779 τὴν,
1265 3711 1419 3778 χεῖρα
1466 3708 1630 3763 αὑτοῦ
1663 3711 1907 3780 ἁρπάσαι
1939 3713 2029 3781 τόν

367 3811 652 3880 προφήτην
677 3820 690 3834 .
728 3804 823 3857 καὶ
873 3801 924 3854 τί
952 3801 1093 3855 ποιεῖ
1122 3799 1150 3850 6
1189 3794 1358 3860 656;;
1403 3794 1693 3867 Ἐξήρανεν
1738 3800 1901 3853 αὐτοῦ
1933 3801 2031 3872 τὴν

362 3896 541 3966 χεῖρα.
577 3893 751 3947 Βλέπε
771 3891 824 3945 τί
849 3889 1093 3960 ἐποίησε,
1116 3885 1279 3956 βλέπε
1308 3881 1716 3955 φιλανθρωπίαν
1733 3888 2030 3957 Δεσπότου,

369 3983 462 4037 καὶ
499 3983 769 4055 ἁμαρτίαν
799 3979 1007 4034 δούλου.
1045 3979 1144 4034 Διὰ
1163 3981 1216 4034 τί
1247 3981 1306 4047 ἐξ
1323 3980 1494 4052 ἀρχῆς
1519 3979 1619 4031 οὐκ
1651 3977 1909 4050 ἐξήρανεν
1937 3979 2033 4039 αὑε-

367 4071 460 4126 τοῦ
483 4073 581 4143 τήν
608 4073 792 4141 χεῖρα;
821 4069 937 4123 Ἵνα
964 4068 1041 4138 τῷ
1073 4069 1234 4122 πάθει
1272 4068 1366 4125 τοῦ
1400 4068 1547 4122 λίθου
1595 4067 2032 4137 σωφρονέστερος

367 4161 611 4232 γένηται.
646 4159 709 4212 Εἰ
738 4158 846 4228 γὰρ
878 4157 952 4228 μὴ
981 4156 1202 4227 ἐσχίσθη
1239 4158 1268 4208 6
1315 4155 1496 4219 λίθος,
1558 4154 1850 4224 ἐφειδόμην
1907 4169 2028 4207 σου·

370 4248 558 4317 ἐπειδὴ
588 4245 645 4298 δέ
671 4244 949 4314 διεσχίσθη
973 4245 1002 4296 6
1033 4243 1200 4306 λίθος,
1231 4243 1324 4296 καὶ
1358 4244 1423 4296 σὺ
1451 4242 1512 4294 οὐ
1557 4240 1906 4311 διωρθώθης,
1941 4243 2033 4305 ἐπὶ

371 4335 433 4388 σὲ
457 4334 606 4404 φέρω
627 4331 725 4394 τὴν
752 4331 940 4400 ὀργήν.
999 4327 1261 4393 Ἐξέτεινε
1299 4328 1397 4398 τὴν
1441 4331 1595 4398 χεῖρα
1647 4328 1891 4398 ἁρπάσαι
1943 4328 2034 4381 τὸν

370 4420 681 4493 προφήτην,
711 4417 807 4470 καὶ
839 4413 1108 4485 ἐξηράνθη
1138 4417 1172 4484 ή
1202 4413 1343 4484 χείρ.
1377 4414 1632 4482 Είστήκει
1666 4412 1725 4467 τὸ
1749 4413 2030 4483 τρόπαιον⁸

371 4507 658 4579 δορυφόροι
693 4501 937 4568 τοσοῦτοι
991 4501 1082 4554 καὶ
1130 4499 1427 4570 στρατηγοὶ
1453 4499 1547 4552 καὶ
1594 4497 1815 4568 βοήθεια
1841 4498 2031 4570 πολλὴ,

370 4601 464 4654 καὶ
491 4593 588 4665 τὴν
608 4595 765 4662 χεῖρα
792 4587 954 4657 αὑτοῦ
975 4587 1248 4653 συστεῖλαι
1267 4587 1366 4642 οὑκ
1386 4585 1647 4656 ἠδύναντο
1669 4604 1682 4616 ·
1719 4585 1836 4642 ἀλλ’
1863 4587 2037 4657 εἱστή-

368 4696 456 4732 νει
495 4683 529 4752 ή
571 4680 692 4751 χεὶρ
720 4675 901 4746 φωνὴν
931 4676 1172 4742 ἀφιεῖσα,
1210 4672 1592 4742 στηλιτεύουσα
1640 4672 1740 4742 τῆς
1781 4673 2037 4738 ἀσεϐείας

367 4768 469 4839 τὴν
499 4763 686 4837 ἧτταν,
717 4763 808 4817 καὶ
837 4759 1090 4822 ἀσεϐείας
1133 4759 1194 4816 :6
1235 4759 1512 4829 τρόπαιον,
1539 4758 1634 4812 τοῦ
1660 4759 1794 4812 Θεοῦ
1846 4760 2035 4828 φιλαν·

374 4855 645 4926 θρωπίαν,
681 4847 930 4907 κάκείνου
960 4847 1056 4920 τὴν
1093 4846 1367 4902 ἀπόνοιαν.
1416 4845 1518 4903 Καὶ
1559 4847 1832 4904 συστεῖλαι
1867 4846 2037 4918 αὐτὴν

371 4943 474 4999 οὐκ
501 4939 779 5013 ἠδύναντο.

450 5070 512 5134 δ’.
547 5064 684 5119 Ἀλλ’
713 5063 800 5116 ἵνα
833 5058 905 5130 μὴ
921 5058 1076 5126 λόγον
1100 5057 1165 5109 ἐκ
1187 5055 1346 5124 λόγου
1367 5055 1680 5124 ὑφαίνοντες
1711 5058 1810 5128 τῆς
1834 5059 2036 5113 ὑποθέ-

383 5173 520 5219 σεως
548 5147 952 5223 ἐπιλαθώμεθα,
976 5146 1107 5216 φέρε
1131 5138 1221 5197 οὖν
1239 5143 1275 5197 ἃ
1293 5143 1734 5223 ἐπηγγειλάμεθα
1754 5146 2036 5218 δείξωμεν.

381 5245 447 5295 Τί
480 5243 536 5297 δὲ
567 5219 1018 5310 ἐπηγγειλάμην;
1050 5233 1172 5284 Ὅτι
1199 5232 1247 5283 εί
1283 5219 1762 5301 μυρίατραύματά
1794 5252 1877 5297 τις
1901 5235 2036 5306 ἔχει,

385 5327 704 5397 μετανοήσει
733 5323 790 5376 δὲ
823 5321 919 5374 καὶ
951 5318 1165 5389 ποιήσει
1187 5315 1247 5369 τὸ
1272 5317 1532 5387 χρηστὸν,
1572 5316 1745 5381 οὕτως
1773 5321 1924 5392 ,αὑτὰ
1952 5322 2040 5385 ἐξ-

379 5415 637 5483 αλείφειὸ
663 5409 814 5484 Θεὸς,
838 5408 914 5469 ὼς
944 5405 1079 5476 μηδέ
1103 5403 1284 5473 οὐλὴν,
1313 5404 1446 5473 μηδέ
1478 5403 1650 5472 ἴχνος,
1685 5405 1819 5474 μηδέ
1845 5406 2042 5477 δεῖγμα

384 5500 666 5572 φαίνεσθαι
686 5495 794 5563 τῶν
820 5493 1097 5564 προτέρων
1131 5491 1538 5561 ἁμαρτημάτων
1562 5507 1576 5521 ο
1603 5491 1773 5543 ταῦτα
1810 5493 2042 5564 ὑποσχό-

389 5604 567 5660 μενος,
600 5583 772 5638 ταῦτα
818 5580 1078 5646 ἐπιδεῖξαι
1126 5579 1471 5649 πειράσομαι.
1530 5578 1766 5642 Ἄκουε,
1799 5583 2038 5649 οὐρανέ,

385 5671 483 5737 καὶ
511 5669 798 5735 ἑνωτίζου,
822 5668 917 5738 γῆ,
941 5667 1029 5719 ὅτι
1062 5666 1272 5734 Κύριος
1300 5662 1624 5732 ἐλάλησεν.
1679 5667 1811 5720 Εἰπέ
1859 5687 1946 5738 μοι
1983 5670 2035 5723 τί

1133 263 1187 317 S.
1223 261 1508 318 JOANNIS
1546 262 2037 320 CHRISOSTOMI
2083 263 2403 323 ARCHIEP.
2447 266 2994 326 CONSTANTINOP.

2135 383 2423 455 ἐλάλησενς
2471 385 2642 451 Υἱοὺς
2673 383 2973 454 ἐγέννησα
3001 383 3098 437 καὶ
3127 383 3375 452 ὒψωσα,
3409 384 3592 440 αὐτοὶ
3635 388 3704 444 δέ
3732 407 3795 458 με

2132 471 2454 540 ἠθέτησαν.
2473 475 2666 542 Ἔγνω
2679 472 2836 537 ,ϐοῦς
2858 473 2965 525 τόν
2985 471 3382 540 κτησάμενον,
3413 473 3663 546 [ἀλόγων
3689 474 3796 528 ἁλο-

2131 559 2409 633 γώτεροι,]
2448 561 2546 614 καὶ
2585 561 2726 627 ὄνος
2766 560 2883 627 τὴν
2926 559 3161 629 φάτνην
3213 561 3318 615 τοῦ
3362 562 3583 630 κυρίου
3622 562 3798 615 αὐτοῦ

2135 646 2303 718 [δνων
2327 647 2736 720 ὀνωδέστεροι·]
2791 649 3037 716 Ἰσραὴλ
3066 647 3134 701 δέ
3154 665 3231 717 με
3260 650 3370 703 οὐκ
3409 650 3596 720 ἔγνω,
3656 649 3751 702 καί
3771 653 3800 704 ὁ

2131 736 2279 800 λαός
2290 752 2367 804 με
2386 738 2457 790 οὐ
2478 737 2768 804 συνῆκεν.
2803 737 2945 789 Οὐαὶ
2977 737 3152 801 ἐθνος
3189 737 3565 805 ἀμορτωλόν.
3604 737 3709 789 Διά
3733 738 3798 800 τί,
3872 781 3873 792 η

2131 823 2315 894 φησίν,
2346 823 2447 876 οὐκ
2473 823 2549 876 ἐνι
2580 822 2847 894 σωτηρίας
2872 823 3055 888 ἐλπίς;
3092 823 3235 877 Οὐαί
3262 824 3350 876 διὰ
3373 823 3426 876 τί
3448 823 3659 893 λέγεις,
3688 823 3799 876 είπέ

2135 930 2226 983 μοι
2251 930 2265 978 ;
2299 915 2420 966 ’Ὁτι
2449 915 2546 984 οὐχ
2569 914 2804 983 εὑρίσκω
2829 915 2990 968 ἴασιν.
3030 913 3177 967 Οὐαί
3204 912 3292 966 διὰ
3323 913 3376 967 τί
3415 913 3606 983 λέγεις
3635 929 3652 979 ;
3689 914 3800 965 Ὅτι

2132 1000 2376 1078 ἐπέθηκα
2424 1002 2713 1072 φάρμακα,
2769 1001 2863 1054 καὶ⁸
2907 1001 3008 1053 οὐκ
3045 997 3155 1065 εἶξε
3192 999 3253 1053 τὸ
3280 1000 3434 1064 ἐλκος
3461 1017 3476 1031 ⁸
3519 1000 3619 1054 διὰ
3650 999 3803 1054 τοῦτο

2130 1089 2506 1158 ἀπεστράφην.
2537 1089 2601 1141 Τί
2629 1085 2720 1142 οὖν
2753 1089 2860 1158 ἔχω
2899 1087 3153 1158 ποιῆσαι;
3189 1087 3310 1140 ούδέ
3343 1086 3694 1159 θεραπεῦσαι
3720 1104 3803 1141 κο-

2132 1177 2306 1230 πιῶιι.
2341 1177 2507 1233 Οὐαί.
2553 1177 2870 1248 Θρηνοῦσαν
2894 1179 3126 1247 γυναῖκα
3164 1179 3437 1247 μιμεῖται·
3475 1176 3574 1229 καὶ
3627 1175 3805 1240 καλῶς

2131 1268 2292 1318 ποιεῖ.
2327 1265 2656 1336 Παρακαλῶ,
2689 1264 2984 1335 προσέχετέ
3012 1279 3101 1333 μοι
3133 1262 3271 1334 μετὰ
3297 1263 3612 1335 ἀκριϐείας.
3635 1265 3803 1326 Οὐαί,

2128 1351 2215 1404 διὰ
2241 1353 2321 1417 τί;
2356 1353 2570 1422 Ἐπειδὴ
2602 1352 2774 1405 καὶτὸ
2792 1351 2923 1404 αὐτὸ
2951 1351 3043 1404 ἐπὶ
3073 1355 3340 1420 σωμάτων
3369 1352 3609 1419 γίνεται.
3636 1353 3806 1406 Ὅταν

2129 1439 2238 1510 γάρ
2266 1439 2349 1512 ἴδῃ
2374 1441 2402 1492 6
2435 1440 2615 1510 ἰατρὸς
2646 1439 2736 1492 τὸν
2769 1437 3028 1491 νοσοῦντα
3049 1439 3149 1491 οὐκ
3179 1437 3373 1509 ἔχοντα
3403 1438 3692 1510 σωτηρίας
3724 1440 3808 1494 ἐλ.

2131 1526 2278 1588 πίδα,
2301 1525 2549 1597 δακρύει,
2579 1525 2672 1578 καὶ
2699 1527 2748 1578 οί
2781 1525 2970 1577 οίκεῖοι
3007 1523 3101 1576 καὶ
3137 1526 3508 1595 προσήκοντες
3538 1525 3808 1597 όλοφυρόυ

2134 1629 2282 1682 μενοι
2305 1611 2649 1674 στενάζουσιν
2672 1627 2688 1642 ο
2715 1610 2829 1663 ἀλλ’
2857 1611 2972 1664 ἐκεῖ
2990 1610 3114 1680 εἰκῆ
3144 1612 3238 1664 καὶ
3264 1612 3461 1682 μάτην.
3497 1613 3680 1666 Ὅταν
3702 1613 3808 1683 γὰρ

2134 1698 2302 1771 μέλλῃ
2324 1698 2578 1769 τελευτᾷν
2607 1697 2930 1762 ὁτελευτῶν,
2960 1696 3063 1750 κᾶν
3094 1697 3123 1748 6
3146 1698 3346 1768 κόσμος
3374 1698 3496 1764 ὅλος
3528 1699 3808 1771 θρηνήσῃ,

2130 1787 2228 1838 οὑκ
2262 1788 2442 1855 ἐγερεῖ
2493 1786 2686 1839 αὐτόν’
2713 1785 2853 1840 ὥστε
2889 1783 3116 1848 πένθους
3153 1787 3182 1838 6
3221 1785 3436 1856 θρῆνος,
3469 1787 3532 1841 οὑ
3585 1787 3811 1857 διορθώ-

2133 1891 2287 1938 σεως.
2335 1875 2458 1928 Ἐπὶ
2478 1874 2534 1927 δὲ
2555 1876 2653 1945 τῆς
2676 1875 2855 1947 ψυχῆς
2881 1875 2982 1928 οὑκ
3010 1874 3126 1928 ἐστι
3159 1874 3336 1940 τοῦτο,
3376 1876 3493 1930 ἀλλ’
3539 1876 3643 1931 ἐὰν
3676 1877 3811 1950 θρη-

2130 1963 2320 2034 νήσῃς,
2348 1961 2609 2025 πολλάκις
2641 1963 2873 2033 ἐγείρεις
2904 1963 2995 2016 τὸν
3037 1963 3228 2034 νεκρὸν
3269 1966 3335 2034 τῇ
3366 1963 3534 2035 ψυχῇ.
3574 1964 3682 2018 Διά
3715 1965 3808 2034 τίς

2132 2049 2255 2102 Ὀτι
2281 2050 2342 2102 τὸ
2369 2049 2526 2120 σῶμα
2553 2049 2650 2120 μὲν
2674 2049 2965 2117 άποθανὸν,
3000 2050 3099 2103 οὐκ
3137 2051 3407 2123 ἐγείρεται
3443 2052 3684 2123 δυνάμει
3720 2057 3810 2106 ἀν-

2130 2134 2396 2208 θρωπίνῃ,
2412 2137 2557 2210 ψυχὴ
2577 2137 2632 2190 δέ
2649 2136 2989 2190 ἀποθανοῦσα
3013 2136 3293 2208 διορθώσει
3310 2138 3612 2209 ἐγείρεται.
3630 2140 3807 2194 Βλέπε

2130 2224 2347 2295 πόρνον,
2379 2225 2472 2277 καὶ
2501 2223 2796 2294 θρήνησον·
2836 2224 2928 2278 καὶ
2944 2226 3154 2295 ἐγερεῖς
3182 2224 3346 2278 αὐτὸν
3373 2225 3668 2290 πολλάκις.
3711 2229 3810 2291 Διά

2128 2311 2287 2366 τοῦτο
2310 2313 2404 2366 καὶ
2425 2311 2635 2374 Παῦλος
2656 2311 2756 2364 οὑκ
2787 2311 2992 2382 ἔγραφε
3025 2312 3205 2382 μόνον,
3227 2313 3346 2366 οὐδὲ
3375 2314 3640 2384 παρῄνει,
3667 2316 3809 2370 ἀλλὰ
3872 2325 3873 2330 ‘

2130 2399 2224 2452 καὶ
2242 2399 2452 2470 ἐθρήνει
2482 2399 2619 2468 μετὰ
2639 2397 2907 2470 δακρύων,
2925 2399 3189 2454 νουθετῶν
3208 2399 3302 2452 ἐνα
3323 2399 3576 2455 ἕκαστον.
3597 2403 3804 2469 Ἔστω,

2131 2486 2418 2550 νουθετεῖς,
2445 2486 2498 2539 τί
2517 2487 2610 2539 καὶ
2631 2485 2886 2556 δακρύεις
2913 2503 2926 2552 ;
2961 2487 3074 2541 Ἵνα
3091 2486 3187 2540 ἐάν
3214 2488 3289 2558 μὴ
3318 2488 3513 2561 ἰσχύσῃ
3544 2491 3582 2559 ἡ
3614 2491 3808 2548 νουθε-

2133 2575 2242 2638 σία,
2275 2573 2342 2627 τά
2379 2574 2589 2645 δάκρυα
2616 2573 2878 2645 βοηθήσῃ.
2909 2572 3063 2627 Οὕτω
3096 2576 3190 2628 καὶ
3215 2576 3244 2626 6
3272 2576 3564 2646 προφήτης
3589 2576 3806 2648 θρηνεῖ.

2144 2663 2200 2715 '0
2229 2662 2505 2732 Δεσπότης
2534 2662 2689 2734 ήμῶν
2731 2661 2852 2715 ἰδὼν
2895 2661 2994 2732 τὴν
3045 2661 3398 2734 Ἰερουσαλὴμ
3443 2670 3809 2719 πεπτωκυῖαν

2131 2750 2310 2818 λέγει·
2351 2749 2745 2818 Ἰερουσαλὴμ
2768 2751 2806 2818 ή
2828 2749 3271 2804 ἀποκτείνουσα
3294 2751 3436 2817 τοὺς
3460 2753 3804 2821 προφήτας,

2131 2839 2231 2893 καὶ
2302 2839 2704 2894 λιθοϐολοῦσα
2753 2837 2895 2904 τοὺς
2943 2838 3440 2907 ἀπεσταλμένους
3489 2841 3656 2911 πρὸς
3717 2842 3805 2898 σέ.

2143 2926 2518 2986 Ἀνακαλεῖται
2562 2926 2662 2996 τήν
2707 2925 2862 2979 πόλιν
2890 2929 3259 2990 πεπτωκυῖαν,
3291 2928 3383 2980 καὶ
3428 2931 3691 2997 μιμεῖται
3721 2930 3810 2983 ἄν·

2131 3013 2343 3084 θρωπον
2373 3012 2691 3084 θρηνοῦντα.
2720 3015 2831 3067 Καὶ
2859 3016 2886 3067 6
2913 3015 3218 3085 προφήτης·
3251 3015 3393 3067 Οὐαὶ
3417 3015 3605 3082 ἔθνος
3625 3018 3810 3087 ἁμαρ-

2129 3100 2342 3164 τωλὸν,
2387 3103 2537 3166 λαὸς
2584 3099 2825 3170 πλήρης
2875 3099 3203 3171 αμαρτιῶν*
3252 3101 3326 3172 μὴ
3372 3101 3488 3172 ἔχει
3539 3104 3707 3172 ὑγιὲς
3753 3107 3812 3160 τὸ

2133 3188 2310 3259 σῶμα.
2341 3187 2493 3252 Εἶδες
2521 3188 2716 3252 αὐτοὺς
2747 3188 3126 3258 ήλκωμένους;
3168 3189 3405 3258 Σπέρμα
3432 3190 3588 3263 [547]
3615 3209 3810 3263 πονη-

2122 3275 2259 3343 ρὸν,
2301 3275 2422 3329 υίοὶ
2463 3275 2690 3344 ἄνομοι.
2727 3276 2828 3330 Διὰ
2868 3275 2921 3328 τί
2965 3275 3202 3346 θρηνεῖς,
3241 3277 3360 3330 είπέ
3393 3295 3518 3347 μοι;
3559 3281 3814 3350 Ἐγκατ-

2129 3365 2362 3418 ελίπετε
2385 3362 2492 3415 τὸν
2519 3364 2756 3431 Κύριον,
2784 3363 2881 3416 καί
2907 3363 3316 3433 παρωργίσατε
3336 3364 3442 3417 τὸν
3465 3365 3685 3433 "Arnor
3707 3367 3812 3422 τοῦ

2144 3449 2406 3519 Ἰσραήλ,
2441 3451 2501 3503 Τί
2528 3449 2614 3504 ἐτι
2640 3449 2944 3520 Jun-nite;
2967 3444 3032 3502 Τί
3061 3449 3168 3521 ἐχω
3198 3451 3341 3520 ὑμᾶς
3367 3451 3610 3521 πλῆξαι;
3639 3454 3809 3525 λιμῷ,

2130 3538 2379 3610 ἢλοιμῷ;
2404 3540 2558 3600 Πᾶσα
2585 3539 2821 3610 τιμωρία
2842 3534 2993 3609 ἦλθε,
3027 3538 3121 3590 καὶ
3147 3541 3180 3609 ἡ
3215 3539 3379 3591 κακία
3408 3539 3565 3610 ὑμῶν
3596 3542 3812 3596 οὐκάν-

2129 3625 2310 3698 ηλώθη
2321 3643 2334 3670 τ
2346 3625 2769 3696 Προστιθέντες
2782 3625 3229 3694 ἀνομίας.Πᾶσα
3243 3625 3473 3694 κεφαλὴ
3484 3627 3576 3693 είς
3588 3629 3809 3695 πόνον,

2131 3715 2229 3768 καί
2257 3713 2425 3768 πᾶσα
2461 3712 2672 3781 καρδία
2692 3715 2778 3778 εὶς
2801 3713 3020 3780 λύπην.
3053 3713 3174 3766 Οὐκ
3193 3714 3282 3768 ἔνι
3297 3712 3548 3782 τραῦμα,
3588 3718 3670 3770 οὐ
3688 3717 3808 3784 μώ-

2130 3803 2287 3869 mw.
2325 3799 2502 3853 Καινὰ
2528 3801 2556 3840 h
2585 3798 2903 3870 πράγματα.
2943 3798 3056 3869 Πρὸ
3089 3799 3284 3870 μικροῦ
3313 3799 3500 3869 ἔλεγες
3519 3817 3534 3832 ·
3560 3804 3809 3874 Σπέρμα

2132 3889 2419 3958 πονηρὸν,
2450 3887 2569 3943 υίοί
2599 3887 2826 3957 ἄνομοι,
2843 3886 3260 3955 ἐγκατελίπετε
3288 3887 3397 3941 τὸν
3423 3890 3674 3957 Κύριον,
3707 3890 3808 3946 καὶ

2132 3978 2540 4047 παρωργίσατε
2583 3976 2691 4036 τόν
2752 3975 2959 4044 Ἀγιον
3009 3974 3116 4029 τοῦ
3173 3975 3408 4046 Ἰσραήλ
3427 3994 3441 4020 ε
3491 3978 3611 4043 καὶ,
3661 3981 3805 4034 Οὐαί

2132 4065 2307 4131 ἔθνος
2332 4061 2713 4134 ἁμαρτωλόνί
2737 4060 2989 4132 Θρηνεῖς,
3029 4061 3225 4134 κόπτῃ,
3261 4061 3445 4135 ὀδύρῃ,
3477 4065 3805 4134 καταλέγεις

2133 4152 2201 4206 τὰ
2227 4151 2536 4223 τραύματα,
2573 4150 2666 4206 καὶ
2694 4147 2933 4207 ἐπανιὼν
2957 4148 3153 4216 λέγεις,
3192 4149 3341 4204 Οὔτε
3375 4151 3635 4219 τραῦμα,
3669 4155 3805 4207 οὔτε

2129 4238 2394 4309 μώλωψ;
2438 4237 2711 4307 Πρόσεχε⁹
2742 4233 2964 4306 τραῦμα
2993 4234 3113 4288 τότε
3149 4234 3382 4302 γίνεται,
3432 4236 3565 4288 ὅταν
3609 4238 3675 4291 τὸ
3709 4238 3803 4308 μὲν

2136 4327 2263 4379 ἄλλο
2292 4325 2456 4396 μέρος
2496 4323 2589 4378 τοῦ
2629 4322 2878 4393 σώματος
2909 4323 3058 4391 ὑγιὲς
3086 4318 3142 4396 ᾗ,
3173 4321 3232 4374 ἓν
3273 4322 3329 4376 δὲ
3372 4324 3540 4395 μέρος
3567 4325 3669 4378 τοῦ
3705 4326 3803 4378 σώ-

2139 4430 2304 4485 ματος
2341 4411 2662 4482 ἀναίσθητον
2694 4410 2830 4481 μένῃ
2852 4427 2866 4443 ·
2914 4410 3146 4471 ἐνταῦθα
3185 4420 3208 4448 ο
3245 4410 3302 4464 δὲ
3347 4410 3518 4479 λέγει,
3568 4413 3657 4467 ὅτι
3689 4415 3803 4466 ὅλον

2136 4499 2355 4572 τραῦμά
2381 4501 2546 4555 ἐστιν.
2567 4500 2712 4556 οὔτε
2734 4497 2981 4568 τραῦμα,
3003 4499 3140 4559 οὔτε
3161 4498 3408 4568 μώλωψ,
3433 4500 3574 4554 οὔτε
3596 4501 3800 4572 πληγή

2137 4587 2608 4658 φλεγμαίνουσα,
2641 4584 2777 4656 ἀλλὰ
2803 4585 2910 4639 άπὸ
2942 4586 3115 4646 ποδῶν
3145 4585 3248 4649 ἕως
3277 4585 3523 4656 κεφαλῆς
3555 4589 3661 4641 οὐκ
3692 4589 3802 4640 ἐστι

2142 4676 2404 4746 μάλαγμα
2446 4673 2731 4738 ἐπιθεῖναι,
2760 4673 2883 4726 οὗτε
2913 4673 3110 4733 ἔλαιον,
3139 4671 3263 4734 οὔτε
3301 4674 3700 4743 καταδέσμους.
3738 4676 3804 4736 Ἡ

2138 4763 2213 4832 Υῆ
2242 4762 2410 4832 ὑμῶν
2432 4762 2669 4831 ἕρημος,
2693 4763 2751 4814 αἱ
2783 4763 2991 4826 πόλεις
3014 4760 3430 4828 πυρίκαυστοι,
3467 4763 3586 4829 τὴν
3605 4763 3804 4832 χώραν

2137 4849 2304 4921 ὑμῶν
2345 4850 2647 4917 ἀλλότριοι
2679 4849 3083 4903 κατεσθίουσι.
3125 4848 3307 4901 Πάντα
3338 4848 3513 4903 ταῦτα
3543 4852 3801 4922 ἐποίησα,

2140 4939 2234 4991 καὶ
2258 4939 2413 5006 ὑμεῖς
2432 4936 2491 4989 οὑ
2511 4934 2853 5008 διωρθώθητε
2873 4951 2887 4965 ο
2910 4935 3088 4989 πάντα
3114 4935 3348 5004 ἐποίησα
3363 4936 3433 4991 τά
3458 4937 3562 5006 τῆς
3583 4939 3802 5009 τέχνης,

2139 5025 2168 5078 6
2199 5023 2255 5076 δὲ
2297 5021 2514 5091 νοσερός
2570 5021 2718 5090 μένει
2765 5021 2974 5092 νεκρός.
3021 5021 3215 5086 Δεῦτε,
3263 5022 3565 5089 ἀκούσατε
3616 5027 3804 5094 λόγον

2141 5112 2382 5179 Κυρίου,
2405 5112 2459 5164 οἱ
2489 5107 2776 5176 ἄρχοντες
2801 5107 3080 5176 Σοδόμων
3105 5109 3204 5163 καί
3244 5111 3571 5178 Γομόρρας.
3607 5112 3673 5164 Τί
3703 5129 3802 5180 μοι

2140 5196 2371 5266 πλῆθος
2401 5195 2520 5249 τῶν
2547 5195 2771 5250 θυσιῶν
2797 5195 3000 5264 ὑμῶν;
3046 5196 3111 5248 Τί
3159 5190 3284 5261 οὖνς
3332 5196 3662 5267 Σοδομηνοῖς
3693 5199 3801 5250 δια-

2141 5285 2394 5354 λέγεται;
2450 5283 2617 5354 Οὐχὶ,
2668 5281 2802 5343 ἀλλά
2875 5282 3160 5347 Ἰουδαίους
3223 5283 3555 5354 Σώομηνοὺς
3606 5284 3794 5339 καλεῖ·

2203 5553 2229 5582 ⁸
2265 5553 2413 5601 Savil.
2437 5552 2490 5599 ού
2516 5550 2712 5612 δύναμαι
2733 5549 3029 5612 θεραπεῦσαι.

2202 5615 2232 5654 b
2251 5613 2332 5661 Sic
2353 5613 2502 5662 Savil.
2523 5616 2588 5661 Αι
2611 5612 2782 5660 Morel.
2807 5613 2936 5660 κενά.

2213 5679 2233 5706 ε
2261 5675 2411 5724 Savil.
2432 5675 2649 5737 σώματος
2669 5675 2726 5737 εχ
2768 5691 2961 5738 ,τραυμα
3006 5672 3214 5734 ἐνταῦθα.
