3906 6224
197 317 305 374 3M

194 421 310 480 cat,
332 424 367 482 q
386 417 458 462 κε’
480 415 810 465 contestatus
836 419 948 466 erat
963 411 1188 483 Moyses.
1213 412 1350 470 Ecce
1375 430 1404 470 a
1435 416 1788 486 promissione

201 500 478 559 excidistis
503 543 520 568 ,
564 517 599 557 ο
634 501 802 558 Judaei
837 519 852 557 :
883 519 1009 559 ecce
1046 504 1402 576 dereliquistis
1434 508 1622 565 Deum.
1672 510 1790 578 Quo

199 605 361 666 pacto
399 603 452 650 te
487 595 793 661 advocabo,
841 597 1088 668 Moyses?
1124 598 1405 656 defunctus
1447 601 1590 656 enim
1632 618 1711 668 es,
1738 612 1790 658 et

200 688 368 743 vitam
388 686 590 745 abiisti.
619 687 739 755 Quo
763 699 917 758 pacto
947 689 1071 745 item
1107 691 1370 747 Aaronem
1401 693 1674 749 evocabo?
1703 694 1792 750 ille

199 795 420 850 quoque
479 789 708 836 mortem
769 781 1044 850 appetivit.
1124 781 1239 836 Non
1308 792 1463 853 potes
1521 783 1790 840 hominem

198 871 466 926 evocare?
505 886 670 927 evoca
715 872 998 926 elementa.
1041 872 1242 928 Idcirco
1267 874 1408 928 enim
1438 883 1493 929 et
1537 891 1636 945 ego
1663 875 1788 930 dum

198 963 458 1032 viverem,
495 979 602 1020 non
638 967 904 1020 Aaronem
952 965 1145 1033 solum,
1191 982 1295 1021 non
1339 967 1486 1022 illum
1537 977 1590 1024 et
1641 969 1788 1023 illum

200 1057 580 1124 contestabar,
610 1058 730 1127 quia
760 1057 955 1114 obituri
994 1067 1174 1124 erant;
1211 1059 1305 1114 sed
1347 1060 1642 1128 elementa,
1671 1079 1790 1132 qua:

199 1157 442 1212 manent,
466 1164 656 1218 nempe
677 1149 866 1204 cmlum
904 1159 958 1205 et
986 1160 1204 1216 terram,
1236 1160 1527 1208 contestor.
1557 1155 1642 1208 Ait
1689 1155 1787 1223 igi-

198 1249 289 1294 tur
319 1239 501 1304 lsaias,
525 1242 680 1308 Audi,
708 1243 908 1308 aetum,
937 1253 984 1298 et
1006 1245 1212 1298 auribus
1237 1247 1454 1312 percipe,
1487 1256 1638 1299 terra.
1681 1247 1788 1301 Vos

194 1334 343 1388 enim
363 1334 522 1402 jussit
544 1335 752 1406 Moyses
777 1335 936 1391 hodie
959 1336 1239 1393 advocare.
1261 1336 1442 1408 Neque
1464 1338 1597 1393 hanc
1617 1340 1788 1394 solum

197 1425 271 1479 ob
297 1441 510 1480 causam
551 1437 705 1482 vocat
731 1429 1013 1496 elementa,
1042 1431 1134 1485 sed
1163 1433 1284 1502 quia
1311 1432 1527 1488 Judaeos
1556 1434 1792 1504 alloque-

195 1515 378 1571 batur.
413 1518 569 1584 Audi,
613 1509 834 1585 caelum;
862 1531 914 1574 tu
940 1521 1081 1575 enim
1113 1537 1303 1576 manna
1350 1523 1607 1578 demisisti
1638 1542 1651 1579 :
1680 1522 1789 1578 Au-

194 1608 338 1662 ribus
366 1611 585 1680 percipe,
633 1621 803 1676 terra;
831 1620 888 1666 tu
934 1627 1162 1682 namque
1206 1613 1532 1669 coturnicem
1576 1614 1788 1670 dedisti.

194 1703 360 1770 Audi,
385 1704 584 1771 cretum,
608 1705 728 1759 audi
758 1723 773 1760 :
805 1714 858 1760 tu
883 1707 1024 1760 enim
1046 1721 1236 1760 manna
1259 1706 1519 1761 demisisd
1537 1723 1552 1772 ;
1573 1715 1626 1760 tu
1647 1708 1789 1762 enim

193 1810 322 1865 qua:
347 1811 503 1865 supra
532 1807 773 1853 naturam
795 1807 947 1853 erant
967 1799 1252 1854 exhibuisti
1287 1817 1302 1854 :
1330 1815 1541 1854 sursum
1565 1815 1706 1866 eras,
1731 1810 1787 1857 et

193 1901 381 1942 aream
429 1888 741 1944 imitabaris.
799 1890 1018 1944 Auribus
1063 1892 1284 1961 percipe,
1321 1901 1451 1945 terra
1489 1907 1510 1945 :
1554 1900 1608 1945 tu
1648 1894 1790 1947 enim

195 1976 449 2031 deorsum
488 1993 606 2032 eras
635 2019 652 2043 ,
696 1987 750 2032 et
813 1981 1228 2048 extemporalem
1285 1996 1524 2036 mensam
1563 1981 1781 2048 parasti.

194 2067 379 2124 Otiosa
405 2077 515 2123 erat
544 2077 751 2135 natura,
780 2078 831 2122 et
847 2069 1013 2138 gratia
1038 2079 1254 2140 operata
1277 2079 1359 2125 est
1389 2086 1403 2124 :
1434 2071 1592 2125 boum
1615 2070 1791 2124 nullus

195 2169 320 2214 erat
344 2159 514 2224 labor,
543 2169 596 2216 et
624 2162 768 2229 spica
798 2159 1193 2230 proferebatur:
1227 2177 1330 2216 non
1357 2176 1646 2231 coquorum
1673 2177 1790 2216 ma-

194 2267 323 2318 nus,
347 2267 454 2308 non
479 2253 684 2322 jussum
714 2253 901 2308 aderat
934 2271 948 2308 :
975 2254 1069 2309 sed
1108 2269 1302 2308 manna
1328 2254 1488 2308 fontis
1513 2254 1684 2308 sancti
1711 2254 1792 2308 in-

193 2355 312 2400 star
333 2345 570 2401 omnium
599 2347 770 2401 vicem
801 2345 1086 2415 supplebat
1123 2364 1139 2401 :
1170 2354 1356 2400 natura
1387 2346 1613 2415 propriae
1637 2346 1790 2402 inlir-

193 2436 402 2492 mitatis
455 2436 886 2493 obliviscebatur.
949 2437 1066 2504 Quo
1117 2445 1270 2508 pacto
1330 2438 1570 2506 ipsorum
1615 2447 1793 2496 vestes

193 2527 410 2583 detrita:
435 2542 540 2582 non
567 2527 734 2583 sunt?
761 2527 1039 2594 Quomodo
1057 2529 1291 2600 ipsorum
1307 2529 1666 2584 calceamenta
1685 2546 1790 2585 non

195 2627 325 2674 sunt
349 2627 608 2675 vetustate
631 2621 982 2689 consumpta?
1012 2619 1198 2675 Omnia
1227 2620 1296 2674 ad
1319 2620 1528 2675 illorum
1553 2621 1793 2678 ministe-

196 2709 340 2765 rium
398 2710 776 2766 inserviebant.
823 2711 979 2776 Audi,
1026 2709 1227 2778 cwlum,
1259 2720 1306 2766 et
1333 2713 1537 2766 auribus
1572 2715 1789 2783 percipe,

195 2808 356 2854 terra.
387 2800 515 2854 Post
545 2809 622 2855 tot
653 2801 872 2865 monita,
901 2811 1020 2871 post
1046 2810 1123 2856 tot
1165 2801 1444 2865 beneﬁcia,
1473 2804 1792 2860 contumelia

197 2890 434 2946 afficitur
461 2891 737 2945 Dominus.
769 2892 936 2960 Quem
984 2893 1264 2961 alloquar?
1291 2909 1417 2947 num
1444 2896 1580 2948 vos?
1608 2894 1791 2949 Nemi-

198 2997 325 3035 nem
354 2981 442 3052 qui
469 2983 645 3036 audiat
676 2981 869 3037 habeo.
901 2982 1032 3036 Ecce
1049 2985 1180 3050 veni,
1204 2992 1250 3037 et
1273 2985 1444 3039 nullus
1474 2995 1580 3039 erat
1601 2986 1752 3040 homo
1772 3002 1790 3039 :

199 3076 438 3144 loquutus
467 3093 600 3143 sum,
631 3093 724 3130 nec
745 3088 854 3130 erat
879 3077 966 3147 qui
985 3078 1199 3130 audiret.
1238 3078 1623 3133 lrrationabilia
1653 3079 1792 3134 allo-

197 3180 358 3235 quar,
405 3167 833 3236 quandoquidem
879 3167 1222 3222 rationabiles
1251 3167 1316 3221 ad
1355 3167 1792 3224 irrationabilium

199 3256 457 3312 vilitatem
481 3258 683 3328 delapsi
709 3268 850 3313 sunt.
875 3258 1231 3326 Quamobrem
1263 3259 1398 3313 alius
1428 3261 1690 3329 propheta
1715 3263 1793 3315 vi-

197 3347 291 3404 det
319 3348 582 3406 furentem
615 3365 820 3421 regem,
849 3351 1044 3406 idolum
1071 3351 1217 3405 cultu
1253 3351 1592 3415 honoratum,
1625 3353 1791 3407 Deum

197 3443 518 3497 contumelia
548 3442 818 3510 allectum,
861 3444 994 3498 alios
1023 3459 1212 3499 omnes
1233 3447 1504 3510 attonitos,
1535 3456 1590 3500 et
1618 3447 1743 3500 dicit
1774 3461 1790 3500 :

198 3533 338 3587 Audi
379 3551 476 3597 me,
527 3536 706 3599 altare,
757 3536 881 3588 audi
922 3553 1000 3590 me
1047 3537 1123 3606 (5.
1175 3535 1302 3606 Reg.
1350 3538 1438 3592 l5.
1483 3538 1576 3607 2).
1632 3537 1791 3607 Lapi-

199 3624 324 3681 dem
353 3641 420 3679 ne
445 3625 768 3696 alloqucris?
796 3627 968 3681 Etiam
1003 3645 1017 3680 :
1040 3627 1470 3697 quandoquidem
1499 3645 1591 3683 rex
1619 3629 1794 3684 minus

199 3727 284 3772 est
327 3731 545 3788 compos
590 3735 863 3786 Sensuum,
905 3736 1062 3790 quam
1107 3720 1258 3789 lapis.
1300 3721 1435 3774 Audi
1472 3737 1568 3788 me,
1609 3723 1789 3790 altare,

199 3807 370 3874 audi;
398 3809 506 3863 lucc
529 3809 652 3862 dicit
681 3809 951 3864 Dominus.
983 3811 1050 3865 Et
1087 3812 1263 3866 statim
1309 3812 1476 3866 altare
1523 3812 1790 3880 diruptum

198 3909 285 3956 est
318 3919 333 3956 t
360 3910 415 3956 et
433 3902 568 3971 lapis
587 3903 808 3968 audivit,
836 3904 972 3973 lapis
995 3903 1239 3974 diruptus
1265 3914 1366 3964 est.
1392 3916 1445 3960 et
1470 3905 1790 3960 sacrificium

200 3989 412 4044 ell'udit.
443 3991 722 4058 Quomodo
737 4007 842 4047 non
873 3993 1071 4047 audivit
1093 3993 1286 4048 homo?
1304 3994 1563 4048 Extendit
1579 4011 1791 4050 manum

199 4095 376 4145 suam,
434 4093 490 4137 ut
531 4092 741 4153 raperet
779 4085 1089 4153 pr0phetam
1119 4103 1132 4138 :
1162 4094 1217 4140 et
1263 4085 1390 4156 quid
1433 4085 1557 4140 facit
1611 4086 1794 4140 Deus?

199 4173 438 4231 Arefecit
465 4175 579 4244 ejus
607 4191 843 4230 manum.
868 4175 1001 4230 Vide
1023 4176 1273 4246 quidnam
1319 4175 1521 4241 fecerit,
1544 4177 1663 4231 vide
1689 4177 1794 4231 Do-

203 4264 338 4317 mini
367 4264 702 4320 clementiam
735 4307 751 4330 ,
782 4276 834 4321 et
861 4267 1000 4321 servi
1045 4277 1342 4336 peccatum.
1374 4267 1550 4334 Quare
1596 4284 1702 4322 non
1727 4268 1795 4322 ab

201 4351 356 4407 initio
381 4369 594 4409 manum
623 4355 738 4425 ejus
780 4355 1037 4411 arefecit?
1062 4357 1131 4412 Ut
1169 4357 1381 4426 dirupto
1410 4357 1583 4428 lapide
1607 4360 1795 4428 resipi-

201 4454 400 4504 sceret.
433 4446 643 4506 Etenim
695 4447 741 4502 si
772 4449 904 4517 lapis
932 4448 1174 4518 diruptus
1200 4466 1307 4504 non
1354 4451 1559 4516 fuisset,
1590 4453 1682 4506 tibi
1705 4468 1797 4522 pe-

203 4536 534 4604 percissem:
584 4538 706 4607 quia
736 4554 863 4593 vero
908 4539 1161 4594 discissus
1209 4549 1291 4594 est
1327 4541 1481 4610 lapis,
1531 4550 1585 4595 et
1605 4552 1657 4595 tu
1690 4559 1793 4596 non

202 4627 519 4682 ernendatus
558 4645 638 4694 es,
669 4629 800 4684 iram
828 4631 880 4684 in
921 4639 972 4686 te
997 4632 1274 4686 transfero.
1307 4632 1556 4686 Extendit
1582 4649 1793 4687 manum

205 4725 264 4778 ut
310 4728 523 4788 raperet
568 4720 904 4790 prophetam,
941 4733 994 4776 et
1035 4722 1262 4777 arefacta
1292 4731 1374 4778 est
1422 4739 1630 4778 manus.
1662 4724 1796 4780 Ere-

204 4818 352 4864 ctum
382 4819 496 4868 erat
543 4821 799 4880 tropzenm
833 4831 848 4872 :
879 4814 1102 4869 aderant
1150 4823 1226 4868 tot
1253 4815 1510 4870 satellites
1537 4824 1590 4868 et
1636 4815 1798 4870 duces

205 4900 504 4965 exercitus,
521 4902 778 4956 auxilium
806 4905 1010 4973 ingens,
1033 4913 1087 4958 et
1108 4920 1320 4959 manum
1341 4905 1457 4974 ejus
1481 4906 1798 4960 contrahere

208 5007 315 5044 non
359 5000 640 5060 poterant;
689 4995 782 5050 sed
812 4996 982 5050 stabat
1010 5012 1196 5050 manus
1235 5013 1366 5052 voce
1390 4998 1666 5052 declarans
1694 4999 1796 5052 im-

207 5082 421 5149 pietatis
453 5082 898 5152 protligationem,
939 5086 1153 5155 pietatis
1199 5095 1494 5155 tropaeum,~
1528 5087 1621 5142 Dei
1670 5103 1795 5158 erga

207 5170 457 5230 homines
483 5174 884 5246 benignitatem,
917 5177 1058 5232 illius
1083 5176 1362 5232 insaniam.
1392 5177 1459 5232 Et
1487 5177 1630 5232 illam
1663 5194 1794 5234 cou-

212 5263 426 5320 trahere
447 5279 553 5319 non
583 5275 847 5335 poterant.

281 5357 337 5411 4.
363 5355 563 5411 Verum
595 5374 660 5414 ne
690 5359 910 5414 verbum
937 5375 1001 5416 ex
1034 5359 1200 5415 verbo
1228 5367 1470 5416 texentes
1500 5361 1795 5430 argumenti

214 5447 612 5517 obliviscamur,
655 5466 752 5520 age
797 5467 914 5517 qua;
943 5452 1162 5520 polliciti
1199 5468 1386 5507 sumus
1429 5453 1793 5507 ostendamus.

215 5540 475 5607 Quidnam
507 5543 728 5612 polliciti
765 5560 948 5598 sumus
977 5544 1001 5596 ‘l
1027 5544 1179 5612 Quod
1210 5546 1254 5601 si
1279 5547 1399 5616 quis
1436 5545 1702 5601 sexcentis
1730 5545 1800 5599 sit

217 5631 440 5688 allectus
467 5633 796 5699 vulneribus,
823 5634 1292 5706 pteniteutiamque
1319 5643 1458 5705 agat,
1503 5646 1554 5690 et
1603 5636 1797 5690 bonum

223 5732 490 5791 operetur,
539 5725 617 5780 sic
653 5740 714 5780 ea
740 5724 939 5779 delebit
983 5725 1144 5792 Deus,
1188 5734 1244 5781 ut
1291 5740 1389 5780 nec
1420 5724 1676 5794 cicatrix,
1703 5741 1800 5783 nec

223 5813 522 5884 vestigium,
560 5830 658 5873 nec
705 5813 952 5872 iudicium
993 5816 1230 5887 priorum
1258 5827 1597 5892 peccatorum
1637 5831 1800 5890 appa-

1306 318 1396 375 DE
1438 319 1905 378 PtENITENTlA.
1949 323 2172 380 llOMlL.
2216 325 2353 383 Vl".

3370 331 3479 385 ΜΞ

1899 429 2031 473 reat.
2057 419 2183 474 Haec
2209 421 2449 490 promisi,
2482 421 2597 477 haec
2625 420 2997 480 demonstrare
3019 425 3271 482 conabor.
3301 425 3436 479 Audi
3453 467 3473 494 ,

1895 513 2095 576 cretum,
2134 520 2182 566 et
2237 513 2442 568 auribus
2490 530 2690 584 perape
2724 555 2741 582 ,
2775 525 2928 582 terra,
2959 522 3078 586 quia
3113 515 3358 570 Dominus
3395 517 3473 571 le-

1895 614 2078 673 quutus
2105 613 2176 658 est
2205 603 2357 674 (Isai.
2382 607 2432 660 1.
2461 606 2516 660 2.
2550 607 2617 660 ad
2645 607 2724 678 4.)
2751 608 2845 662 Dic
2887 608 3037 671 mihi,
3069 606 3195 677 quid
3220 607 3472 674 loquutus

1896 697 2012 750 est?
2042 695 2204 751 Filios
2219 699 2368 768 genui
2396 707 2442 751 et
2471 699 2706 764 exultavi,
2741 699 2842 769 ipsi
2867 709 3036 753 autem
3059 708 3353 768 spreverant
3378 716 3479 753 me.

1900 784 2141 856 Cognovit
2163 788 2251 840 bos
2271 803 2626 856 possessorem,
2655 788 3107 844 irrationabilibus
3137 789 3479 844 irrationabi-

1896 878 2096 935 liores:
2126 889 2172 933 et
2196 882 2368 934 asinus
2409 897 2630 951 praesepe
2665 881 2856 936 domini
2889 881 3003 946 sui,
3036 882 3202 936 asinis
3238 881 3482 936 hebetio-

1897 985 2004 1024 res.
2036 969 2202 1024 Israel
2225 983 2392 1025 autem
2423 989 2500 1025 me
2525 989 2625 1026 non
2655 973 2902 1042 cognovit,
2945 981 2989 1026 et
3028 972 3247 1044 populus
3276 988 3356 1026 me
3376 988 3480 1024 non

1897 1063 2163 1118 intellexit.
2205 1063 2293 1120 Va:
2320 1065 2456 1135 genti
2496 1065 2777 1133 peccatrici.
2832 1063 2958 1128 Cur,
2987 1064 3176 1134 inquit,
3220 1064 3360 1118 nulla
3398 1070 3481 1116 est

1896 1168 2021 1224 spes
2045 1155 2228 1209 salutis
2248 1156 2271 1208 ?
2291 1155 2402 1221 Qua
2425 1155 2492 1210 de
2520 1170 2676 1210 causa
2702 1154 2854 1222 dicis,
2882 1153 3007 1209 Vw?
3032 1155 3163 1221 Quia
3200 1168 3304 1208 non
3331 1154 3480 1208 inve-

1900 1250 1990 1304 nio
2013 1249 2293 1304 medelam.
2325 1250 2437 1317 Qua
2469 1251 2536 1306 de
2558 1265 2713 1304 causa
2733 1249 2886 1312 dicis,
2929 1247 3058 1303 Vw?
3087 1248 3217 1315 Quia
3241 1246 3481 1301 medica-

1897 1352 2077 1398 menta
2105 1343 2350 1406 adhibui,
2385 1358 2482 1396 nec
2516 1342 2847 1397 cessitulcus
2877 1343 2891 1394 l
2932 1341 3052 1396 ideo
3095 1355 3312 1394 aversus
3340 1353 3480 1393 sum.

1899 1435 2035 1502 Quid
2064 1435 2191 1488 mihi
2218 1436 2375 1504 igitur
2396 1435 2694 1490 faciendum
2725 1443 2808 1490 est
2835 1435 2858 1487 ?
2886 1433 2999 1488 Non
3021 1432 3270 1487 laborabo
3295 1439 3353 1485 ut
3379 1445 3478 1484 cu-

1897 1543 2033 1582 rem.
2067 1526 2154 1580 Va:
2184 1527 2205 1581 .'
2243 1527 2515 1581 Mulierem
2559 1534 2904 1596 repraesentat
2937 1525 3316 1579 lamentantem
3354 1540 3368 1576 :
3424 1530 3479 1576 et

1900 1616 2034 1672 bene
2059 1617 2202 1672 facit.
2220 1618 2490 1681 Animum,
2509 1634 2710 1686 qureso,
2737 1617 2867 1671 mihi
2897 1615 3148 1670 adhibete
3173 1613 3480 1682 diligenter.

1909 1707 2019 1774 Vw,
2049 1709 2264 1778 quare?
2301 1710 2434 1775 Quia
2477 1709 2703 1777 idipsum
2732 1709 2784 1762 in
2813 1707 3124 1776 corporibus
3163 1706 3274 1758 fieri
3321 1703 3482 1758 solet.

1893 1798 2032 1855 Cum
2049 1801 2191 1855 enim
2217 1800 2410 1854 viderit
2433 1799 2668 1853 medicus
2687 1813 2885 1867 aagrum
2903 1797 3102 1850 nullam
3129 1795 3315 1849 salutis
3332 1809 3483 1860 Spem

1898 1890 2204 1957 habentem,
2231 1891 2553 1960 laerymatur
2577 1908 2591 1944 :
2611 1897 2666 1943 et
2689 1886 2966 1942 domestici
2998 1895 3052 1940 et
3071 1886 3256 1940 afﬁnes
3282 1883 3486 1954 ejulant

1898 1992 2056 2051 atque
2077 1983 2456 2048 lamentantur,
2485 1981 2582 2036 sed
2610 1979 2805 2034 frustra
2839 1979 3089 2047 nulloque
3130 1977 3302 2031 fructu
3328 1993 3341 2030 :
3371 1992 3486 2031 mo-

1899 2073 2123 2127 riturum
2167 2074 2310 2127 enim
2358 2089 2426 2127 ne
2477 2071 2708 2126 mundus
2759 2069 2972 2141 quidem
3015 2078 3154 2123 totus
3199 2067 3486 2138 deplorans

1899 2164 2171 2221 excitabit.
2202 2165 2452 2219 Planctus
2482 2179 2610 2233 ergo
2639 2164 2728 2218 ille
2752 2163 2816 2216 ad
2841 2163 3040 2217 luctum
3065 2161 3232 2227 valet,
3265 2176 3372 2215 non
3417 2159 3485 2216 ad

1898 2256 2302 2310 restaurandam
2319 2257 2622 2309 sanitatem.
2655 2253 2820 2308 Secus
2837 2263 3013 2307 autem
3035 2253 3087 2306 in
3115 2251 3290 2306 anima
3316 2268 3331 2306 :
3360 2267 3484 2306 nam

1901 2345 1944 2399 si
1973 2344 2204 2409 ﬂeveris,
2229 2360 2371 2413 saepe
2395 2344 2643 2414 eum,qui
2671 2344 2844 2397 anima
2876 2352 3117 2397 mortuus
3146 2350 3257 2406 est,
3285 2341 3486 2396 excita-

1899 2435 2002 2490 bis.
2041 2435 2256 2501 Quare?
2296 2436 2428 2502 Quia
2475 2449 2670 2503 corpus
2712 2444 2981 2489 mortuum
3023 2433 3073 2486 vi
3120 2432 3349 2486 humana
3378 2448 3484 2487 non

1900 2527 2188 2592 excitatur,
2233 2528 2410 2582 anima
2437 2541 2566 2582 vero
2593 2536 2800 2580 mortua
2826 2525 3160 2579 correctione
3200 2522 3481 2577 excitatur.

1901 2620 2128 2690 Respice
2159 2619 2524 2682 fornicarium,
2548 2629 2599 2673 et
2627 2619 2794 2688 plora,
2823 2631 3072 2686 saepeque
3099 2616 3245 2668 illum
3283 2615 3487 2669 excita-

1900 2713 2001 2768 his.
2025 2711 2256 2781 Ideoque
2283 2711 2476 2766 Paulus
2502 2725 2608 2765 non
2655 2709 2924 2764 scribebat
2966 2719 3021 2762 et
3048 2705 3369 2761 admonebat
3393 2719 3486 2759 so-

1901 2807 2008 2861 lum
2041 2846 2059 2872 ,
2107 2805 2202 2860 sed
2230 2804 2388 2858 etiam
2415 2818 2535 2858 cum
2585 2801 2834 2873 lacrymis
2861 2809 2914 2854 et
2944 2799 3194 2853 lamentis
3229 2795 3486 2851 hortaba-

1907 2907 1995 2952 tur
2024 2912 2477 2967 unumquemque.
2510 2895 2638 2949 Esto
2659 2894 2966 2958 admoneas,
2988 2908 3084 2946 cur
3098 2892 3255 2946 etiam
3283 2889 3488 2960 ploras?

1903 2987 1974 3044 Ut
2002 2989 2047 3042 si
2075 3003 2180 3042 non
2207 2987 2380 3041 valeat
2404 2985 2718 3049 admonitio,
2745 2984 3068 3038 auxilientur
3093 2982 3363 3052 lacrymze.
3393 2979 3486 3034 Sic

1903 3088 1958 3135 et
1988 3079 2245 3149 propheta
2276 3079 2615 3132 lamentatur.
2651 3077 2904 3131 Dominus
2933 3075 3058 3130 item
3087 3083 3270 3129 noster
3293 3072 3481 3127 videns

1903 3171 2200 3241 proximam
2226 3169 2574 3240 Jerosolymse
2602 3168 2809 3222 ruinam
2840 3167 2970 3222 dicit
2994 3185 3008 3220 :
3035 3165 3346 3230 Jerusalem,
3369 3178 3484 3232 qua!

1901 3263 2086 3317 occidis
2144 3263 2442 3330 prophetas,
2488 3269 2535 3314 et
2575 3260 2772 3330 lepidas
2805 3276 2888 3314 eos
2933 3260 3020 3328 qui
3045 3260 3114 3311 ad
3134 3268 3181 3311 te
3205 3257 3344 3310 missi
3373 3264 3486 3310 sunt

1903 3351 1924 3424 (
1954 3353 2140 3407 Matth.
2168 3353 2265 3408 23.
2285 3351 2398 3422 57).
2430 3351 2624 3407 Urbem
2659 3350 2945 3420 compellat
2979 3349 3086 3418 jam
3128 3349 3351 3417 lapsam,
3384 3347 3484 3403 Ito--

1903 3445 2207 3514 mincmque
2259 3445 2524 3513 lugentem
2567 3442 2820 3496 imitatur.
2873 3439 3140 3509 Propheta
3191 3454 3354 3500 vero,
3393 3437 3502 3492 Vc.

1901 3537 2038 3606 genti
2081 3535 2344 3605 peccatrici
2369 3576 2382 3598 ,
2417 3531 2604 3603 papula
2655 3533 2802 3602 pleno
2851 3530 3066 3600 peccatis
3097 3528 3117 3601 (
3145 3527 3398 3583 Isai.l.4
3421 3529 3440 3596 )
3465 3545 3484 3583 :

1902 3627 2031 3682 nihil
2062 3627 2218 3682 habet
2238 3643 2424 3680 sanum
2446 3641 2640 3696 corpus
2668 3624 2816 3678 illud.
2842 3623 3082 3678 Vidistiu‘
3100 3637 3194 3678 eos
3217 3621 3488 3677 ulceribus

1903 3718 2137 3788 plenos?
2165 3717 2360 3773 Semini
2380 3733 2612 3783 nequam,
2637 3718 2826 3787 populo
2873 3715 3019 3786 pleno
3063 3715 3301 3784 peccatis.
3354 3711 3481 3778 Cur,

1902 3826 2104 3881 quaeso,
2133 3810 2475 3865 lamentatis?
2509 3808 2862 3878 Dercliquistis
2895 3807 3168 3860 Dominum
3189 3847 3203 3869 ,
3235 3813 3280 3857 et
3307 3805 3481 3857 irrita-

1902 3902 1991 3955 stis
2018 3902 2264 3956 Sanctum
2283 3899 2468 3954 Israel.
2500 3898 2635 3964 Quid
2660 3899 2794 3951 ultra
2821 3895 3168 3966 percutiamini
3201 3893 3363 3961 (Ibid.
3387 3893 3444 3963 5)
3460 3894 3486 3948 i

1902 3991 2016 4057 Qua
2043 4007 2138 4046 vos
2166 3992 2313 4060 plaga
2346 3989 2567 4043 feriant?
2593 3987 2806 4043 famene
2835 4003 2901 4040 an
2933 3996 3080 4055 peste
3104 3985 3128 4039 ?
3155 3984 3326 4039 Omne
3353 3999 3485 4053 sup-

1902 4085 2044 4154 plicii
2084 4100 2253 4154 genus
2299 4083 2553 4147 accessit,
2581 4089 2635 4136 et
2677 4079 2910 4150 nequitia
2954 4088 3130 4132 vestra
3169 4085 3485 4145 consumpta

1904 4195 2011 4232 non
2058 4185 2141 4232 est
2195 4195 2209 4232 :
2255 4176 2506 4230 Addentes
2555 4172 3011 4242 praevaricationes.
3056 4170 3217 4224 Omne
3255 4176 3405 4238 caput
3432 4168 3487 4222 in

1905 4269 2146 4336 laborem,
2184 4277 2233 4324 et
2261 4285 2408 4322 omne
2453 4285 2538 4322 car
2565 4267 2615 4320 in
2641 4267 2936 4320 tristitiam:
2962 4281 3061 4318 non
3092 4272 3165 4318 est
3193 4262 3364 4333 plaga,
3381 4278 3485 4316 non

1903 4363 2116 4418 cicatrix
2142 4361 2302 4430 (Ibid.
2327 4361 2400 4429 6).
2428 4361 2533 4415 Res
2559 4374 2692 4412 nova
2709 4359 2750 4411 ¹.
2774 4357 2936 4411 Paulo
2964 4365 3087 4410 ante
3116 4353 3328 4408 dicebas
3353 4371 3365 4405 ε
3389 4352 3488 4408 Se-

1905 4472 2016 4508 men
2037 4470 2249 4523 nequam
2275 4493 2290 4518 ,
2318 4451 2414 4519 filii
2438 4451 2616 4522 iniqui,
2651 4448 2981 4517 dereliquistis
3026 4445 3316 4509 Dominum,
3343 4451 3388 4497 et
3409 4447 3487 4496 ir-

1905 4549 2093 4602 ritastis
2115 4547 2360 4601 Sanctum
2383 4543 2567 4605 Israel;
2584 4551 2656 4609 et,
2684 4539 2774 4595 νω
2787 4541 2922 4611 genti
2951 4537 3231 4610 peccatrici.
3260 4535 3488 4590 Lamen-

1908 4641 2055 4700 Iaris,
2087 4639 2237 4707 luges
2260 4676 2276 4702 ,
2329 4635 2569 4706 quereris
2597 4676 2612 4698 ,
2641 4633 2856 4687 vulnera
2899 4645 3181 4694 recenses;
3210 4636 3265 4682 et
3293 4624 3489 4681 deinde

1907 4730 2062 4793 dicis,
2095 4727 2274 4797 Neque
2319 4728 2532 4788 vulnus,
2565 4741 2722 4794 neque
2759 4722 3009 4776 cicatrix?
3037 4719 3285 4776 Attende.
3339 4718 3489 4772 Tunc

1905 4820 2098 4874 vulnus
2124 4817 2352 4873 efﬁcitur
2379 4859 2394 4884 ,
2425 4832 2545 4872 cum
2597 4816 2699 4869 alia
2727 4814 2966 4883 corporis
3007 4820 3159 4881 parte
3187 4809 3436 4865 incolumi
3470 4849 3489 4875 ,

1909 4927 2010 4966 una
2037 4910 2278 4980 corporis
2304 4925 2427 4980 pars
2472 4923 2630 4962 sensu
2684 4907 2935 4961 destituta
2979 4914 3158 4959 manet
3204 4921 3219 4957 :
3251 4902 3336 4958 hic
3360 4917 3490 4956 vero

1909 5002 2068 5067 dicit,
2099 5011 2264 5057 totum
2295 5015 2487 5069 corpus
2515 5013 2636 5054 esse
2676 4997 2870 5051 vulnus
2899 5011 2913 5048 :
2944 4993 3126 5066 Neque
3152 4993 3364 5056 vulnus,
3397 5008 3488 5045 ne-

1908 5110 2004 5164 que
2023 5092 2253 5157 cicatrix,
2286 5105 2446 5161 neque
2475 5090 2626 5160 plaga
2653 5087 2990 5152 tumens;sed
3021 5103 3050 5140 a
3080 5085 3300 5155 pedibus
3321 5097 3491 5150 usque

1908 5183 1974 5237 ad
1997 5191 2154 5252 caput
2188 5197 2294 5236 non
2328 5189 2502 5251 potest
2527 5181 2725 5249 imponi
2757 5178 3053 5234 fomentum
3085 5219 3100 5241 ,
3132 5191 3238 5229 non
3278 5173 3476 5234 oleum,

1909 5291 2016 5330 non
2068 5275 2339 5346 ligamina.
2394 5272 2550 5327 Terra
2579 5281 2737 5327 vestra
2778 5270 2991 5333 deserta,
3041 5267 3264 5320 civitates
3315 5272 3488 5318 uestra

1909 5384 2160 5424 succensa:
2187 5369 2314 5439 igni,
2343 5369 2571 5438 regiones
2596 5375 2784 5420 vestras
2823 5363 2979 5418 alieni
3005 5358 3274 5413 comedunt
3303 5357 3322 5427 (
3351 5355 3482 5410 Ibid.

1911 5461 1986 5528 7).
2022 5459 2148 5515 Haec
2176 5459 2354 5514 omnia
2391 5457 2514 5524 feci,
2543 5467 2598 5512 et
2618 5471 2714 5510 vos
2757 5470 2861 5508 non
2904 5450 3202 5518 resipuistis
3229 5463 3244 5502 :
3274 5462 3488 5503 omnem

1911 5550 2127 5605 adhibui
2153 5559 2320 5604 artem
2343 5589 2361 5615 ,
2389 5556 2443 5604 et
2465 5562 2608 5619 ager
2653 5553 2892 5601 mortuus
2938 5547 3136 5596 manet.
3169 5537 3366 5606 Venite,
3395 5554 3490 5593 au-

1912 5642 2016 5695 dite
2037 5641 2242 5695 eerbum
2279 5639 2488 5693 Domini
2510 5680 2526 5704 ,
2556 5637 2802 5707 principes
2833 5632 3174 5689 Sodomorum
3199 5642 3246 5686 et
3273 5628 3488 5686 Gomor-

1915 5734 2040 5788 rliaz.
2095 5731 2208 5799 Quo
2249 5731 2372 5783 mihi
2425 5727 2789 5783 multitudinem
2847 5725 3157 5781 victimarum
3209 5731 3496 5781 uestrarum

1974 5827 1989 5856 ¹
2025 5825 2097 5874 sic
2119 5821 2258 5872 savil.
2280 5829 2332 5872 Al.
2350 5819 2530 5877 Morel.,
2556 5828 2632 5866 res
2658 5827 2788 5866 vane.
