3862 6232
467 303 573 362 εις
1212 303 1271 351 s.
1313 303 1591 352 JUANMS
1624 303 2056 348 uutuwswa:

471 389 859 466 (IsaiJJO)?
900 386 1038 459 Quid
1087 387 1276 458 igitur?
1328 384 1700 441 Sodomitasne
1726 379 2056 451 alloquitur?

473 479 1165 555 Nequaquam,sed.lud:eos
1179 477 1480 532 Sodomitas
1507 475 1760 545 appellat.
1791 471 2052 539 Quoniam

474 580 616 635 enim
637 590 820 631 eorum
863 587 1040 628 mores
1070 568 1416 624 imitabantur
1435 608 1451 634 ,
1483 581 1668 624 eorum
1700 564 1830 634 ipsis
1858 579 2054 619 nomen

477 670 724 743 imponit.
753 667 946 728 Venite,
979 663 1150 718 audite
1179 661 1380 716 verbum
1408 660 1634 724 Domini,
1667 659 1920 730 principes
1951 656 2055 712 So-

476 765 740 819 domorum
764 767 810 812 et
839 755 1157 811 Gomorrliae.
1185 753 1298 818 Quo
1325 752 1447 805 milii
1494 749 1867 803 multitudinem
1910 747 2053 800 victi-

477 869 674 908 marum
703 859 976 904 vestrarum
1004 847 1030 900 .9
1079 846 1202 898 dicit
1250 843 1518 898 Dominus.
1553 840 1742 894 Plenus
1771 856 1880 892 cum
1908 837 2034 896 bolo

479 945 669 998 caustis
692 942 904 995 arietum
925 982 940 1004 ,
968 949 1014 996 et
1041 938 1247 1007 adipem
1292 953 1538 1007 agnorum
1568 934 1705 988 uolo.
1737 933 1796 988 Si
1833 932 2059 998 olferatis

482 1038 604 1092 milii
632 1037 868 1096 similent,
901 1049 1082 1088 vanum
1108 1048 1127 1086 :
1161 1031 1433 1101 thymiama
1459 1028 1760 1082 abontinutio
1798 1035 1868 1079 est
1894 1025 2056 1077 mihi:

391 1112 401 1124 ’
479 1129 765 1184 neomenias
791 1136 978 1179 vestras
1000 1135 1044 1178 et
1071 1123 1275 1178 sabbata
1303 1122 1409 1175 odit
1438 1122 1607 1173 anima
1629 1136 1737 1172 mea
1765 1134 1784 1172 :
1805 1118 2058 1189 jejunium

484 1231 530 1275 et
554 1221 685 1273 diem
717 1235 954 1289 magnum
983 1234 1084 1270 non
1105 1216 1233 1285 fero.
1266 1213 1391 1269 Cum
1421 1212 1738 1266 extendet-itis
1777 1225 1957 1262 manus
1979 1224 2062 1261 ve-

472 1321 611 1364 stras
653 1309 721 1362 ad
763 1325 840 1362 me
863 1348 878 1373 ,
915 1318 1136 1360 avertam
1180 1304 1350 1358 oculos
1379 1321 1511 1357 meos
1537 1320 1568 1354 a
1593 1302 1730 1356 vobis
1758 1300 1917 1369 (Ibid.
1963 1301 2060 1356 15-

483 1401 778 1468 15).Εειηθ
809 1400 882 1452 ira
918 1399 1039 1452 huic
1065 1397 1328 1465 :rqualis?
1364 1395 1626 1464 PrOpheta
1672 1393 1859 1446 caelum
1894 1392 2061 1445 advo-

480 1504 585 1560 cat,
616 1494 935 1546 lamentatur
958 1533 974 1558 ,
1013 1491 1196 1559 cjulat,
1230 1491 1420 1558 plorat,
1449 1489 1683 1556 dicitque
1709 1486 1818 1552 illi,
1845 1484 1964 1539 Non
1995 1493 2064 1540 est

475 1585 681 1645 vulnus,
728 1600 830 1638 non
857 1592 929 1636 est
955 1582 1166 1635 cicatrix
1192 1597 1210 1634 :
1244 1581 1384 1635 Deus
1424 1580 1675 1634 irascitur
1699 1619 1712 1642 ,
1760 1594 1866 1632 non
1905 1576 2069 1631 susci—

480 1678 557 1748 pit
581 1677 872 1740 victimam,
897 1691 1002 1729 non
1055 1674 1414 1739 ueomeniam,
1457 1688 1562 1726 non
1614 1671 1925 1734 sabbatum,
1961 1684 2066 1722 non

480 1771 733 1832 similam,
768 1785 874 1822 non
904 1765 1222 1830 orationem,
1254 1780 1360 1819 non
1389 1780 1638 1819 manuum
1659 1763 2046 1817 extensionem.

493 1860 738 1914 Vidistin‘
760 1859 954 1911 ulcus?
997 1857 1232 1911 vidistin‘
1253 1855 1494 1910 morbum
1541 1853 1888 1907 incurabilem
1915 1893 1931 1918 ,
1961 1865 2068 1905 non

485 1950 664 2014 unius,
693 1964 796 2002 non
827 1948 1051 2001 duorum
1073 1991 1087 2008 ,
1119 1963 1226 2001 non
1249 1947 1459 2010 decem,
1485 1944 1577 1999 sed
1625 1945 1912 1998 multorum
1951 1941 2070 1996 mil-

496 2042 629 2096 lium
660 2039 842 2105 ?Quid
873 2039 1032 2107 igitur
1080 2048 1263 2107 postea
1291 2038 1315 2091 ?
1351 2035 1615 2090 Lavamini
1639 2075 1653 2096 ,
1700 2033 1879 2088 mundi
1920 2040 2071 2087 estote

488 2134 507 2204 (
543 2131 680 2186 Ibid.
717 2131 783 2186 16
807 2132 844 2199 ).
889 2130 1022 2184 Num
1070 2138 1152 2183 est
1199 2137 1472 2198 peccatum
1504 2142 1602 2197 pro
1629 2141 1733 2194 quo
1762 2125 1832 2178 sit
1881 2124 2070 2192 despe-

485 2222 758 2277 randum?
785 2221 899 2290 ipse
932 2221 1186 2275 Dominus
1214 2261 1229 2286 ,
1257 2219 1346 2289 qui
1383 2218 1544 2285 dicit,
1581 2216 1697 2271 Non
1736 2215 1895 2270 audio
1931 2229 2066 2280 vos;

498 2314 628 2369 dicit
657 2315 839 2372 etiam.
867 2311 1150 2366 Lavamini.
1207 2313 1288 2367 Ad
1319 2311 1444 2381 quid
1492 2312 1606 2367 huic
1637 2310 1868 2378 loqueris
1899 2309 1922 2362 ?
1962 2307 2073 2362 Cur

485 2407 584 2461 ista
613 2406 636 2459 ?
661 2407 819 2460 ambo
850 2416 972 2458 sunt
1001 2405 1148 2459 utilia
1181 2422 1194 2458 :
1227 2405 1316 2458 illa
1344 2445 1359 2467 ,
1387 2411 1446 2458 ut
1490 2413 1718 2458 terream
1747 2417 1761 2465 ;
1817 2399 1933 2454 bzec
1967 2439 1980 2463 ,
2013 2404 2071 2452 ut

489 2499 775 2555 attraham.
816 2497 870 2554 Si
924 2515 1028 2552 non
1055 2498 1206 2554 audis
1245 2499 1362 2552 illos
1390 2539 1404 2560 ,
1437 2511 1586 2566 spem
1629 2495 1816 2550 salutis
1845 2507 1948 2547 non
1977 2492 2076 2546 ha-

489 2594 619 2648 bent
643 2611 656 2647 :
688 2594 731 2646 si
758 2607 908 2661 spem
955 2592 1140 2646 salutis
1169 2607 1272 2645 non
1301 2592 1499 2647 habent
1527 2632 1542 2653 ,
1572 2605 1668 2646 cur
1695 2589 1828 2642 dicis
1855 2628 1870 2653 ,
1909 2586 2071 2640 Lava-

489 2684 611 2738 mini
643 2685 668 2736 .9
699 2683 892 2738 Verum
923 2683 1077 2737 Pater
1099 2693 1181 2737 est
1209 2683 1434 2737 ﬁliorum
1457 2697 1662 2748 amans,
1685 2682 1831 2736 solus
1861 2683 2028 2735 bonus
2052 2719 2068 2744 ,

496 2774 613 2844 plus
637 2789 794 2843 quam
828 2783 978 2842 pater
1007 2771 1072 2826 ad
1105 2773 1624 2827 commiserationem
1657 2786 1874 2840 pronus.
1919 2769 1989 2824 Et
2016 2778 2074 2824 ut

492 2863 672 2918 discas
702 2865 873 2932 ipsum
900 2878 1020 2917 esse
1046 2871 1272 2932 patrem,
1305 2863 1377 2917 ait
1407 2863 1531 2925 illis,
1553 2861 1690 2926 Quid
1715 2862 1901 2932 faciant
1930 2902 1943 2922 ,
1970 2858 2074 2913 Ju-

490 2960 607 3013 da?
635 2959 715 3013 An
745 2960 923 3013 nescis
955 2958 1085 3028 quid
1127 2958 1360 3012 facturus
1395 2957 1509 3012 sis?
1556 2957 1686 3012 Novi
1743 2959 1897 3026 plane
1922 2999 1936 3020 ,
1980 2955 2076 3011 sed

493 3051 653 3106 nolo:
687 3051 851 3120 exigit
878 3061 1214 3120 peccatorum
1251 3059 1460 3116 natura,
1489 3048 1582 3104 sed
1610 3049 1821 3103 cohibet
1843 3049 2076 3103 clemen-

491 3144 578 3198 tia:
601 3144 924 3212 magnitudo.
953 3143 1088 3208 Quid
1139 3143 1324 3196 faciam
1360 3142 1498 3197 tibi?
1527 3157 1811 3212 parcanme
1857 3139 1987 3195 tibi?
2024 3147 2079 3195 at

489 3237 705 3306 segnior
730 3236 943 3290 evades.
971 3235 1234 3291 Ultionem
1263 3236 1327 3290 de
1359 3244 1414 3290 te
1443 3236 1696 3289 sumam?
1743 3235 1836 3288 sed
1882 3235 1930 3288 id
1971 3249 2076 3288 non

494 3330 690 3397 patitur
718 3329 996 3382 clementia
1022 3345 1160 3382 mea.
1189 3329 1324 3398 Quid
1351 3329 1540 3383 faciam
1573 3329 1705 3382 tibi?
1733 3345 1800 3382 au
1825 3338 1880 3381 ut
1903 3327 2076 3382 Sodo-

493 3434 635 3474 mam
674 3429 725 3474 te
768 3435 960 3489 ponam
988 3463 1002 3486 ,
1050 3421 1133 3474 vel
1177 3430 1231 3474 ut
1277 3419 1632 3475 Gomorrham
1687 3428 1922 3475 evertam
1977 3417 2078 3472 te?

495 3511 823 3566 Conversum
851 3522 932 3565 est
962 3527 1054 3565 cor
1099 3527 1296 3566 meum.
1331 3511 1536 3565 Aﬂ'cetu
1563 3511 1678 3565 licet
1712 3523 1908 3564 vacuus
1933 3551 1946 3573 ,
1976 3507 2078 3562 ho-

495 3601 694 3656 minem
722 3601 913 3655 aﬂcctu
960 3602 1238 3670 prccditum
1285 3602 1564 3666 imitatur;
1595 3602 1702 3655 imo
1753 3601 1928 3670 potius
1967 3616 2082 3655 ma-

491 3699 627 3746 trem
657 3691 821 3759 prolis
867 3699 1157 3746 amantem.
1178 3691 1507 3746 Conversum
1531 3700 1614 3745 est
1651 3707 1748 3745 cor
1777 3707 1987 3759 meum;
2015 3707 2080 3747 ac

446 3940 451 3944 _
495 3880 578 3922 DE
623 3877 1066 3934 POENITENTIA,
1112 3878 1192 3921 ΕΤ
1235 3878 1319 3920 DB
1375 3877 1456 3921 IIS
1499 3877 1608 3930 QUI
1654 3882 1693 3922 Δ
1738 3877 2071 3921 COLLECTIS
2129 3879 2537 3938 ABFUERUNT,

1212 294 1271 351 ε.
1313 288 1591 352 JOANMS
1624 286 2100 348 CHRYSOSTOMI
2138 284 2456 345 ABCHIEP.
2497 280 3032 341 CONSTANTINOP.

3646 287 3732 342 δυ

2165 400 2210 456 si
2247 397 2391 454 dicat
2416 399 2606 453 mulier
2633 398 2702 453 de
2733 414 2917 467 puero,
2948 397 3278 452 Conversum
3309 405 3389 451 est
3438 410 3542 451 cor
3583 412 3733 452 meum

2160 499 2401 546 materno
2427 505 2596 546 more.
2628 491 2697 544 At
2728 504 2832 543 non
2857 489 2987 544 satis
3015 488 3197 544 habuit
3217 489 3396 558 priora
3425 487 3519 542 illa
3538 487 3734 555 dixisse,

2160 582 2278 644 sed,
2326 580 2583 635 Turbatus
2608 596 2717 634 sum
2747 581 2799 634 in
2829 579 3120 651 pmnitentia
3164 595 3275 633 mea
3305 579 3327 650 (
3354 578 3492 633 Osee
3565 581 3648 635 Η.
3674 583 3735 650 8).

2167 672 2379 726 Deusne
2405 671 2896 726 turbatur?Absit.
2947 669 3153 724 Numen
3201 670 3532 724 turbationis
3575 686 3742 740 expers

2161 773 2284 828 est;
2317 763 2431 829 sed,
2467 771 2523 817 ut
2547 763 2655 832 jam
2683 763 2818 829 dixi,
2851 772 3094 817 nostrum
3127 762 3376 832 loquendi
3406 779 3619 818 morem
3643 765 3744 818 imi-

2163 863 2322 909 tatur.
2354 854 2680 908 Conversum
2733 864 2814 908 est
2852 870 2946 908 cor
2980 870 3194 917 meum;
3244 855 3537 920 Laramim',
3591 856 3746 909 mundi

2163 956 2337 1001 estote.
2367 945 2501 1013 Quid
2542 960 2658 999 smn
2699 945 2852 999 vobis
2882 945 3190 1015 pollicitus?
3215 945 3367 1011 Quod
3398 956 3708 1016 peccatores
3734 987 3746 1011 ,

2162 1039 2320 1093 etiam
2365 1039 2630 1092 sexcentis
2659 1047 2878 1091 onustos
2905 1039 3135 1106 peccatis
3161 1079 3176 1103 ,
3231 1037 3614 1107 ulceribusque
3657 1038 3750 1107 ple-

2165 1146 2282 1193 nos,
2315 1129 2359 1183 si
2394 1129 2758 1198 paenitentiam
2790 1139 2987 1198 agant,
3019 1129 3155 1182 Deus
3185 1137 3471 1197 susceptos
3499 1129 3570 1182 ita
3598 1138 3748 1196 curet,

2167 1230 2223 1276 ut
2255 1238 2321 1275 ne
2353 1221 2633 1290 vestigium
2667 1263 2681 1284 ,
2714 1229 2772 1274 ut
2823 1235 2891 1273 ne
2933 1220 3231 1274 cicatricem
3257 1261 3273 1286 ,
3307 1228 3365 1272 ut
3411 1235 3486 1273 ne
3519 1219 3751 1273 indicium

2167 1315 2378 1384 quidem
2407 1324 2745 1383 peccatorum
2770 1313 3050 1382 relinquat.
3077 1311 3357 1376 Lavamini,
3386 1312 3574 1365 mundi
3599 1321 3750 1376 estote,

2169 1407 2364 1474 auferte
2390 1405 2634 1476 nequitias
2683 1413 2872 1456 vestras
2915 1404 2975 1455 ab
3003 1403 3268 1456 animabus
3314 1404 3499 1456 uestris
3538 1420 3558 1456 :
3600 1404 3754 1456 discite

2169 1500 2478 1565 benefacere
2507 1501 2524 1567 (
2559 1496 2684 1551 Isai.
2719 1497 2767 1550 ί.
2803 1496 2886 1550 16.
2919 1495 3026 1565 l7).
3058 1495 3124 1549 Et
3152 1495 3276 1564 quiti
3309 1495 3436 1548 boni
3495 1496 3755 1563 prmeipis?

2166 1586 2403 1640 .Iudicnte
2452 1587 2734 1656 pupillum,
2779 1596 2824 1638 et
2846 1586 3128 1656 jnstiﬁcate
3170 1585 3396 1639 viduam.
3446 1585 3569 1638 Non
3602 1586 3755 1655 gravia

2173 1688 2438 1746 prmcepta
2493 1687 2636 1742 sunt,
2691 1675 2784 1730 sed
2813 1675 2878 1729 ad
2903 1691 3020 1745 qua:
3068 1685 3250 1729 natura
3282 1676 3392 1743 ipsa
3445 1690 3619 1744 prona
3667 1675 3755 1728 sit:

2170 1768 2378 1824 mulieri
2402 1769 2542 1842 enim
2573 1771 2821 1822 convenit
2844 1768 3229 1822 misericordia.
3272 1769 3336 1822 Et
3363 1770 3552 1833 venite,
3587 1778 3636 1822 et
3663 1769 3751 1822 dis-

2171 1860 2462 1931 ceptemus(
2493 1860 2630 1915 Ibid.
2659 1861 2723 1915 18
2747 1859 2788 1932 ).
2842 1861 2976 1914 Dicit
3016 1860 3291 1925 Dominus,
3316 1861 3594 1915 modicum
3622 1859 3757 1929 quid-

2173 1956 2316 2025 piam
2349 1955 2503 2011 facite
2527 1997 2542 2021 ,
2565 1968 2618 2010 et
2645 1971 2747 2025 ego
2773 1956 2913 2026 quod
2941 1956 3201 2024 reliquum
3251 1965 3335 2010 est
3381 1954 3585 2008 addam
3616 1971 3629 2004 :
3656 1953 3756 2007 exi-

2173 2061 2334 2117 guum
2355 2047 2550 2117 aliquid
2573 2045 2700 2100 mihi
2726 2046 2868 2112 date,
2901 2056 2953 2101 et
2977 2056 3141 2100 totum
3171 2061 3271 2115 ego
3298 2047 3628 2114 impertiam.
3670 2043 3755 2096 Ve-

2174 2140 2296 2193 nite.
2327 2139 2567 2205 Quonam
2594 2139 2892 2193 abeamus?
2946 2139 3024 2192 Ad
3075 2153 3180 2200 me,
3221 2154 3378 2208 quem
3410 2137 3751 2207 provocastis,

2174 2246 2333 2299 quem
2361 2230 2635 2293 irritastis;
2658 2228 2724 2282 ad
2753 2244 2839 2282 me
2864 2229 2952 2298 qui
2979 2228 3118 2294 dico,
3146 2227 3266 2282 Non
3291 2228 3450 2281 audio
3481 2244 3593 2291 vos,
3617 2235 3671 2279 ut
3691 2227 3757 2278 in-

2179 2322 2557 2376 terminatione
2583 2321 2851 2390 perterriti
2878 2363 2892 2386 ,
2928 2321 3058 2374 iram
3100 2320 3320 2376 sedetis.
3350 2319 3552 2375 Venite
3578 2318 3642 2372 ad
3665 2333 3754 2371 non

2179 2411 2482 2467 audientem
2512 2453 2528 2479 ,
2559 2423 2616 2466 ut
2643 2411 2843 2466 audiat.
2895 2412 2962 2466 Et
3001 2411 3126 2481 quid
3178 2411 3342 2466 facis?
3372 2411 3493 2466 Non
3539 2410 3763 2478 relinquo

2179 2503 2463 2573 vestigium
2497 2543 2512 2568 ,
2553 2517 2658 2555 non
2691 2502 2917 2556 indicem
2948 2545 2964 2569 ,
2997 2517 3102 2556 non
3131 2501 3457 2556 cicatricem.
3507 2499 3697 2565 Venite,
3722 2509 3759 2552 et

2179 2593 2529 2663 disceptemus,
2557 2593 2680 2646 dicit
2714 2592 2958 2646 Dominus
2991 2608 3010 2644 :
3057 2601 3112 2646 et
3150 2592 3316 2656 addit,
3361 2590 3425 2645 Si
3444 2591 3644 2659 fuerint
3666 2606 3759 2655 pec-

2179 2693 2292 2738 cata
2316 2694 2479 2739 vestra
2501 2694 2557 2738 ut
2586 2685 2880 2750 coccinum,
2913 2684 3058 2752 quasi
3084 2683 3246 2736 nivem
3289 2681 3543 2735 dealbabo
3589 2693 3609 2752 (
3639 2679 3756 2733 Ibid.

2183 2777 2292 2846 l8).
2341 2776 2599 2830 Numcubi
2648 2776 2910 2831 cicatrix?
2963 2775 3213 2829 numcubi
3256 2789 3384 2842 ruga
3433 2773 3605 2826 etiam
3654 2785 3758 2824 eum

2181 2870 2358 2923 colore
2384 2867 2738 2936 expiationis?
2766 2867 2828 2920 Et
2857 2868 2900 2921 si
2926 2867 3112 2937 fuerint
3138 2875 3190 2919 ut
3219 2866 3499 2929 coccinum,
3528 2864 3674 2933 quasi
3691 2862 3757 2914 la-

2185 2977 2302 3014 nam
2335 2959 2601 3013 dealbabo.
2661 2958 2924 3014 Numcubi
2979 2959 3246 3028 nigricans
3286 2957 3482 3012 color?
3530 2953 3763 3010 uumcubi

2183 3053 2388 3106 macula
2416 3050 2525 3105 ?Et
2551 3065 2658 3122 quo
2687 3059 2840 3120 pacto
2895 3051 3028 3105 ﬁunt
3055 3051 3197 3105 ista?
3225 3049 3359 3104 Num
3387 3048 3511 3103 alia:
3541 3033 3784 3117 promis?

2183 3143 2413 3198 siones?
2458 3157 2520 3197 os
2568 3143 2708 3198 enim
2759 3143 2966 3197 Domini
3018 3142 3134 3197 haec
3180 3142 3452 3212 loquutum
3506 3149 3612 3196 est.
3661 3137 3761 3192 Non

2184 3234 2356 3288 solum
2381 3233 2795 3304 magnitudinem
2819 3234 2994 3289 vidisti
3034 3236 3414 3303 promissorum
3442 3275 3458 3298 ,
3489 3231 3587 3287 sed
3614 3240 3666 3285 et
3687 3229 3760 3283 die

2185 3327 2439 3398 gnitatem
2467 3327 2756 3397 largientis.
2788 3327 2896 3381 Deo
2925 3329 3065 3381 enim
3097 3325 3366 3396 possibilia
3398 3334 3526 3379 sunt
3546 3323 3718 3377 omnia
3740 3364 3752 3386 ,

2187 3419 2274 3488 qui
2304 3429 2478 3488 potest
2500 3433 2528 3472 a
2557 3417 2772 3474 sordido
2798 3419 2972 3474 facere
2993 3419 3269 3473 mundum.
3289 3417 3442 3472 Hune
3473 3419 3633 3486 igitur
3655 3429 3760 3468 cum

2186 3513 2530 3575 audierimus,
2560 3522 2613 3568 et
2639 3513 2964 3582 paenitentia:
2994 3511 3254 3566 medelam
3285 3510 3596 3565 noverimus
3620 3549 3634 3572 ,
3660 3507 3760 3577 glo-

2188 3603 2320 3656 riam
2369 3601 2468 3671 ipsi
2517 3603 2941 3657 transmittamus
2973 3617 2990 3656 :
3018 3602 3143 3672 quia
3189 3600 3354 3672 ipsius
3382 3608 3465 3655 est
3511 3597 3678 3668 gloria
3717 3602 3762 3649 et

2191 3693 2474 3761 imperium
2499 3693 2550 3747 in
2573 3693 2788 3748 smcula.
2817 3694 3008 3747 Amen.

2608 3881 2894 3934 ITEMQUE
2937 3880 3020 3922 DE
3074 3879 3272 3922 δΑειιΔ
3315 3878 3530 3923 IENSA
3574 3877 3652 3920 ΕΤ
3689 3873 3758 3917 Dl

1979 3957 2230 3999 mutato
2264 3945 2303 4000 ί.

1128 4080 1344 4119 llOIllLlA
1373 4080 1444 4119 IX.

571 4200 1028 4270 Quemadmodum
1079 4199 1208 4253 nihil
1241 4199 1458 4268 prodest
1502 4197 1564 4251 iis
1591 4199 1677 4266 qui
1708 4197 1995 4264 seminant,
2041 4197 2086 4251 si

497 4293 650 4364 juxta
703 4291 840 4344 viam
881 4296 1082 4344 semina
1125 4289 1320 4358 jaeiant
1351 4308 1362 4342 :
1394 4289 1462 4342 ita
1509 4303 1681 4358 neque
1731 4288 1882 4342 nobis
1930 4287 2084 4356 quid-

502 4400 662 4455 quam
698 4383 956 4454 proderit,
998 4382 1041 4434 si
1072 4380 1357 4434 Christiani
1406 4379 1665 4439 dicamur,
1709 4377 1808 4432 uisi
1836 4395 1952 4448 qua:
1995 4393 2090 4447 ap-

503 4474 775 4546 pellationi
818 4481 1012 4525 nostra:
1038 4471 1361 4526 eonveuiant
1401 4485 1560 4538 Opera
1595 4478 1928 4538 prmstemus.
1960 4468 2088 4536 Ejus

501 4565 599 4628 rei,
643 4565 687 4618 si
733 4564 923 4633 placet,
951 4561 1214 4616 adhibebo
1244 4561 1344 4614 ﬁde
1392 4561 1606 4632 dignum
1651 4570 1836 4614 testem
1870 4559 2087 4614 fratrem

503 4657 595 4713 Dei
641 4657 897 4712 Jacobum
942 4655 1241 4708 dicentem:
1275 4652 1426 4706 Fides
1472 4654 1577 4706 sine
1623 4652 1854 4721 operibus
1891 4661 2090 4704 mortua

502 4762 573 4805 est
606 4749 803 4823 (Iacob.
833 4750 885 4802 9..
918 4747 1028 4819 l7).
1065 4748 1202 4814 Ergo
1228 4745 1419 4816 ubique
1450 4761 1583 4814 opus
1608 4757 1689 4799 est
1721 4746 2086 4799 mandatorum

503 4841 814 4910 (moratione
840 4858 852 4892 :
885 4856 1003 4891 nam
1034 4839 1117 4890 illa
1145 4838 1382 4897 absente,
1417 4853 1585 4897 neque
1605 4837 1890 4890 Christiani
1921 4836 2090 4890 nomi-

510 4933 592 4985 nis
621 4930 905 5001 appellatio
926 4930 1076 4983 nobis
1109 4929 1362 4999 prodesse
1395 4929 1604 4998 poterit.
1643 4929 1708 4983 Et
1748 4945 1814 4982 ne
1857 4927 2087 4981 mireris.

503 5021 638 5091 Q'Iitl
684 5021 851 5086 enim,
892 5020 979 5074 dic
1030 5019 1178 5081 mihi,
1225 5019 1354 5073 lucri
1401 5019 1561 5073 habet
1609 5021 1760 5073 miles
1800 5019 2008 5089 quando
2036 5019 2087 5072 in

504 5115 743 5169 exercitu
771 5122 870 5177 est,
900 5112 1002 5166 nisi
1029 5112 1216 5166 militia
1243 5111 1429 5181 dignus
1456 5112 1522 5165 sit
1540 5155 1553 5177 ,
1583 5123 1634 5166 et
1661 5128 1755 5183 pro
1782 5127 1903 5180 rege
1934 5125 2088 5180 aquo

593 5369 791 5423 Titulus
841 5369 890 5420 in
949 5370 1167 5423 Colbert.
1193 5407 1206 5430 ,
1270 5370 1495 5433 Ejusdem
1527 5372 1590 5420 de
1619 5371 1900 5420 necessitate
1936 5365 2091 5433 sacris

505 5435 760 5486 assistatdi
773 5433 1000 5490 collectis.
1019 5428 1199 5495 rejecto'
1213 5428 1703 5491 omniimpedimento,
1721 5438 1765 5481 et
1788 5428 2093 5495 depmm'ten-

503 5495 590 5552 tia,
615 5509 771 5546 sermo
793 5494 1080 5558 trigesimus,
1101 5495 1367 5558 secundum
1385 5495 1730 5558 ussgrdiuem.
1764 5494 1949 5541 Initium
1974 5504 2092 5558 vero

506 5561 746 5626 sermonis
767 5552 1002 5626 swiiapet
1027 5569 1039 5604 :
1065 5555 1250 5624 Inlecti,
1278 5553 1577 5626 nonan/[icit
1615 5567 1701 5626 nos
1737 5561 1914 5626 temere
1936 5560 1993 5626 let
2016 5552 2090 5626 in-

506 5619 722 5679 consulto
743 5618 1038 5668 Christianos
1069 5615 1324 5675 nominari,
1347 5623 1411 5679 et,
1445 5615 1493 5679 si
1513 5615 1718 5679 placeat,
1752 5615 1988 5679 adhibebo
2008 5621 2090 5679 te-

509 5683 630 5742 stem
651 5677 750 5742 ﬁde
774 5679 974 5742 dignum
1005 5681 1209 5742 fratrem
1241 5679 1330 5732 Dei
1360 5676 1589 5732 Jacobttm
1619 5677 1858 5732 dicentem
1881 5690 1898 5729 .'
1927 5676 2086 5730 rides.

508 5735 634 5789 Infra
651 5735 886 5802 deestfet
907 5753 966 5792 nc
989 5735 1197 5793 mireris.

2191 4064 2373 4130 alitur,
2421 4065 2686 4120 militet“?
2728 4064 2886 4119 Forte
2927 4073 3125 4125 autem,
3179 4063 3385 4117 tametsi
3426 4061 3661 4116 terribile
3692 4068 3759 4113 est

2191 4155 2330 4223 quod
2359 4155 2570 4221 dicitur,
2615 4156 2802 4210 melius
2840 4157 2887 4210 ei
2935 4164 3048 4209 erat
3089 4171 3191 4209 non
3234 4155 3479 4215 militare.
3525 4168 3679 4223 quam
3715 4151 3757 4204 in

2191 4246 2377 4299 militia
2407 4261 2589 4300 curam
2617 4256 2672 4300 et
2706 4248 2960 4302 honorem
3007 4247 3146 4316 regis
3184 4246 3476 4317 negligere.
3508 4245 3612 4312 Qui
3635 4244 3755 4298 enim

2192 4337 2302 4391 ﬁeri
2333 4347 2507 4407 potest
2534 4347 2593 4393 ut
2630 4353 2735 4392 non
2781 4339 3032 4409 puniatur
3063 4338 3126 4402 is,
3155 4338 3244 4406 qui
3284 4353 3314 4390 a
3358 4352 3484 4406 rege
3528 4335 3754 4395 nutritur,

2194 4444 2289 4499 pro
2332 4444 2455 4500 rege
2502 4438 2677 4483 autem
2723 4445 2828 4483 non
2877 4429 3086 4483 certat?
3133 4427 3270 4495 Quid
3319 4438 3494 4482 autem
3537 4426 3655 4480 dico
3678 4436 3756 4492 pro

2192 4525 2356 4592 rege?
2396 4523 2594 4576 utinam
2625 4523 2783 4577 etiam
2817 4537 2911 4591 pro
2956 4521 3151 4576 nostris
3177 4519 3454 4573 animabus
3482 4533 3659 4573 curam
3683 4530 3756 4584 ge-

2193 4631 2434 4669 reremus
2471 4615 2577 4670 !Et
2619 4614 2906 4684 quomodo,
2951 4615 3043 4678 ait,
3085 4613 3338 4682 possibile
3382 4613 3434 4665 in
3483 4609 3676 4664 numdo
3714 4613 3755 4660 et

2195 4709 2372 4762 medio
2400 4707 2672 4761 homiumn
2715 4709 2791 4762 sic
2821 4716 3116 4760 versantem
3163 4705 3400 4759 salvari?
3443 4704 3584 4772 Quid
3623 4700 3752 4762 dicis,

2195 4799 2394 4853 homo?
2437 4801 2523 4852 Vis
2569 4799 2799 4853 breviter
2842 4798 3117 4852 ostendam
3163 4813 3268 4851 non
3317 4811 3437 4850 esse
3465 4796 3641 4848 locum
3681 4787 3754 4860 qui

2193 4891 2375 4954 saivet,
2424 4890 2515 4944 sed
2561 4905 2736 4944 mores
2760 4899 2812 4943 ct
2840 4891 3161 4943 voluntatem
3184 4888 3210 4940 ?
3231 4887 3397 4941 Adam
3433 4887 3482 4939 in
3509 4884 3753 4956 paradiso,

2195 4993 2248 5036 ut
2280 4984 2330 5037 in
2373 4992 2524 5052 portu
2558 4983 2886 5052 naufragium
2933 4981 3055 5037 fecit
3085 4979 3234 5053 (Gen.
3265 4982 3318 5048 5)
3353 4997 3364 5032 :
3396 4979 3532 5033 Loth
3585 4980 3634 5032 in
3673 4976 3755 5030 So-

2192 5077 2364 5131 domis
2385 5077 2520 5130 sicut
2548 5077 2598 5130 in
2630 5077 2813 5145 pelago
2843 5084 3081 5128 servatus.
3111 5081 3192 5126 est
3221 5071 3369 5142 (Gen.
3425 5071 3514 5139 19;
3543 5087 3556 5122 :
3583 5069 3672 5124 Job
3714 5065 3750 5118 in

2192 5179 2429 5224 stercore
2483 5169 2798 5238 justilieatus
2845 5177 2923 5220 est
2969 5166 3086 5236 (Job
3131 5165 3185 5236 εὶ)
3229 5165 3394 5220 :Sat‘il
3440 5164 3530 5218 ille
3580 5164 3628 5217 in
3663 5159 3752 5212 tbc-

2193 5261 2363 5314 Sillll‘iS
2419 5277 2639 5314 versans
2708 5275 2869 5328 regno
2926 5258 3172 5328 prmsenti
3235 5267 3288 5310 et
3341 5257 3519 5308 hituro
3585 5248 3752 5309 excidit

2194 5351 2407 5422 (LReg.
2426 5353 2534 5420 18).
2560 5353 2670 5407 Νοη
2694 5361 2775 5408 est
2796 5351 3055 5415 defensio,
3079 5349 3216 5419 quod
3251 5349 3404 5412 dicis,
3431 5347 3546 5400 Non
3570 5352 3752 5415 possunt

2195 5444 2244 5498 in
2263 5443 2458 5498 mundo
2485 5445 2705 5506 versari,
2737 5454 2894 5511 atque
2926 5443 2976 5495 in
3010 5440 3185 5494 medio
3203 5439 3536 5507 negotiorum
3556 5429 3741 5491 salvari.

2195 5535 2301 5591 Sed
2333 5535 2446 5592 haec
2472 5534 2648 5605 gravia
2677 5534 2817 5588 unde
2855 5532 3142 5588 accidunt?
3165 5531 3298 5599 Quia
3327 5529 3418 5583 alii
3445 5525 3634 5583 divinis
3656 5534 3753 5594 pro-

2258 5675 2275 5706 ι
2303 5681 2351 5722 ιιι
2369 5673 2522 5728 0011)..
2536 5671 2660 5734 Quid
2677 5671 2806 5723 enini
2823 5670 2949 5722 lucri
2965 5665 3263 5734 habetmites
3285 5677 3349 5717 ea:
3367 5660 3566 5726 militia,
3580 5657 3666 5714 nisi
3682 5664 3756 5717 etut

2197 5732 2371 5786 virtute
2411 5725 2611 5786 militem
2635 5735 2769 5787 decet
2787 5748 2880 5801 pro
2904 5744 3015 5796 rege
3038 5725 3246 5781 mttttct?
