3906 6224
79 384 204 441 5-55

83 496 280 560 cibus,
299 493 386 548 alii
405 490 597 548 divinis
617 490 967 548 conventibus
994 490 1298 560 frequentes
1312 505 1418 545 non
1441 489 1693 546 adestis‘.

92 587 302 640 Annon
350 583 542 638 videtis
578 597 672 638 eos
711 582 801 652 qui
827 582 1015 637 vo‘tuut
1054 581 1361 651 dignitatem
1405 595 1438 636 a
1485 588 1695 634 terreno

89 690 234 747 rege
275 675 538 744 accipere,
571 673 839 744 quomodo
867 673 1122 739 assident,
1161 672 1429 742 quomodo
1467 671 1599 725 alios
1627 670 1694 724 ad

86 763 544 838 patrocinandum
590 766 831 832 incitant,
877 772 934 819 ut
972 763 1241 834 potiantur
1269 778 1336 819 eo
1371 762 1514 834 quod
1548 777 1695 832 quae-

93 860 274 915 runt?
299 859 425 914 Haec
464 873 564 928 ego
593 857 817 912 dixerim
859 855 925 910 ad
971 871 1066 911 eos
1096 855 1184 926 qui
1212 854 1418 909 divinas
1446 853 1694 909 collectas

91 951 438 1020 relinquunt,
465 958 519 1003 et
539 949 638 1004 sub
663 947 848 1003 horam
873 947 1126 1002 terribilis
1153 954 1208 1000 et
1235 947 1471 1018 mysticae
1495 960 1694 1000 mensas

97 1041 387 1112 colloquiis
422 1049 476 1095 et
509 1039 660 1095 vanis
706 1037 1240 1094 sermocinationibus
1268 1037 1510 1106 occupati
1547 1046 1691 1090 sunt.

97 1131 246 1198 Quid
295 1131 458 1198 facis,
506 1129 713 1184 homo?
759 1145 864 1184 non
915 1129 1204 1198 promisisti
1256 1128 1556 1194 sacerdoti,
1604 1123 1694 1198 qui

99 1221 260 1286 dixit,
287 1221 504 1276 Sursum
533 1229 744 1274 mentem
771 1228 818 1273 et
840 1219 1018 1286 corda,
1046 1227 1100 1274 et
1120 1218 1314 1283 dixisti,
1340 1217 1602 1272 Habemus
1625 1219 1694 1273 ad

99 1314 426 1368 Dominum?
455 1327 559 1367 non
596 1313 858 1367 revereris
888 1320 942 1365 et
970 1309 1263 1378 erubescis,
1300 1309 1442 1380 quod
1467 1309 1554 1364 illa
1581 1310 1692 1378 ipsa

100 1407 238 1461 hora
268 1406 493 1461 mendax
537 1405 862 1460 inveniaris?
891 1404 1083 1474 Papae!
1134 1417 1317 1458 mensa
1345 1401 1569 1472 mystica
1596 1416 1696 1470 pa-

103 1509 227 1552 rata
250 1507 353 1563 est,
383 1505 436 1553 et
462 1513 628 1567 agnus
649 1497 741 1554 Dei
767 1511 863 1566 pro
889 1505 941 1551 te
970 1496 1294 1562 immolatur,
1323 1495 1573 1550 sacerdos
1595 1509 1692 1564 pro

101 1597 162 1643 te
187 1587 418 1658 angitur,
450 1587 584 1657 ignis
614 1586 906 1656 spiritualis
935 1601 1002 1640 ex
1047 1601 1195 1639 sacra
1231 1600 1412 1639 mensa
1441 1583 1692 1652 erumpit,

97 1680 393 1736 Cherubim
416 1678 649 1743 adstant,
677 1677 954 1746 Serapbim
974 1677 1250 1743 advolant,
1281 1685 1335 1731 et
1363 1676 1580 1745 spiritus
1600 1690 1692 1730 sex

96 1771 221 1824 alas
250 1769 508 1825 habentes
539 1769 728 1823 faciem
769 1776 972 1838 tegunt,
1004 1783 1189 1822 omnes
1230 1767 1558 1836 incorporea:
1585 1766 1693 1819 vir-

100 1871 250 1916 tutes
277 1877 372 1932 pro
416 1872 466 1916 te
494 1877 614 1916 cum
658 1861 933 1916 sacerdote
970 1859 1306 1916 intercedunt
1334 1878 1346 1914 :
1377 1860 1511 1929 ignis
1540 1859 1695 1928 spiri-

98 1954 264 2008 tualis
298 1968 328 2008 e
375 1953 507 2008 caelo
535 1953 830 2020 descendit,
859 1953 1076 2023 sanguis
1117 1952 1169 2006 in
1217 1962 1424 2008 cratere
1468 1953 1519 2006 in
1551 1961 1692 2006 tuam

97 2046 526 2116 puriﬁcationem
569 2062 636 2101 ex
677 2047 1017 2101 immaculato
1055 2046 1224 2100 latere
1249 2044 1448 2100 effusus
1485 2055 1566 2100 est
1598 2062 1611 2098 :
1639 2052 1695 2100 et

96 2154 214 2192 non
244 2138 512 2194 erubescis
542 2153 605 2192 ac
647 2137 931 2204 revereris,
973 2152 1070 2192 nec
1109 2145 1160 2192 te
1186 2137 1348 2206 pudet
1378 2137 1428 2191 in
1471 2137 1555 2190 illa
1587 2146 1694 2192 tre-

95 2232 298 2288 menda
324 2231 454 2287 hora
482 2232 790 2286 mendacem
823 2241 874 2287 te
901 2229 1264 2299 deprehendi?
1285 2230 1510 2284 Centum
1539 2245 1694 2284 sexa-

94 2323 248 2393 ginta
279 2332 400 2378 octo
419 2322 579 2376 horas
608 2321 836 2376 habente
865 2319 1221 2384 hebdomada,
1255 2335 1409 2373 unam
1441 2327 1497 2373 et
1522 2319 1690 2372 solam

99 2415 294 2470 horam
340 2415 440 2470 sibi
470 2414 569 2484 ipsi
616 2412 915 2483 segregavit
946 2413 1102 2476 Deus,
1148 2421 1202 2465 et
1245 2410 1384 2464 hanc
1432 2411 1482 2464 in
1530 2424 1690 2478 opera

100 2506 404 2571 szecularia,
445 2514 498 2560 et
538 2505 591 2559 in
625 2504 868 2568 ridicula,
901 2512 956 2556 et
1001 2503 1054 2556 in
1082 2517 1213 2556 vana
1251 2502 1512 2571 colloquia
1541 2501 1688 2555 insu-

101 2595 252 2650 mis?
293 2593 428 2650 Cum
458 2611 562 2665 qua
590 2604 771 2665 postea
799 2594 991 2650 fiducia
1030 2594 1095 2648 ad
1135 2594 1388 2665 mysteria
1428 2593 1692 2648 accedes?

100 2702 230 2742 cum
252 2702 352 2758 qua
385 2687 584 2757 polluta
607 2686 972 2742 conscientia?
997 2685 1134 2740 Num
1172 2686 1216 2740 si
1253 2695 1457 2741 stercus
1487 2686 1538 2740 in
1571 2701 1686 2739 ma-

103 2777 266 2832 nibus
309 2777 557 2845 haberes,
588 2777 816 2832 auderes
841 2778 1150 2846 contingere
1180 2776 1444 2831 ﬁmbriam
1490 2777 1691 2832 terreni

102 2869 248 2940 regis
262 2871 282 2900 ²
296 2870 319 2922 ?

177 2959 246 3013 In
272 2957 595 3014 Eucharistia
622 2976 724 3014 non
752 2960 918 3028 panis,
950 2976 1052 3014 non
1074 2959 1244 3014 uinum
1272 2969 1364 3027 est,
1397 2961 1486 3016 sed
1509 2977 1691 3032 corpus

104 3061 155 3107 et
196 3053 402 3120 sanguis
446 3052 649 3106 Christi.
673 3051 846 3106 —Ne
889 3051 1039 3122 quasi
1086 3067 1274 3121 panem
1315 3051 1368 3106 id
1409 3053 1684 3122 respicias,

105 3156 214 3196 neu
240 3141 390 3212 quasi
421 3143 605 3196 vinum
645 3143 959 3198 existimes:
993 3157 1163 3212 neque
1208 3143 1350 3198 enim
1395 3141 1513 3196 hasc
1556 3142 1694 3196 sicut

109 3235 300 3304 reliqui
335 3235 438 3290 cibi
470 3236 521 3290 in
553 3251 822 3291 secessum
854 3235 1073 3290 vadunt.
1107 3235 1262 3289 Absit
1288 3251 1302 3287 :
1348 3249 1416 3288 ne
1441 3235 1518 3290 sic
1547 3233 1694 3303 cogi-

108 3335 214 3380 tes.
265 3325 719 3394 Quemadmodum
770 3327 911 3381 enim
955 3340 1077 3382 cera
1131 3325 1236 3395 igni
1287 3324 1521 3390 admota,
1563 3323 1693 3378 nihil

107 3418 419 3473 substantia:
447 3419 726 3486 amittitur,
755 3419 887 3473 nihil
913 3419 1189 3488 superfluit
1215 3437 1229 3473 :
1256 3417 1335 3473 sic
1358 3428 1412 3472 et
1453 3417 1542 3472 hic
1566 3426 1691 3486 puta

107 3509 363 3578 mysteria
380 3509 621 3563 consumi
643 3511 881 3579 corporis
900 3509 1215 3564 substantia.
1241 3509 1460 3578 Propter
1474 3509 1614 3579 quod
1641 3517 1696 3563 et

108 3599 428 3653 accedentes
468 3615 536 3654 ne
576 3600 772 3670 putetis
814 3615 908 3656 vos
952 3601 1192 3670 accipere
1229 3600 1464 3655 divinum
1500 3615 1695 3671 corpus

109 3703 176 3743 ex
195 3689 432 3755 homine,
463 3690 555 3746 sed
584 3706 650 3746 ex
680 3691 806 3761 ipsis
846 3690 1124 3762 Seraphim
1168 3691 1368 3762 forcipe
1407 3693 1602 3763 ignem,
1633 3703 1693 3748 ut

111 3777 315 3834 scilicet
337 3778 499 3834 Isaias
520 3780 651 3834 vidit
679 3779 833 3852 (Isai.
861 3781 942 3852 6),
967 3783 1200 3837 divinum
1230 3797 1424 3852 corpus
1451 3785 1696 3854 accipere

114 3881 296 3940 putate
326 3883 417 3927 :et
457 3874 608 3942 quasi
651 3873 831 3928 divino
875 3885 928 3929 et
973 3875 1252 3944 impolluto
1290 3876 1442 3930 lateri
1496 3876 1693 3930 admoti

113 3964 286 4030 labiis,
338 3965 416 4021 sic
443 3965 664 4020 salutari
697 3967 936 4036 sanguini
981 3967 1377 4036 participetnus.
1409 3967 1688 4035 Quocirca,

112 4054 330 4121 fratres,
361 4071 456 4109 oro
487 4071 582 4109 vos
607 4066 661 4111 et
695 4057 940 4121 obsecro,
973 4071 1040 4111 ne
1076 4057 1313 4112 absimus
1340 4057 1408 4111 ab
1433 4059 1694 4126 ecclesiis,

115 4163 291 4218 neque
335 4147 403 4202 ibi
447 4149 725 4219 colloquiis
753 4159 807 4205 et
843 4151 1135 4219 garrulitati
1177 4165 1464 4206 vacemus:
1495 4159 1696 4205 stemus

116 4247 410 4294 trementes
449 4249 502 4294 et
547 4240 738 4306 timidi,
771 4240 1016 4294 demissis
1053 4241 1241 4308 oculis,
1292 4241 1491 4296 elevata
1518 4252 1696 4296 autem

116 4331 317 4395 anima,
348 4340 620 4401 gementes
646 4318 764 4385 sine
791 4346 940 4399 voce,
963 4331 1250 4400 jubilantes
1290 4331 1470 4386 corde.
1505 4334 1697 4387 Annon

117 4422 313 4478 videtis
353 4438 468 4491 eos,
497 4425 586 4494 qui
630 4424 887 4490 sensibili,
934 4424 1282 4494 corruptibili,
1316 4425 1614 4495 temporali,
1645 4433 1701 4480 et

181 4600 199 4630 ¹
227 4605 342 4661 neg.
371 4611 383 4646 :
415 4606 510 4661 Non
531 4602 599 4647 est
636 4595 850 4660 defensio
873 4596 1001 4661 quod
1022 4595 1146 4661 dicis
1175 4608 1193 4646 :
1217 4595 1515 4661 tmpossibile
1549 4603 1617 4648 est
1647 4597 1701 4661 in

57 4704 64 4710 .
119 4659 280 4722 medio
300 4657 600 4722 negotiorum
612 4657 894 4722 iversantent'
909 4658 1085 4722 saluari
1097 4672 1124 4722 Δί
1137 4660 1223 4722 sed
1243 4657 1565 4722 eddiscamus
1582 4659 1704 4710 oriri

119 4734 184 4771 ea:
206 4720 296 4770 hoc
319 4718 445 4783 quod
468 4720 689 4784 precibus
711 4727 756 4771 et
778 4721 1049 4786 praesertim
1071 4719 1246 4770 diuinis
1262 4719 1360 4770 illis
1382 4718 1591 4771 collectis
1609 4735 1702 4773 non

123 4796 362 4833 racamus.

183 4849 203 4878 ει
227 4852 396 4894 Totum
419 4845 548 4894 hunc
571 4843 724 4907 locum
750 4846 820 4894 sic
839 4845 962 4907 legit
984 4853 1100 4907 Reg.
1125 4858 1137 4892 :
1159 4852 1306 4907 Papa:
1322 4843 1342 4894 .'
1379 4852 1497 4907 Cum
1540 4858 1704 4897 mensa

121 4909 343 4976 mystica.
368 4913 538 4976 parata
569 4905 655 4965 est,
691 4913 736 4955 et
781 4905 931 4970 agnus
956 4905 1169 4976 Dei‘pro
1201 4905 1246 4956 te
1267 4905 1574 4976 immolatur;
1594 4922 1704 4958 cum

121 4966 246 5031 ignis
270 4966 534 5031 spiritualis
550 4982 577 5017 e
590 4982 742 5031 sacra
763 4966 924 5031 mansa
940 4966 1148 5030 erumpit
1167 4981 1318 5031 ;_cum
1349 4969 1540 5031 adstant
1557 4966 1704 5020 'sera-

155 5028 276 5089 Irim,
293 5028 403 5092 cum
425 5029 676 5079 cherubim
694 5030 960 5092 advolant;
985 5028 1096 5092 cum
1126 5028 1324 5092 spiritus
1353 5043 1442 5079 sea:
1483 5029 1586 5080 alas
1619 5032 1705 5082 Ita-

152 5089 478 5154 entesfaciem
499 5097 695 5153 tegunt;
718 5104 829 5140 cum
859 5089 983 5152 ignis
1013 5091 1066 5140 in
1093 5089 1266 5153 spiritu
1291 5091 1569 5154 descendit;
1593 5106 1704 5144 cum

123 5152 320 5216 sanguis
340 5153 392 5202 in
414 5152 699 5202 cratere.....
723 5154 900 5216 eﬂ’ustts
922 5158 1006 5202 est.
1036 5152 1136 5216 Non
1153 5159 1197 5201 te
1221 5153 1386 5212 pudet,
1409 5165 1504 5216 non
1535 5155 1704 5205 erube-

125 5212 236 5272 scis,
263 5227 413 5276 neque
445 5227 590 5276 curas
622 5227 710 5276 pro
748 5212 792 5263 te
821 5213 925 5276 ipso
963 5213 1159 5276 quidem
1193 5222 1346 5276 Deum
1371 5212 1598 5276 placare,
1621 5230 1703 5266 ne-

127 5290 218 5340 que
241 5272 546 5340 conscientia,
569 5290 597 5340 φ
619 5272 778 5340 homo,
810 5272 854 5324 te
889 5272 1081 5325 accusat
1105 5272 1126 5322 ἶ)
1149 5275 1276 5340 quod
1310 5275 1508 5334 scilicet,
1525 5284 1705 5340 septem

127 5335 233 5389 dies
273 5337 472 5387 [tabente
510 5337 837 5394 Itebdomada,
871 5349 1017 5385 unam
1049 5348 1140 5384 non
1163 5335 1358 5386 tribuas
1398 5345 1494 5386 Deo
1517 5335 1586 5387 ex'
1612 5346 1706 5389 toto

127 5401 296 5466 corde,
337 5399 495 5466 sedit;
518 5399 602 5449 illa
618 5399 723 5462 ipsa
746 5398 824 5466 die
840 5397 976 5466 panis
1001 5395 1312 5466 colloquiiset
1344 5398 1540 5466 negotiis
1563 5399 1704 5466 judi-_

129 5461 329 5525 cialibus
349 5459 620 5525 indulgeas.
637 5459 700 5510 'Et
733 5459 849 5525 quid
887 5459 1014 5525 dico,
1050 5472 1195 5525 unam
1226 5459 1354 5525 diem
1375 5459 1602 5509 ?'utinain
1635 5462 1707 5512 vel

128 5530 225 5574 tres
247 5523 391 5573 horas
417 5519 514 5573 1)εὸ
528 5535 636 5585 cum
652 5524 832 5585 ardore
850 5519 1238 5585 persolverimus!
1259 5521 1367 5585 sed.
1394 5535 1421 5570 o
1443 5525 1592 5585 corda
1607 5529 1707 5572 tor-

129 5585 306 5655 pentia,
329 5593 410 5634 aut
432 5587 586 5655 potius
606 5583 831 5655 ingrata!
851 5581 999 5632 unam
1015 5589 1074 5655 _et
1093 5582 1262 5654 solum
1282 5581 1410 5652 diem
1431 5582 1527 5655 sibi
1545 5597 1706 5655 segre-

128 5642 257 5708 gavit
277 5642 420 5709 Deus,
434 5642 636 5698 'etillam
649 5642 696 5696 in
709 5643 1190 5709 operastccularia...
1236 5643 1434 5709 insuatis
1454 5642 1474 5693 .'
1497 5654 1535 5694 0
1551 5642 1704 5707 homo,

131 5703 337 5772 "quacum
371 5707 555 5772 ﬁducia
577 5711 642 5760 ad
673 5703 902 5772 mysteria
932 5712 1094 5772 postea
1115 5703 1333 5765 accedes,
1380 5713 1462 5756 aut
1504 5703 1709 5772 quac-um

131 5765 462 5821 conscientia?
484 5780 622 5830 Num,
656 5769 699 5820 si
721 5765 899 5830 manus
913 5765 1117 5830 pollutas
1139 5776 1221 5817 aut
1244 5773 1452 5830 stercore
1478 5765 1708 5830 contami-

130 5838 270 5884 uutas
289 5831 510 5893 haberes,
533 5827 776 5898 ﬁmbriam
798 5827 926 5894 regis
949 5829 1154 5882 auderes
1178 5827 1448 5894 contingere
1468 5829 1494 5881 .9

1227 379 1315 436 DE
1357 375 1820 435 ΡίῈΝΙΤΕΝΤΙΑ.
1862 374 2091 432 HOMIL.
2135 377 2221 436 IX.

3278 377 3381 436 558

1803 495 2015 544 terreno
2065 490 2176 560 regi
2217 489 2472 546 assistunt
2499 489 2535 557 ',
2566 504 2724 559 quam
2765 490 2871 546 sint
2918 489 3237 557 immobiles,
3274 507 3382 548 non

1799 580 2096 650 loquentes,
2128 595 2233 636 non
2259 581 2579 652 agitati,non
2619 581 2802 636 oculos
2846 581 2951 636 huc
2991 590 3046 636 et
3085 581 3211 637 illuc
3255 584 3381 638 mit-

1800 681 1991 738 tentes,
2021 673 2115 729 sed
2155 674 2354 740 maeSti,
2379 674 2614 741 demissi,
2648 674 3123 744 pertimescentes?
3147 675 3226 730 Ex
3253 678 3384 745 ipsis

1798 767 2173 822 documentum
2199 766 2440 836 accipite,
2474 781 2506 820 ο
2527 766 2790 833 homines,
2813 775 2867 822 et
2893 766 2971 822 sic
2993 767 3227 821 assistite
3248 766 3382 833 Deo,

1797 861 1960 914 veluti
1990 860 2058 915 ad
2102 869 2377 916 terrenum
2417 874 2594 929 regem
2629 859 2944 915 accedentes
2972 858 3144 915 facitis
3173 877 3187 913 :
3215 859 3384 914 multo

1799 955 1968 1024 magis
2012 954 2210 1009 caelesti
2237 953 2348 1024 regi
2389 968 2508 1007 cum
2540 951 2731 1007 timore
2772 951 2984 1007 adstare
3009 959 3238 1024 oportet.
3267 952 3383 1008 Hoc

1797 1061 1942 1116 saepe
1969 1046 2111 1112 dico,
2160 1055 2215 1102 et
2251 1045 2428 1101 dicere
2475 1060 2579 1100 non
2609 1042 2850 1110 cessabo,
2903 1043 3073 1099 donec
3109 1053 3380 1098 correctos

1799 1138 2026 1194 videam.
2081 1137 2444 1208 lngredientes
2487 1145 2663 1192 autem
2695 1136 2748 1190 in
2793 1137 3096 1202 ecclesiam,
3125 1143 3186 1190 ut
3221 1135 3380 1191 decet

1799 1230 1965 1286 Deum
1988 1230 2324 1295 accedamus,
2357 1244 2425 1284 ne
2449 1227 2696 1284 vindictae
2736 1227 3074 1298 cupiditatem
3118 1230 3170 1283 in
3198 1237 3379 1284 mente

1798 1321 2078 1386 habentes,
2107 1319 2363 1375 adversus
2389 1335 2485 1375 nos
2523 1335 2820 1390 precemur,
2861 1319 3100 1375 dicentes
3129 1337 3142 1373 :
3171 1317 3382 1374 Dimitte

1797 1413 1978 1479 nobis,
2039 1413 2170 1466 sicut
2232 1421 2279 1468 et
2331 1429 2422 1466 nos
2478 1412 2776 1466 dimittimus
2833 1411 3136 1466 debitoribus
3195 1411 3382 1464 nostris

1799 1507 2011 1578 (Matth.
2039 1508 2091 1562 6.
2120 1507 2232 1578 12).
2270 1508 2531 1563 Terribile
2559 1507 2703 1564 enim
2733 1515 2816 1562 est
2842 1508 2962 1574 hoc,
2993 1507 3136 1579 quod
3161 1507 3377 1574 dicitur,

1797 1607 1850 1652 et
1877 1598 2045 1653 ferme
2079 1599 2157 1653 sic
2181 1598 2247 1652 ad
2275 1598 2440 1652 Deum
2469 1599 2680 1665 clamat,
2709 1599 2798 1668 qui
2826 1599 2928 1652 hoc
2961 1598 3089 1652 dicit
3115 1615 3130 1652 :
3165 1598 3374 1662 Dimisi,

1799 1691 2040 1754 Domine,
2087 1691 2328 1755 dimitte;
2380 1691 2536 1754 solvi,
2577 1691 2758 1754 solve;
2806 1691 3002 1760 ignovi,
3045 1690 3262 1760 ignosce
3292 1707 3305 1743 :
3331 1689 3380 1745 si

1797 1782 2012 1848 retinui,
2046 1782 2248 1846 retine;
2278 1781 2321 1835 si
2352 1796 2457 1836 non
2496 1781 2633 1836 solvi
2658 1781 2922 1851 proximo,
2955 1797 3128 1852 neque
3158 1790 3210 1835 tu
3259 1795 3378 1836 mea

1797 1873 1974 1928 solvas
2020 1883 2233 1942 peccata
2275 1890 2287 1926 :
2325 1871 2378 1926 in
2431 1888 2533 1943 qua
2579 1888 2829 1928 mensura
2879 1873 3070 1928 metior
3111 1873 3374 1943 proximo,

1795 1965 1982 2020 eadem
2009 1963 2306 2019 remetiaris
2332 1963 2481 2017 mihi.

1870 2053 1996 2108 Post
2049 2065 2265 2108 mortem
2314 2054 2444 2109 nihil
2491 2071 2759 2108 meremur.
2785 2053 3041 2124 —Igitur
3091 2067 3210 2108 cum
3263 2053 3376 2110 hanc

1795 2144 2050 2209 sciamus,
2083 2159 2147 2199 ac
2171 2144 2310 2199 diem
2351 2144 2496 2197 illum
2538 2143 2829 2198 terribilem
2859 2144 3013 2198 nobis
3046 2154 3376 2212 reputemus,

1796 2249 1852 2292 et
1881 2238 2054 2307 ignem
2089 2238 2256 2303 illum,
2289 2247 2344 2292 et
2375 2237 2664 2292 terribilem
2699 2245 3080 2290 tormentorum
3118 2237 3290 2290 locum
3321 2237 3374 2290 in

1796 2337 2031 2384 mentem
2057 2329 2398 2398 accipiamus,
2441 2337 2812 2383 convertamus
2843 2343 2940 2382 nos
2965 2327 3017 2381 in
3043 2335 3314 2398 posterum
3344 2342 3376 2381 a

1793 2419 1878 2473 via
1908 2434 2008 2488 qua
2053 2419 2370 2474 erravimus.
2408 2419 2597 2474 Veniet
2639 2419 2781 2473 enim
2815 2418 2946 2472 hora
2976 2419 3190 2490 quando
3230 2418 3377 2473 thea-

1795 2519 1936 2565 trum
1965 2511 2088 2565 vitae
2113 2510 2270 2580 hujus
2308 2511 2563 2576 solvetur,
2609 2518 2665 2566 et
2692 2511 2866 2565 nullus
2898 2520 3080 2579 postea
3093 2511 3372 2566 .certabit:

1795 2617 1902 2656 non
1929 2611 2013 2656 est
2041 2610 2160 2671 post
2193 2601 2349 2672 hujus
2375 2601 2496 2656 vitae
2525 2602 2682 2656 finem
2712 2602 3000 2671 negotiatio
3025 2619 3037 2654 :
3069 2600 3169 2656 hoc
3203 2601 3377 2656 soluto

1795 2693 2006 2748 theatro
2043 2709 2272 2750 coronas
2311 2695 2507 2748 mereri
2549 2709 2662 2758 non,
2683 2694 2860 2748 datur.
2907 2694 3018 2748 Hoc
3047 2701 3255 2763 tempus
3295 2700 3378 2747 est

1794 2785 2143 2854 paenitentiae,
2178 2784 2306 2839 illud
2327 2783 2510 2854 judicii
2542 2801 2556 2837 :
2590 2784 2690 2839 hoc
2717 2800 2967 2854 agonum,
3002 2783 3128 2838 illud
3154 2797 3378 2838 corona-

1795 2890 1913 2931 rum
1945 2893 1958 2929 :
1995 2876 2095 2931 hoc
2138 2875 2356 2940 laboris,
2401 2874 2532 2929 illud
2559 2875 2902 2929 relaxationis
2928 2890 2941 2926 :
2968 2874 3068 2927 hoc
3101 2888 3376 2939 utrumme,

1797 2967 1927 3022 illud
1953 2967 2338 3022 retributionis.
2363 2965 2684 3032 Excitemni,
2709 2965 2950 3029 obsecro,
2976 2961 3300 3025 excitemini,
3320 2969 3378 3016 et

1797 3074 1916 3129 qua:
1941 3057 2194 3113 dicuntur
2229 3057 2468 3111 suaviter
2501 3056 2799 3110 audiamus.
2831 3056 3071 3110 Viximus
3110 3054 3161 3108 in
3187 3067 3372 3117 carne,

1795 3149 2038 3204 vivamus
2062 3148 2283 3218 posthac
2308 3147 2361 3201 in
2401 3147 2588 3216 Spiritu
2619 3165 2632 3200 :
2661 3146 2888 3200 viximus
2918 3147 2971 3200 in
2997 3145 3375 3215 voluptatibus,

1796 3240 2038 3296 vivamus
2065 3240 2115 3293 in
2144 3239 2430 3294 virtutibus
2458 3255 2470 3291 :
2500 3238 2731 3292 viximus
2763 3239 2816 3291 in
2857 3237 3198 3307 negligentia,
3229 3235 3378 3290 viva-

1797 3345 1917 3385 mus
1955 3330 2007 3384 in
2040 3329 2368 3398 poenitentia.
2403 3328 2539 3395 Quid
2575 3327 2796 3398 superbit
2826 3337 2959 3380 terra
3005 3335 3051 3380 et
3090 3326 3215 3379 cinis
3247 3323 3377 3396 (Ec-

1796 3422 1882 3474 cli.
1908 3421 1994 3475 10.
2025 3420 2122 3492 9)?
2163 3420 2298 3488 Quid
2331 3419 2554 3481 inﬂaris,
2593 3418 2789 3473 homo?
2819 3417 2942 3486 quid
2981 3431 3234 3486 arrogans
3273 3416 3373 3471 es?

1797 3513 1922 3584 quid
1943 3527 2126 3581 speras
2143 3528 2206 3567 ex
2227 3513 2392 3582 gloria
2415 3511 2596 3566 mundi
2618 3519 2670 3567 et
2693 3510 2888 3565 divitiis
2906 3509 2930 3563 ?
2947 3508 3289 3577 Egrediatnur
3309 3507 3374 3562 ad

1797 3607 2062 3676 sepulcra,
2091 3605 2350 3671 obsecro;
2383 3605 2655 3660 videamus
2686 3605 2756 3659 ibi
2796 3603 3070 3675 mysteria,
3103 3600 3377 3656 videamus

1798 3699 2120 3768 discerptam
2155 3709 2417 3762 naturam,
2449 3713 2570 3754 ossa
2600 3711 2841 3762 corrosa,
2882 3710 3106 3764 corpora
3137 3690 3378 3762 putrefa-

1797 3803 1906 3847 cta.
1935 3791 1992 3847 Si
2020 3793 2232 3862 sapiens
2260 3805 2339 3855 es,
2371 3791 2680 3854 considera;
2725 3790 2768 3844 si
2810 3787 3064 3859 prudens,
3107 3787 3194 3840 dic
3223 3783 3374 3848 mihi,

1799 3881 1919 3954 quis
1965 3884 2073 3939 illic
2111 3899 2205 3937 rex
2252 3893 2306 3937 et
2335 3883 2454 3952 quis
2495 3882 2756 3950 privatus,
2799 3880 2916 3949 quis
2943 3879 3136 3932 nobilis
3181 3885 3234 3931 et
3261 3877 3381 3945 quis

1800 3991 2022 4040 servus,
2074 3975 2192 4044 quis
2237 3973 2449 4042 sapiens
2489 3981 2543 4026 et
2589 3971 2708 4040 quis
2762 3967 3050 4037 insipiens?
3107 3966 3206 4022 Ubi
3264 3964 3381 4037 pul-

1799 4065 2046 4121 chritudo
2091 4065 2200 4118 illic
2243 4063 2638 4126 adolescentiae,
2689 4060 2774 4115 ubi
2809 4061 3074 4129 gratiosus
3109 4065 3377 4126 aspectus,

1800 4159 1890 4214 ubi
1917 4158 2052 4212 oculi
2081 4156 2327 4226 speciosi,
2357 4156 2444 4209 ubi
2466 4156 2679 4224 elegans
2707 4165 2886 4215 nasus,
2912 4150 3000 4204 ubi
3029 4150 3192 4219 ignita
3217 4147 3378 4215 labia,

1800 4253 1890 4308 ubi
1923 4248 2256 4320 pulchritudo
2301 4262 2577 4319 genarum,
2629 4244 2716 4300 ubi
2749 4244 2894 4298 frons
2921 4240 3173 4295 radians?
3202 4252 3379 4294 annon

1800 4343 1979 4399 omnia
2006 4343 2182 4398 cinis?
2213 4356 2388 4395 nonne
2427 4339 2605 4394 omnia
2651 4335 2861 4407 pulvis?
2890 4348 3064 4388 nonne
3090 4332 3265 4386 omnia
3302 4329 3384 4384 fa-

1803 4437 1964 4490 villa?
1993 4450 2171 4492 nonne
2195 4435 2370 4489 omnia
2398 4431 2634 4488 vermis?
2664 4444 2842 4484 nonne
2867 4427 3044 4482 omnia
3083 4424 3305 4495 putredo
3327 4430 3385 4478 et

1804 4528 1998 4585 fauor?
2026 4528 2152 4582 Haec
2177 4527 2356 4580 animo
2398 4530 2731 4594 reputantes,
2765 4520 2974 4586 fratres,
3006 4527 3062 4573 et
3087 4527 3381 4572 extremum

1809 4621 1949 4676 diem
1981 4621 2158 4675 animo
2190 4624 2484 4680 versantes,
2530 4613 2656 4667 dum
2699 4620 2910 4681 tempus
2953 4609 3229 4671 habemus,
3256 4620 3382 4661 con-

1804 4723 2072 4770 vertamur
2097 4726 2127 4765 a
2154 4711 2237 4764 via
2261 4717 2462 4775 nostra,
2493 4723 2594 4777 qua
2621 4705 2934 4760 erravimus.
2965 4702 3231 4772 Sanguine
3259 4715 3382 4768 pre-

1807 4808 1944 4861 tioso
1972 4803 2230 4872 redempti
2251 4816 2436 4857 sumus
2465 4801 2542 4870 (1.
2571 4798 2714 4852 Petr.
2748 4797 2824 4865 l).
2851 4796 3074 4864 Propter
3098 4803 3168 4856 te,
3198 4793 3382 4854 homo,

1809 4899 1950 4952 Deus
1988 4910 2148 4965 super
2181 4903 2376 4949 terram
2417 4894 2563 4945 visus
2607 4897 2708 4955 est,
2740 4903 2844 4942 non
2878 4888 3077 4942 habens
3111 4886 3198 4940 ubi
3227 4894 3388 4954 caput

1808 4989 2029 5046 reclinet
2071 4985 2219 5058 (Luc.
2244 4985 2298 5041 9.
2327 4985 2441 5054 58).
2474 4985 2651 5052 Papae,
2699 4997 2810 5036 rem
2855 4980 3186 5035 mirabilem!
3225 4979 3386 5048 judex

1808 5082 1874 5138 ad
1903 5079 2129 5135 tribunal
2168 5077 2376 5133 ducitur
2419 5083 2634 5147 propter
2676 5088 2834 5130 reos:
2863 5073 2968 5127 vita
3016 5083 3240 5126 mortem
3285 5085 3383 5138 gu-

1873 5261 1890 5292 ί
1922 5267 2139 5321 Beg......
2165 5263 2240 5306 Sic
2264 5252 2466 5321 salutari
2488 5251 2708 5321 sanguini
2729 5249 3026 5316 participare
3041 5246 3200 5321 animo
3210 5242 3388 5321 ducite,

1808 5309 2208 5382 neque,‘obsecro,
2255 5316 2314 5365 ab
2338 5314 2551 5382 ecclesiis
2575 5309 2812 5370 'absim'us,
2855 5309 3005 5382 neque
3043 5309 3388 5382 colloquiisginf

1810 5374 2105 5447 dulgeamus
2123 5393 2138 5429 :
2157 5374 2348 5447 stennts,
2367 5377 2488 5447 sicut
2512 5383 2806 5447 pt'tcceptum
2821 5381 2908 5447 est,
2935 5374 3390 5447 tretttetttes_et_tiini-

1811 5429 2047 5502 dii‘itultur
2073 5429 2276 5492 demisso
2297 5429 2452 5489 incesti
2465 5473 2478 5496 ,
2491 5429 2554 5504 in
2576 5429 2758 5487 εθννάηι
2780 5429 2957 5504 acui“!
2979 5429 3227 5504 ilhcme
3240 5440 3387 5504 1V":

1812 5493 2149 5568 [ενεηιεετ
2175 5511 2422 5568 aetnam
2460 5493 2561 5550 sine
2599 5511 2728 5556 υοεεν
2760 5493 3203 5568 seritejrbilat'e;
3232 5499 3392 5568 έῒίίνέῐξε

1811 5550 2149 5626 adimat};
2171 5550 2281 5626 linit:
2304 5571 2492 5626 terreno
2513 5568 2558 5610 et
2575 5550 2876 5626 corruptibili
2890 5550 2940 5602 ei
2953 5550 3207 5626 temporali
3219 5558 3266 5626 et
3282 5563 3391 5626 seu:

1811 5612 1942 5679 itqu
1963 5612 2340 5690 regi'assistunt.
2375 5623 2568 5690 Reliqua
2587 5621 2649 5690 ad
2674 5612 2818 5690 ﬁdem
2840 5631 2996 5690 usque
3019 5612 3394 5690 adeotlilgeruut

1811 5674 2006 5747 adite;
2017 5674 2291 5747 sediseusu,
2313 5695 2367 5736 ut
2391 5674 2599 5734 exséribi
2614 5683 2771 5747 omnia
2792 5674 2996 5747 opus'sit
3020 5677 3085 5734 ei,
3120 5687 3203 5747 qui
3227 5674 3394 5747 discri-

1813 5736 1942 5822 mina
1977 5736 2138 5860 sanna:
2158 5736 2516 5812 repraesentare
2561 5742 2708 5804 velit;
2752 5736 2883 5805 quod
2913 5752 3034 5790 sane
3070 5736 3202 5788 nullo
3228 5745 3391 5801 Opus:

1815 5821 1975 5860 nretao
2028 5822 2116 5860 ere
2141 5846 2154 5860 .

1815 5813 1975 5876 pretio
1995 5813 2154 5861 ﬁeret.
