3906 6224
468 338 568 395 ’551

1167 338 1226 394 8.
1265 338 1551 397 JOANNIS
1582 339 2081 397 CIIRYSOSTOMI
2122 341 2440 399 ARCHIEP.
2481 342 3021 404 CONSTANTINOP.

3628 350 3743 409 352

1105 582 3717 622 ______—_____—__

462 819 569 886 Είς
595 818 713 887 τήν
748 816 1053 889 γενέθλιον
1082 821 1312 891 ἡμέραν
1348 821 1455 877 τοῦ
1501 823 1773 893 Σωτῆρος
1836 822 2004 893 ἡμῶν
2058 824 2255 893 Ἰησοῦ
2290 823 2574 892 Χριστοῦ,
2606 823 2839 893 ἄδηλον
2851 825 2971 895 μὲν
3026 825 3109 883 ἔτι
3138 823 3343 884 οὖσαν
3393 829 3551 896 τότε,
3618 829 3741 900 πρὸ

528 915 599 970 δὲ
629 916 847 985 ὀλίγων
889 915 1043 970 ἐτῶν
1074 918 1514 988 γνωρισθεῖσαν
1557 921 1719 992 παρὰ
1780 939 1957 977 τινων
2006 921 2127 976 τῶν
2156 919 2277 976 ἀπὸ
2335 920 2444 990 τῆς
2502 922 2741 988 Δύσεως
2789 921 3091 977 ἐλθόντων
3154 926 3254 979 καὶ
3319 926 3735 998 ἁναῃαειλάνδ

528 1026 667 1064 των.

2036 1128 2105 1144 qu—

529 1307 602 1355 α⁹.
636 1302 697 1354 Ἀ
731 1299 1252 1376 πάλαιπατριάρχαι
1286 1306 1385 1378 μὲν
1432 1307 1639 1371 ῶδινον,
1672 1306 1949 1378 προφῆται
1983 1307 2040 1363 δὲ

458 1382 781 1454 προῦλεγον,
816 1385 1016 1441 δίκαιοι
1046 1386 1101 1441 δὲ
1135 1389 1261 1443 ἰδεῖν
1292 1393 1623 1463 ἐπεθύμουν,
1646 1390 1822 1444 ταῦτα
1855 1391 2036 1462 ἐξέϐη,

457 1468 554 1521 καὶ
594 1466 748 1533 τέλος
789 1468 950 1524 ἔλαϐε
1010 1470 1285 1545 σήμερον·
1317 1478 1413 1532 καὶ
1446 1476 1579 1540 Θεὸς
1621 1477 1712 1530 ἐπὶ
1748 1476 1850 1547 γῆς
1884 1475 2037 1548 ὤφθη

456 1550 543 1604 διὰ
571 1549 791 1622 σαρκὸς,
824 1556 917 1608 καὶ
951 1558 1067 1620 τοῖς
1094 1559 1401 1632 ἀνθρώποις
1434 1560 1867 1631 συνανεστράφη.
1900 1559 2038 1613 Χαί-

463 1651 644 1706 ρωμεν
676 1637 856 1691 τοίνυν
878 1639 974 1692 καὶ
1006 1640 1416 1715 ἀγαλλιώμεθα,
1443 1644 1737 1715 ἀγαπητοί.
1772 1646 1834 1698 Εἰ
1879 1644 1988 1715 γὰρ
2010 1646 2039 1698 6

470 1719 725 1790 Ἰωάννης
767 1721 825 1772 ὲν
853 1723 918 1792 τῇ
947 1723 1102 1794 νηδύϊ
1129 1727 1227 1796 τῆς
1283 1727 1492 1797 μητρὸς
1522 1725 1620 1791 ὢν,
1672 1727 1773 1796 τῆς
1820 1727 2040 1792 Μαρίας

460 1801 811 1873 εἰσελθούσης
840 1805 975 1875 πρὸς
1019 1807 1121 1876 τὴν
1166 1806 1466 1871 Ἐλισάϐετ.
1505 1811 1829 1880 ἐσκίρτησεο
1860 1809 2039 1882 πολλῷ

461 1884 663 1953 μᾶλλον
700 1886 846 1955 ἡμᾶς
879 1886 1000 1958 οὐχὶ
1036 1890 1135 1960 τὴν
1158 1891 1397 1963 Μαρίαν,
1423 1893 1539 1945 ἀλλ’
1566 1896 1729 1949 αὐτὸν
1776 1896 1867 1948 τὸν
1926 1896 2040 1948 Σωο

457 1966 603 2037 τῆρα
635 1969 792 2039 ήμῶν
824 1966 1068 2043 σήμερον
1100 1968 1363 2044 τεχθέντα
1388 1976 1778 2049 θεασαμένους,
1813 1979 2039 2051 σκιρτᾷν

461 2051 556 2105 καὶ
608 2051 943 2118 ἀγάλλεσθαι
989 2056 1094 2129 χρὴ
1139 2059 1231 2111 καί
1279 2058 1579 2130 Θαυμάζειν
1614 2062 1709 2116 καὶ
1737 2061 2039 2131 ἐκπλήττε-

463 2133 587 2217 σθαι
619 2136 719 2207 τῆς
759 2139 1073 2209 οἰκονομίας
1106 2137 1166 2193 τὸ
1208 2137 1440 2212 μέγεθος
1488 2145 1669 2199 πᾶσαν
1715 2145 2038 2217 ὑπερϐαῖνον

460 2215 723 2276 διάνοιαν.
764 2221 1050 2294 Ἐννόησον
1080 2224 1189 2293 γὰρ
1232 2226 1415 2296 ήλίκον
1463 2228 1635 2290 ἐστὶν,
1661 2215 1903 2300 ἥλιον-ὲκ
1928 2228 2037 2281 τῶν

461 2302 704 2373 οὐρανῶν
730 2305 1060 2369 καταϐάντα,
1094 2310 1187 2361 ἐπὶ
1210 2310 1313 2380 γῆς
1334 2310 1597 2381 τρέχοντα
1624 2313 1780 2383 όρᾷν,
1814 2312 1909 2365 καὶ
1936 2310 2036 2374 τάς

460 2388 686 2451 ἀκτῖνας
716 2389 882 2440 πᾶσιν
922 2389 1151 2458 ἀφιέντα
1189 2391 1459 2447 ἐντεῦθεν.
1519 2394 1580 2447 Et
1612 2394 1669 2447 δὲ
1703 2395 1796 2448 ἐπὶ
1833 2394 1927 2448 τοῦ
1954 2395 2040 2448 αἰ-

463 2470 662 2541 σθητοῦ
716 2469 1002 2543 φωστῆρος
1052 2474 1211 2526 τοῦτο
1241 2475 1455 2544 συμϐὰν
1482 2476 1694 2540 πάντας
1741 2476 2036 2547 ἐξέπληξεν

462 2550 531 2608 ἃν
560 2555 687 2618 τοὺς
711 2555 1039 2626 θεωμένους,
1076 2557 1269 2610 σκόπει
1307 2576 1397 2628 μοι
1427 2562 1521 2613 καὶ
1536 2559 1749 2628 λογίζου
1777 2559 1892 2623 νῦν,
1914 2560 2035 2632 ήλί-
2088 2629 2093 2634 ⁸

460 2655 558 2692 κον
586 2639 704 2691 ἐστὶ
740 2639 831 2692 τὸν
854 2639 956 2709 τῆς
989 2640 1336 2711 δικαιοσύνης
1363 2641 1512 2712 ἥλιον
1544 2644 1607 2696 ἐκ
1634 2644 1733 2713 τῆς
1768 2645 2039 2714 ἡμετέρας

464 2723 670 2794 σαρκὸς
717 2724 946 2793 ἀφιέντα
994 2725 1095 2788 τὰς
1138 2726 1365 2790 ἀκτῖνας
1412 2726 1566 2797 ὀρᾷν,
1597 2728 1689 2780 καὶ
1726 2727 1825 2791 τὰς
1860 2727 2040 2798 ψυχάς

460 2806 621 2877 ήμῶν
672 2808 1107 2875 καταυγάζοντα.
1150 2809 1324 2863 Πάλαι
1360 2809 1567 2879 ταύτην
1591 2809 1900 2880 ἐπεθύμουν
1930 2810 2040 2879 ἐγὼ

459 2888 560 2961 τὴν
596 2889 813 2963 ἡμέραν
859 2889 1010 2956 ἰδεῖν,
1052 2892 1147 2946 καὶ
1181 2893 1279 2962 οὐχ
1303 2891 1490 2955 ἁπλῶς
1539 2892 1692 2956 ἰδεῖν,
1729 2892 1868 2947 ἀλλὰ
1898 2892 2040 2963 μετὰ

461 2970 698 3044 πλήθους
755 2969 916 3045 [555]
975 2971 1270 3028 τοσούτου⁸
1321 2975 1414 3027 καὶ
1465 2973 1727 3045 διηνεκῶς
1783 2975 2037 3046 ηὐχόμην

460 3052 636 3120 οὕτως
661 3058 796 3128 ήμῖν
824 3056 1176 3129 πληρωθῆναι
1207 3055 1270 3112 τὺ
1302 3058 1547 3131 θέατρον,
1578 3059 1769 3131 ῶσπερ
1797 3059 1914 3112 ἐστι
1944 3057 2039 3114 νῦν

460 3139 594 3209 ὁρᾷν
634 3140 1086 3212 πεπληρωμένον.
1118 3140 1287 3195 Τοῦτο
1334 3142 1514 3197 τοίνυν
1571 3142 1732 3214 ἐξέϐη
1761 3145 1856 3197 καὶ
1887 3142 2040 3207 τέλος

462 3220 623 3276 ἔλαϐε
641 3234 690 3275 ι.
737 3224 929 3277 Καίτοι
957 3240 1022 3292 γε
1071 3222 1225 3277 οῦπω
1267 3224 1493 3279 δέκατον
1541 3227 1688 3279 ἐστιν
1718 3226 1857 3290 ἔτος,
1892 3225 1951 3292 ἐξ
1977 3220 2039 3280 οῦ

460 3304 597 3376 δήλη
627 3305 721 3360 καί.
754 3306 1030 3379 γνώριμος
1070 3310 1201 3379 ἡμῖν
1250 3306 1387 3380 αὐτη
1428 3307 1461 3380 ἡ
1498 3309 1684 3380 ἡμέρα
1715 3310 2036 3381 γεγένηται·

460 3390 577 3444 ἀλλ’
597 3392 768 3461 ὅμως,
797 3391 872 3456 ὡς
898 3391 1104 3447 ἄνωθεν
1138 3390 1233 3446 καὶ
1259 3392 1367 3464 πρὸ
1400 3391 1611 3446 πολλῶν
1642 3395 1773 3464 ἡμῖν
1802 3394 2040 3466 παραδο-

460 3473 615 3528 θεῖσα
644 3477 799 3540 ἑτῶν,
822 3476 994 3539 οὕτως
1016 3476 1218 3547 ἤνθησε
1249 3476 1335 3529 διὰ
1355 3476 1453 3547 τῆς
1486 3475 1758 3549 ὑμετέρας
1783 3478 2036 3548 σπουδῆς.

464 3556 630 3612 Ὅθεν
661 3560 762 3612 οὐκ
787 3560 853 3614 ἀν
897 3577 980 3622 τις
1022 3562 1261 3631 ἁμάρτοι
1294 3562 1391 3614 καὶ
1418 3560 1544 3614 νέαν
1577 3562 1749 3632 αὐτὴν
1776 3560 1911 3633 ὐμοῦ
1945 3561 2041 3615 καὶ

461 3640 698 3712 ἀρχαίαν
728 3641 1108 3712 προσειπώνδ·
1143 3643 1269 3694 νέαν
1318 3644 1418 3713 μὲν
1469 3643 1557 3697 διὰ
1606 3644 1667 3697 τὸ
1711 3645 2041 3714 προσφάτως

460 3724 598 3796 ἡμῖν
634 3724 1026 3796 γνωρισθῆναι,
1085 3725 1318 3781 παλαιάν
1356 3726 1412 3780 δὲ
1459 3728 1553 3781 καὶ
1587 3728 1825 3800 ἀρχαίαν
1850 3729 1937 3783 διὰ
1981 3729 2042 3782 τὸ

461 3809 582 3871 ταῖς
634 3804 1037 3879 πρεσϐυτέραις
1086 3809 1299 3879 ταχέως
1346 3811 1583 3882 ὁμήλικα
1640 3812 1915 3880 γενέσθαι,
1946 3812 2041 3866 καὶ

462 3891 601 3962 πρὸς
640 3892 704 3944 τὸ
742 3888 876 3945 αὐτὸ
917 3892 1016 3962 τῆς
1056 3892 1272 3963 ήλικίας
1316 3894 1511 3958 αὐταῖς
1564 3894 1769 3964 φθάσαι
1819 3894 2038 3967 μέτρον.

462 3976 731 4047 Καθάπερ
762 3973 868 4046 γὰρ
895 3975 962 4028 τά
987 3978 1209 4043 γενναῖα
1239 3978 1333 4030 καὶ
1356 3977 1552 4049 εὐγενῆ
1584 3978 1694 4032 τῶν
1724 3979 1906 4046 φυτῶν
1922 3978 2042 4049 (καὶ

461 4057 572 4129 γὰρ
625 4060 809 4111 ἐκεῖνα
842 4057 977 4128 ὁμοῦ
1030 4075 1088 4111 τε
1137 4060 1218 4123 εἰς
1252 4059 1350 4132 τὴν
1395 4063 1499 4131 γῆν
1547 4062 1920 4124 κατατίθεται,
1949 4062 2042 4115 καὶ

464 4141 600 4212 πρὸς
640 4141 773 4211 ῦψος
815 4141 977 4206 εὐθὺς
1021 4142 1312 4213 ἀνατρέχει
1370 4144 1534 4214 μέγα,
1573 4146 1667 4198 καὶ
1713 4144 1792 4217 τῷ
1843 4145 2042 4216 καρπῷ

466 4222 751 4296 βρίθεται),
797 4222 937 4278 οὕτω
969 4227 1063 4278 καὶ
1091 4222 1229 4296 αῦτη
1260 4227 1409 4297 παρά
1442 4226 1538 4297 μὲν
1565 4231 1678 4291 τοῖς
1700 4229 1799 4299 τὴν
1839 4228 2041 4281 Ἑσπέ-

469 4318 604 4379 ρανο
657 4307 896 4361 οἰκοῦσιν
947 4308 1154 4363 ἀνωθεν
1194 4309 1595 4380 γνωριζομένη,
1628 4310 1765 4382 πρὸς
1805 4310 1953 4382 ήμᾶς
1986 4311 2043 4365 δὲ

464 4388 787 4460 κομισθεῖσα
834 4389 951 4455 νῦν,
991 4392 1086 4444 καὶ
1135 4392 1195 4444 οὐ
1248 4392 1355 4462 πρὸ
1412 4391 1625 4446 πολλῶν
1656 4393 1813 4460 ἐτῶν,
1849 4393 2043 4465 ἀθρόον

464 4473 635 4538 06:0);
664 4475 953 4546 ἀνέδραμε,
982 4478 1077 4529 καὶ
1105 4475 1358 4531 τοσοῦτον
1411 4478 1610 4549 ἧνεγκε
1669 4477 1761 4531 τὸν
1809 4477 2040 4548 καρπὸν,

462 4556 697 4630 ὅσονπερ
731 4558 845 4611 ἔστι
879 4557 974 4611 νῦν
1002 4559 1156 4629 όρᾷν,
1184 4559 1293 4613 τῶν
1339 4560 1645 4631 περιϐόλων
1673 4562 1804 4632 ἡμῖν
1836 4561 2044 4632 πεπλη-

466 4642 749 4713 ρωμένων,
776 4644 870 4697 καὶ
897 4645 997 4714 τῆς
1030 4643 1324 4713 ἐκκλησίας
1354 4644 1573 4715 ἀπάσης
1604 4644 2043 4726 στενοχωρουμςε

463 4743 562 4796 νης
591 4727 670 4797 τῷ
693 4728 888 4798 πλήθει
910 4727 1019 4781 τῶν
1042 4728 1478 4800 συνδραμόντων.
1499 4729 1608 4799 Τὴν
1641 4729 1739 4800 μὲν
1766 4725 1859 4783 οῦν
1884 4725 2043 4794 ἀξίαν

464 4808 700 4880 ἀμοιϐὴν
731 4815 830 4882 τῆς
877 4811 1148 4882 τοσαύτης
1194 4812 1433 4883 σπουδῆς
1458 4812 1611 4885 παρὰ
1656 4811 1749 4866 τοῦ
1804 4814 2043 4885 σήμερον

462 4894 749 4964 τεχθέντος
788 4896 931 4950 κατὰ
964 4897 1144 4969 σάρκα
1177 4897 1582 4967 προσδοκήσατε
1611 4894 1876 4967 Χριστοῦ·
1900 4898 2043 4950 ἐκεῖ·

464 4994 553 5041 νος
582 4978 725 5047 ὑμᾶς
758 4977 1049 5051 ἀμείψεται
1094 4979 1311 5045 πάντως
1341 4980 1443 5049 τῆς
1471 4979 1778 5051 προθυμίας
1805 4979 2039 5050 ταύτης·

465 5071 501 5132 η
536 5069 648 5135 γάρ
677 5063 805 5134 περὶ
832 5064 934 5135 τὴν
961 5064 1179 5136 ἡμέραν
1207 5063 1358 5134 φιλία
1387 5064 1483 5116 καὶ
1512 5062 1717 5135 σπουδὴ
1736 5103 1750 5126 ,
1779 5062 1878 5132 τῆς
1919 5063 2045 5134 ιτερί⁵

464 5145 556 5199 τὸν
571 5145 830 5217 τεχθέντα
845 5146 1063 5217 ἀγάπης
1090 5145 1345 5215 μέγιστόν
1369 5146 1485 5199 ἐστι
1513 5151 1754 5218 σημεῖον.
1780 5149 1842 5202 Εἰ
1861 5148 1918 5201 δὲ
1941 5148 2043 5217 χρή

465 5245 588 5282 τινα
611 5229 704 5283 καὶ
721 5231 848 5301 παρ’
870 5229 1028 5301 ήμῶν
1053 5231 1160 5283 τῶν
1186 5226 1484 5285 συνδούλων
1522 5232 1917 5301 εἰσενεχθῆναι,
1953 5230 2045 5283 καὶ

466 5313 626 5383 ἡμεῖς
651 5312 720 5366 τά
750 5313 892 5367 κατά
930 5312 1159 5387 δύναμιν
1205 5315 1539 5385 εἰσοίσομενο
1574 5314 1771 5384 μᾶλλον
1800 5315 1876 5376 δὲ,
1902 5313 2044 5384 ἅπερ

466 5396 533 5451 ἀν
570 5400 604 5469 ἡ
647 5396 741 5452 τοῦ
769 5397 907 5451 Θεοῦ
953 5399 1112 5470 χάρις
1147 5398 1222 5469 δῷ
1249 5399 1502 5469 λεχθῆναι
1535 5398 1621 5450 διὰ
1660 5398 1756 5469 τήν
1779 5397 2044 5467 ὠφέλειαν

464 5481 564 5552 τὴν
598 5483 894 5555 ὑμετέραν.
925 5484 989 5535 Τί
1019 5479 1111 5537 οὖν
1140 5483 1458 5552 ἐπιθυμεῖτε
1497 5480 1726 5535 ἀκοῦσαι
1771 5482 2042 5551 σήμερον;

528 5584 555 5649 _‘
578 5582 687 5649 Quo
709 5597 824 5634 mss.
856 5588 983 5649 ὁρᾷν.
1011 5586 1104 5635 Καὶ
1126 5583 1269 5633 τοῦτο
1290 5584 1422 5642 ἐξέϐη
1448 5584 1528 5632 καὶ
1549 5583 1605 5631 τὸ
1628 5583 1760 5638 τέλος
1782 5583 1919 5631 ἔλαϐε
1943 5580 2040 5632 νῦν.

527 5641 559 5682 δ
584 5643 769 5692 Omnes
787 5641 900 5694 mss'.
925 5641 1086 5695 εἰπών.

530 5706 565 5773 ‘_
584 5702 843 5773 Tres‘msm.
866 5709 952 5773 τῄν
972 5710 1207 5773 ἑσπέριον.
1234 5707 1360 5760 Infra
1383 5706 1530 5758 iidem
1551 5708 1681 5771 δρᾷν,
1694 5706 1775 5756 τὸν
1796 5706 2044 5771 περίϐολον

518 5766 602 5815 τὸν
619 5764 1001 5830 πεπληρωμένον.

2142 1309 2195 1363 τί
2219 1309 2276 1364 δὲ
2300 1309 2447 1375 ἄλλο,
2478 1312 2511 1381 ἢ
2539 1309 2670 1383 περὶ
2706 1307 2808 1380 τῆς
2831 1309 3050 1383 ἡμέρας
3086 1308 3292 1382 ταύτης
3315 1328 3329 1378 ;
3360 1298 3437 1365 Εῦ
3458 1309 3569 1382 γάρ
3593 1300 3739 1380 οἶδα,

2141 1393 2223 1447 ὅτι
2262 1394 2446 1448 πολλοὶ
2463 1393 2542 1447 ἔτι
2571 1393 2666 1447 καὶ
2689 1392 2788 1446 νῦν
2818 1393 2956 1465 πρὸς
2983 1393 3246 1466 ἀλλήλους
3267 1394 3736 1465 ἀμφισϐητοῦσιν,

2141 1476 2191 1528 οἱ
2226 1477 2327 1546 μὲν
2358 1476 2738 1546 ἐγκαλοῦντες,
2780 1477 2829 1530 οἰ
2860 1476 2918 1528 δὲ
2943 1475 3378 1547 ἀπολογούμενοι
3400 1495 3413 1509 ο
3437 1479 3536 1531 κα)⁸
3561 1478 3739 1543 πολὺς

2142 1560 2272 1629 περὶ
2297 1561 2396 1632 τῆς
2412 1560 2445 1631 ἡ
2453 1559 2519 1631 μέ
2528 1577 2626 1631 ρας
2648 1559 2853 1630 ταύτης
2878 1554 3161 1632 πανταχοῦ
3177 1560 3389 1629 γίνεται
3414 1560 3598 1629 λόγος,
3621 1562 3739 1615 τῶν

2143 1641 2243 1712 μὲν
2269 1644 2633 1714 αἰτιωμένων,
2662 1643 2745 1699 ὅτι
2775 1643 2870 1697 νέα
2899 1642 2983 1706 τίς
3014 1645 3131 1696 ἐστι
3170 1644 3262 1697 καὶ
3281 1639 3738 1715 πρόσφατος,και

2139 1722 2236 1777 νῦν
2262 1726 2648 1795 εἰσενήνεκται,
2673 1724 2781 1779 τῶν
2819 1724 2877 1779 δὲ
2899 1723 3375 1797 ἀπολογουμένων,
3409 1727 3493 1779 ὅτι
3521 1725 3739 1779 παλαιά

2139 1808 2235 1861 καὶ
2275 1807 2484 1878 ἀρχαία
2539 1809 2675 1875 ἐστὶ,
2725 1808 2834 1862 τῶν
2890 1809 3187 1880 προφητῶν
3212 1808 3313 1881 ήδη
3352 1808 3737 1881 προειπόντων

2140 1891 2269 1961 περὶ
2297 1895 2398 1962 τῆς
2426 1892 2732 1961 γεννήσεως
2761 1890 2950 1953 αὐτοῦ,
2973 1892 3067 1944 καὶ
3087 1891 3292 1946 ἀνωθεν
3313 1894 3428 1955 τοῖς
3448 1892 3556 1945 ἀπὸ
3576 1892 3736 1963 Θρᾲ-

2138 1991 2243 2045 κης
2270 1975 2432 2045 μέχρι
2466 1974 2740 2047 Γαδείρων
2773 1974 2984 2028 οἰκοῦσι
3012 1975 3308 2045 κατάδηλος
3334 1976 3428 2029 καὶ
3455 1975 3736 2046 ἐπίσημος

2138 2056 2350 2124 γέγονε.
2376 2054 2513 2127 Φέρε
2546 2053 2658 2116 οῦν.
2691 2055 2781 2111 τὸν
2806 2059 2934 2130 περὶ
2960 2057 3168 2112 τούτων
3200 2058 3517 2129 κινήσωμεν
3536 2056 3729 2127 λόγον.

2139 2137 2201 2191 Εἰ
2248 2138 2357 2209 γάρ
2396 2138 2889 2211 ἀμφισϐητουμένη
2945 2140 3217 2211 τοσαύτης
3266 2138 3535 2193 ἀπολαύει
3591 2140 3732 2212 παρ’

2138 2220 2294 2291 ὐμῶν
2328 2222 2560 2286 εὐνοίας,
2596 2219 2647 2276 εί
2689 2223 2899 2292 γένοιτο
2931 2223 3353 2295 γνωριμωτέρα,
3385 2222 3614 2294 εὔδηλον
3641 2225 3729 2278 ὅτι

2138 2303 2320 2375 πολλῴ
2347 2304 2592 2369 πλείονος
2641 2301 2877 2377 σπουδῆς
2911 2304 3307 2365 ἀπολαύσεται,
3326 2305 3425 2375 τῆς
3446 2306 3592 2360 κατά
3626 2307 3731 2377 τὴν

2136 2388 2486 2443 διδασκαλίαν
2526 2390 2825 2459 σαφηνείας
2854 2390 3074 2444 πλείονα
3093 2382 3121 2428 δ
3148 2384 3246 2461 τὴν
3276 2386 3403 2459 περὶ
3417 2384 3589 2461 αὐτὴν
3607 2390 3734 2445 διά-

2136 2472 2286 2525 θεσιν
2317 2470 2690 2544 ἐργαζομένης
2722 2473 2873 2543 ύμῖν.

2215 2553 2366 2626 Ἔχω
2410 2555 2599 2608 τοίνυν
2642 2557 2798 2625 τρεῖς
2825 2557 3130 2623 ἀποδείξεις
3155 2559 3346 2622 εἰπεῖν,
3375 2554 3449 2611 δι”
3476 2550 3553 2610 ὧν
3586 2555 3734 2609 εἰσό-

2143 2636 2282 2708 μεθα
2332 2638 2570 2703 πάντως,
2603 2640 2682 2692 ὅτι
2736 2635 2890 2702 οῦτός
2940 2642 3090 2693 ἐστιν
3141 2640 3170 2693 6
3225 2640 3433 2713 καιρὸς,
3465 2639 3587 2693 καθ’
3616 2638 3732 2692 ὂνό

2144 2720 2349 2792 Κύριος
2378 2721 2537 2792 ἡμῶν
2579 2721 2786 2791 Ἰησοῦς
2823 2722 3058 2794 Χριστὸς
3088 2724 3116 2776 6
3143 2724 3275 2788 Θεὸς
3304 2720 3477 2792 Λόγος
3504 2722 3727 2793 ἐτέχθη.

2139 2804 2251 2883 Ife).
2285 2805 2394 2857 τῶν
2442 2803 2608 2875 τριῶν
2636 2804 2838 2859 τούτων
2869 2806 2968 2875 μία
3009 2807 3105 2876 μὲν
3134 2807 3279 2860 ἐστιν
3308 2804 3610 2874 ἀπόδειξις,
3652 2805 3719 2860 τὸ

2138 2887 2349 2957 ταχέως
2380 2886 2528 2940 οὕτω
2573 2888 2850 2959 πανταχοῦ
2905 2890 3404 2961 περιααγγελθῆναι,
3451 2892 3546 2945 καὶ
3586 2890 3732 2962 πρὸς

2143 2968 2274 3039 ῦψος
2326 2968 2602 3023 ἐπιδοῦναι
2646 2971 2918 3037 τοσοῦτον,
2950 2974 3043 3026 καὶ
3085 2973 3316 3044 ἀνθῆσαι
3361 2973 3462 3044 τὴν
3493 2974 3729 3045 ἑορτήν

2140 3052 2237 3106 καὶ
2263 3053 2400 3123 ὅπερ
2443 3051 2472 3104 6
2520 3053 2799 3124 Γαμαλιήλ
2846 3053 2999 3123 ἔλεγε
3043 3056 3175 3127 περϊ
3211 3055 3306 3109 τοῦ
3344 3056 3731 3128 κηρύγματος.

2126 3137 2222 3203 ,ὅτι
2266 3137 2330 3189 Εἰ
2371 3136 2518 3192 ἐστιν
2561 3136 2620 3204 ἐξ
2651 3136 2973 3210 ἀνθρώπων,
3010 3138 3468 3210 καταλυθήσεται,
3496 3140 3544 3192 εἰ
3577 3138 3635 3192 δὲ
3661 3138 3733 3190 ὲκ

2140 3218 2276 3273 Θεοῦ
2323 3220 2492 3281 ἐστιν,
2524 3220 2588 3273 οὐ
2633 3214 2861 3274 δύνασθε
2889 3232 2912 3260 ο
2944 3218 3249 3275 καταλῦσαι
3303 3221 3454 3288 αὐτὸ,
3516 3224 3734 3293 μήποτε

2142 3302 2237 3356 καὶ
2272 3301 2532 3373 θεομάχοι
2551 3302 2846 3374 εὑρεθῆτε·
2876 3303 3037 3357 τοῦτο
3269 3298 3430 3372 κάγὼ
3455 3302 3587 3376 περί
3624 3303 3733 3373 τῆς

2142 3385 2355 3457 ἡμέρας
2399 3385 2604 3456 ταύτης
2650 3387 2860 3456 είποιμι
2930 3387 2997 3441 ἀν
3027 3387 3267 3460 θαρρῶν,
3299 3389 3404 3453 ὅτι,
3437 3386 3631 3458 ἐπειδὴ
3656 3388 3729 3440 ὲκ

2141 3468 2276 3521 Θεοῦ
2310 3468 2441 3533 Θεὸς
2480 3468 2655 3538 Λόγος
2688 3467 2823 3533 ἐστὶ,
2867 3470 2955 3524 διὰ
2997 3471 3155 3525 τοῦτο
3186 3472 3246 3525 οὐ
3294 3472 3455 3543 μόνον
3492 3471 3556 3524 οὐ
3594 3488 3735 3526 κατ-

2142 3549 2328 3622 ελύθη,
2350 3550 2485 3605 ἀλλά
2507 3552 2601 3606 καὶ
2625 3551 2745 3605 καθ’
2770 3552 2999 3607 ἕκαστον
3028 3554 3145 3617 ἔτος
3160 3553 3455 3620 ἐπιδίδωσι,
3473 3554 3570 3609 καὶ
3588 3555 3735 3625 λαμο

2143 3634 2384 3704 προτέρα
2436 3636 2674 3703 γίνεται⁶
2706 3635 2827 3688 ἐπεὶ
2880 3636 2975 3689 καὶ
3022 3632 3082 3690 τδ
3136 3635 3398 3709 κήρυγμα
3438 3639 3496 3691 ὲν
3526 3637 3735 3705 ὀλίγοις

2144 3715 2289 3769 ἔτεσι
2325 3717 2424 3787 τὴν
2464 3719 2645 3771 πᾶσαν
2669 3718 2973 3773 κατέλαϐεν
2997 3720 3348 3790 οἰκουμένην,
3377 3721 3559 3774 καίτοι
3597 3736 3733 3788 0x11-

2144 3800 2392 3863 νοποιῶν,
2448 3799 2663 3864 ἀλιέων,
2705 3802 3105 3872 ἀγραμμάτων,
3167 3802 3391 3857 ἰδιωτῶν
3447 3800 3730 3873 πανταχοῦ

2146 3881 2569 3954 διακομιςόντων
2595 3884 2726 3937 αὐτό
2749 3901 2764 3916 ·
2795 3884 2910 3939 ἀλλ’
2934 3886 3088 3939 οὐδὲν
3112 3885 3380 3940 ἔϐλαπτεν
3403 3887 3436 3958 ἡ
3459 3885 3570 3939 τῶν
3601 3886 3725 3939 διαο

2144 3966 2448 4021 κονούντων
2477 3966 2496 4005 ί
2532 3967 2797 4033 εὐτέλεια,
2844 3968 2946 4039 τῆς
2989 3966 3085 4022 τοῦ
3129 3969 3533 4042 κηρυττομένου
3566 3969 3728 4023 δυνά-

2147 4065 2294 4120 μεως
2322 4050 2499 4103 πάντα
2528 4050 3187 4123 προκαταλαμϐανούσης,
3211 4052 3303 4105 καὶ
3338 4050 3408 4104 τὰ
3429 4050 3729 4121 κωλύματα

2143 4133 2493 4204 ἀναιρούσης,
2540 4135 2633 4187 καὶ
2670 4134 2769 4205 τὴν
2806 4136 3016 4188 οἰκείαν
3060 4132 3513 4204 ἐπιδεικνυμένης
3549 4134 3725 4206 ἰσχύν.

2216 4216 2351 4287 β’.Εἰ
2372 4216 2429 4269 δέ
2444 4232 2528 4278 τις
2542 4216 2650 4268 τῶν
2673 4217 2987 4284 φιλονείκων
3002 4219 3103 4271 οὐκ
3111 4218 3357 4288 ἀνέχοιτο
3372 4217 3483 4271 τῶν
3497 4219 3624 4289 εἰρη
3632 4219 3723 4289 μέ-

2143 4316 2270 4362 νων,
2302 4298 2416 4351 ἔστι
2443 4298 2536 4351 καὶ
2559 4298 2823 4370 δευτέραν
2849 4302 3043 4354 εἰπεῖν.
3070 4301 3235 4353 Ποίαν
3265 4300 3329 4371 δὴ
3350 4298 3593 4372 ταύτην;
3620 4302 3730 4372 Τὴν

2143 4381 2251 4436 ἀπὸ
2278 4381 2376 4451 τῆς
2396 4381 2763 4452 ἀπογραφῆςκ
2795 4383 2892 4452 τῆς
2917 4384 2974 4435 ἐν
3005 4386 3118 4446 τοῖς
3145 4383 3500 4451 Εὐαγγελίοις
3536 4384 3728 4453 κειμέ-

2142 4482 2260 4535 νης.
2298 4462 2561 4534 Ἐγένετο
2591 4464 2721 4533 γὰρ,
2755 4466 2918 4535 φησὶν
2965 4466 2994 4518 6
3045 4465 3456 4536 εὐαγγελιστῆς,
3498 4466 3572 4520 ὲν
3600 4467 3730 4533 ταῖς

2141 4546 2392 4615 ἡμέραις
2442 4547 2720 4613 ἐκείναις,
2752 4546 2974 4613 ἐξῆλθε
3006 4548 3194 4617 δόγμα
3236 4549 3397 4615 παρὰ
3423 4549 3730 4617 Καίσαρος

2142 4631 2519 4700 Αὐγούστου,
2547 4631 2995 4699 ἀπογράφεσθαι
3042 4628 3247 4686 πᾶσαν
3282 4629 3397 4697 τήν
3453 4631 3730 4702 οὶκουμέο

2143 4730 2279 4781 νην.
2294 4714 2456 4781 Αὕτη
2478 4715 2517 4781 ἠ
2534 4712 2853 4782 ἀπογραφὴ
2872 4711 3071 4780 πρώτη
3086 4713 3322 4781 ἐγένετο
3338 4713 3729 4783 1178;103:3603:-

2143 4812 2242 4862 τος
2260 4794 2371 4864 τῆς
2398 4797 2618 4862 Συρίας
2639 4795 2960 4862 Κυρηνίου.
2988 4795 3098 4849 Καὶ
3121 4796 3481 4863 ἐπορεύοντο
3504 4796 3727 4863 πάντες

2143 4877 2593 4951 ἀπογράφεσθαι
2617 4918 2634 4943 ,
2700 4877 2958 4942 ἕκαστος
3011 4880 3099 4942 εις
3142 4877 3255 4946 τὴν
3312 4877 3472 4932 ἰδίαν
3522 4882 3725 4936 πόλιν.

2157 4960 2353 5027 Ἀνέϐη
2392 4958 2461 5013 δὲ
2483 4961 2580 5014 καί
2622 4959 2834 5029 Ἰωσὴφ
2858 4959 2977 5014 ἀπὸ
3006 4959 3118 5028 τῆς
3146 4960 3503 5028 Γαλιλαίας,
3524 4962 3596 5016 ὲκ
3619 4964 3726 5016 ,πό-

2143 5045 2295 5110 λεως
2306 5042 2586 5111 Ναζαρὲθ,
2616 5044 2702 5108 είς
2730 5041 2847 5110 τὴν
2885 5042 3195 5107 Ἰουδαίαν,
3214 5045 3302 5109 εἰς
3318 5043 3503 5097 πόλιν
3523 5044 3723 5109 Δαυῒδ,

2148 5127 2281 5194 ἥτις
2300 5125 2563 5180 καλεῖται
2596 5126 2886 5193 Βηθλεέμ.
2921 5123 3019 5178 διὰ
3047 5126 3113 5178 τὸ
3144 5120 3297 5179 εἶναι
3321 5124 3512 5179 αὑτὸν
3546 5127 3620 5189 ἐξ
3646 5127 3723 5179 οι.

2148 5225 2260 5263 κου
2311 5208 2412 5263 καί
2466 5207 2718 5277 πατριᾶς
2748 5208 2949 5272 Δαυῒδ,
2978 5207 3426 5277 ἀπογράφεσθαι
3455 5208 3584 5262 σὺν
3608 5212 3719 5264 Ma-

2140 5291 2283 5361 ριὰμ
2321 5291 2397 5360 τῇ
2439 5290 2938 5361 μεμνηστευμέιῃ
2967 5288 3128 5355 αὐτῷ
3174 5290 3410 5360 γυναικί
3438 5291 3599 5362 οὔσῃ
3636 5292 3727 5361 ἐγ-

2219 5520 2240 5561 3
2260 5522 2385 5573 Tres
2408 5535 2521 5571 mss.
2557 5519 2865 5569 διδασκαλίαν
2896 5519 3155 5583 ἀσφαλείας
3170 5523 3383 5573 πλείονα.

2219 5586 2243 5614 ⁸
2268 5584 2388 5651 Duq
2401 5583 2595 5651 ωειλ-οὐ
2620 5581 2871 5651 δυνάμεθα,
2897 5587 2951 5651 οι
2969 5582 3576 5651 τοοκ-εὑρεθειμενηιδοιιιο
3616 5586 3721 5651 post

2152 5649 2256 5710 tre_s
2272 5648 2333 5710 76x
2357 5641 2482 5694 Θεοῦ
2505 5646 2625 5710 θεὸς
2646 5641 2798 5703 Λόγος
2810 5642 2945 5710 ἐστί.
2969 5643 3027 5694 In
3046 5641 3183 5699 editd
3203 5641 3323 5706 Θεδς
3342 5648 3500 5710 Λόγος
3515 5641 3706 5707 άοεὶιδι.

2219 5706 2240 5744 ί
2269 5709 2374 5756 Duo
2405 5719 2517 5753 mss.
2540 5705 2933 5763 διακονουμένων.

2215 5769 2242 5809 ι
2266 5769 2374 5819 Duo
2395 5780 2507 5818 mss.
2530 5766 2625 5814 ἀπὸ
2641 5770 2725 5822 τῆς
2745 5768 2937 5828 γραφῆς-

2213 5520 2240 5561 d
2260 5522 2385 5573 Tres
2408 5535 2521 5571 mss.
2557 5519 2865 5583 διδασκαλίαν
2896 5519 3056 5583 ἀσφαλ
