3906 6224
276 214 374 269 351

1217 209 1282 265 ΙΝ
1322 206 1485 264 DlEM
1524 204 1848 262 NATALEM
1891 204 1951 258 ι).
1993 203 2055 258 N.
2097 202 2259 259 JESU
2300 199 2591 257 CHRISTI.

3461 210 3567 266 35!

276 334 3563 361 ww

228 399 259 411 η..

276 439 549 485 ειηιιιιΑ
593 437 656 480 IN
701 432 1085 478 SERVATOBIS
1130 430 1351 473 NOSTRI
1393 428 1543 471 JESU
1607 426 1840 471 CHRIST}

1949 425 2080 468 "BM
2145 427 2463 484 ΝΑΤΑιΕιι,
2518 430 2627 482 QUI
2679 432 2925 483 QUIDRM
2986 435 3129 479 DIES
3187 436 3562 482 INCOGNII'US

358 538 572 585 ADIIUC
616 535 774 578 ILIJS
817 529 1239 585 TEMPORIBUS,
1285 529 1450 572 ANTE
1495 525 1726 569 PAUCOS
1770 526 1840 567 ΔΕ

1952 525 2086 567 DUM
2130 526 2328 570 ANNUS
2371 528 2776 576 INNOTUERAT
2819 534 2940 579 PER
2980 535 3268 594 Αιιρυοε,
3313 538 3423 590 θυι
3479 540 3563 581 ΒΧ

352 639 699 687 occrnnnrn
745 632 1080 679 venamur
1121 618 1329 684 ATQUE
1374 626 1845 671 lNDlCAVERANT
1891 604 2004 688 (α).

1694 767 2115 823 om.

347 924 397 977 t.
424 919 553 988 Quae
590 917 697 988 jam
723 915 850 970 olim
894 909 1211 982 patriarcha:
1251 905 1550 970 ardebant,
1592 903 1866 973 prophetae
1967 901 2199 988 vestram
2224 897 2449 954 dicenda
2471 900 2697 957 dederit.
2728 904 2863 973 Quid
2889 908 3046 977 igitur
3073 908 3331 968 hodierno
3355 914 3443 970 die
3464 930 3561 971 au-

274 1012 664 1089 praedicebant,
693 1008 821 1078 justi
847 1017 1068 1061 cernere
1090 999 1377 1070 cupiebant
1396 997 1607 1068 (Matth.
1632 996 1719 1089 15ζ
1745 994 1862 1063 l7),

271 1086 337 1166 ea
364 1119 612 1170 evenere,
641 1111 695 1158 et
723 1101 882 1155 tinem
911 1097 1169 1151 hodierno
1191 1092 1279 1149 die
1304 1097 1626 1159 acceperunt
1651 1104 1665 1140 :
1687 1086 1863 1189 Pens-

272 1216 379 1274 que
407 1213 503 1270 per
530 1208 745 1251 carnem
770 1193 822 1247 in
852 1200 994 1245 terra
1021 1187 1169 1243 visus
1195 1192 1299 1250 est,
1324 1191 1380 1238 et
1407 1196 1530 1237 cum
1559 1176 1862 1274 hominibus

266 1269 621 1346 conversatus
636 1294 720 1341 est
738 1281 965 1354 (Βαταεή
1002 1281 1058 1335 3.
1075 1278 1189 1341 58).
1208 1274 1548 1333 Gaudeamus
1564 1269 1787 1343 proinde
1806 1278 1862 1323 et

264 1382 614 1445 exsultemus,
633 1376 832 1434 dilecti.
850 1374 983 1429 Nam
999 1372 1045 1428 si
1064 1372 1297 1426 Joannes
1316 1367 1555 1423 adhucin
1573 1373 1723 1420 utero
1742 1376 1859 1417 ma-

266 1484 445 1540 terno,
467 1471 631 1527 Maria
650 1466 978 1540 ingrediente
992 1463 1059 1519 ad
1081 1461 1339 1528 Elizabet,
1352 1458 1671 1556 exsultavit:
1690 1454 1859 1510 multo

267 1567 440 1640 magis
460 1579 574 1629 nos,
597 1577 701 1618 non
722 1559 963 1627 Mariam,
981 1556 1076 1614 sed
1096 1556 1379 1627 ipsummet
1399 1553 1740 1653 servatorem

263 1671 437 1719 strum
463 1657 625 1714 hodie
651 1663 834 1711 natum
855 1651 1264 1722 conspicientes,
1288 1645 1559 1704 exsultare
1585 1653 1641 1699 et
1661 1641 1857 1714 gaudio

260 1754 461 1829 gestire
484 1768 581 1823 par
606 1758 719 1815 est;
747 1756 803 1803 et
822 1746 1094 1838 suspicere
1114 1750 1275 1838 atque
1297 1754 1417 1795 cum
1441 1732 1854 1838 stuporegadtni-

262 1827 371 1903 rari
388 1841 769 1901 incarnationis
784 1840 901 1909 ejus
914 1832 1354 1906 magnitudinem,
1371 1828 1519 1887 omni
1534 1827 1855 1898 cogitatione

261 1939 618 2011 superiorem.
654 1933 855 1989 Tecum
878 1929 1022 1986 enim
1049 1934 1236 1995 reputa
1262 1929 1520 1993 quantum
1544 1918 1646 1985 sit,
1682 1917 1852 1973 solem

259 2049 330 2090 ex
365 2030 513 2086 czelis
548 2024 961 2083 descendentem
1000 2017 1185 2074 videre
1224 2018 1280 2070 in
1319 2023 1463 2069 terra
1504 2016 1808 2068 currentem
1833 2047 1850 2075 ,

261 2125 551 2193 radiosque
576 2119 703 2174 hinc
723 2129 849 2171 suos
868 2111 1117 2169 omnibus
1136 2108 1488 2165 emittentem.
1511 2101 1665 2172 Quod
1683 2103 1729 2157 si
1747 2101 1852 2157 tale

254 2216 458 2288 aliquid
480 2215 533 2269 in
560 2210 741 2268 sensili
764 2209 856 2264 illo
872 2204 1122 2263 lnminari
1137 2201 1409 2268 eveniens,
1427 2198 1618 2255 merito
1637 2208 1847 2298 omnes,

256 2286 520 2381 quotquot
542 2303 597 2359 id
623 2301 900 2367 viderent,
928 2298 983 2353 in
1010 2305 1282 2392 stuporem
1301 2299 1547 2392 raperet:
1568 2286 1849 2392 considera

258 2414 404 2456 nunc
429 2396 559 2452 mihi
594 2403 648 2450 et
673 2391 940 2464 perpende
960 2430 975 2455 ,
1006 2403 1164 2459 quam
1192 2387 1347 2457 longe
1374 2383 1546 2454 majus
1571 2383 1670 2447 sit,
1691 2383 1848 2450 justi-

255 2495 349 2549 tiae
387 2489 557 2546 solem
597 2500 666 2541 ex
703 2495 885 2542 nostra
922 2496 1084 2539 carne
1118 2479 1299 2535 radios
1333 2491 1461 2533 suos
1496 2474 1847 2545 ejaculantem

254 2583 835 2656 aspicere,animasque
849 2585 1058 2632 nostras
1072 2573 1421 2671 illustrantem
1436 2608 1448 2623 .
1466 2566 1844 2671 Desiderabam

252 2693 357 2749 ego
373 2677 481 2747 jam
505 2673 709 2745 pridem
735 2670 877 2726 diem
904 2668 1046 2722 hunc
1066 2666 1248 2720 videre
1273 2680 1289 2730 ;
1322 2663 1479 2733 idque
1503 2675 1609 2716 non
1632 2658 1843 2762 simpli-

251 2773 409 2837 citer,
436 2768 530 2823 sed
547 2781 669 2821 cum
691 2771 834 2819 tanta
864 2759 1159 2831 frequentia
1176 2799 1191 2825 ,
1218 2762 1415 2827 quanta
1440 2767 1580 2808 nunc
1600 2752 1797 2856 adestis
1825 2768 1840 2805 :

251 2859 652 2928 identidemque
667 2853 859 2910 intueri
886 2851 1203 2921 exoptabam
1222 2848 1487 2903 theatrum
1508 2852 1747 2947 rios-trum
1770 2848 1840 2947 ita

250 2951 534 3023 compieri,
559 2944 1008 3020 quemadmodum
1037 2955 1178 2997 nunc
1191 2940 1375 2995 videre
1391 2947 1492 2994 est.
1511 2937 1676 3007 Cujus
1695 2936 1839 2991 desi-

250 3045 389 3102 derii
423 3042 531 3098 mei
567 3053 776 3096 summa
803 3036 1033 3107 denique
1068 3034 1266 3091 evenit.
1313 3031 1559 3087 Nondum
1598 3030 1839 3084 decimus

250 3148 426 3191 annus
453 3140 537 3188 est
563 3148 630 3187 ex
659 3146 764 3203 quo
793 3129 880 3185 hic
906 3128 1021 3197 ipse
1048 3126 1163 3181 dies
1189 3123 1472 3179 manifeste
1495 3122 1652 3177 nobis
1681 3122 1837 3175 inno-

248 3225 351 3281 tuit
379 3241 395 3278 :
422 3232 656 3279 attamen
681 3263 696 3287 ,
724 3220 949 3291 perinde
973 3233 1035 3273 ac
1060 3218 1105 3272 si
1126 3217 1236 3287 jam
1262 3216 1387 3270 olim
1417 3229 1448 3269 a
1480 3213 1658 3268 multis
1683 3213 1837 3268 anuis

247 3317 407 3374 nobis
431 3314 659 3370 traditus
682 3320 843 3377 esset,
866 3310 939 3365 ita
963 3324 1121 3378 opera
1149 3317 1323 3362 vestra
1347 3306 1646 3361 celebratus
1668 3303 1836 3358 incla-

247 3411 379 3465 ruit.
412 3410 587 3476 Quare
616 3420 721 3460 non
748 3402 1027 3469 erraverit,
1055 3400 1142 3471 qui
1174 3397 1420 3455 eumdem
1451 3411 1647 3452 novum
1677 3396 1834 3452 simul

247 3507 307 3557 et
350 3498 625 3570 antiquum
670 3501 940 3564 nuncupet
968 3510 982 3545 :
1015 3505 1210 3546 novum
1257 3489 1470 3560 quidem
1512 3486 1655 3558 quod
1692 3500 1835 3541 nunc

245 3596 466 3651 demum
496 3592 637 3645 illius
664 3589 849 3643 notitia
874 3586 942 3640 ad
967 3599 1063 3639 nos
1091 3582 1419 3653 pervenerit;
1442 3582 1716 3651 antiquum
1741 3594 1833 3635 ve-

247 3702 311 3742 ro
336 3695 391 3740 et
418 3691 703 3747 vetustum,
726 3678 867 3750 quod
892 3676 1137 3732 celeriter
1160 3673 1535 3729 vetustioribus
1560 3681 1715 3727 aetate
1740 3686 1833 3726 ve-

247 3778 328 3833 lut
348 3790 543 3847 suppar
562 3772 800 3829 redditus
821 3770 909 3836 sit,
934 3781 985 3824 et
1010 3767 1076 3821 ad
1097 3767 1337 3822 eamdem
1360 3780 1481 3821 cum
1509 3765 1640 3836 ipsis
1660 3766 1831 3820 :elatis

247 3881 557 3925 mensuram
600 3862 919 3934 pervenerit.
960 3859 1032 3915 Ut
1058 3858 1200 3914 enim
1229 3872 1502 3928 generosae
1536 3865 1590 3912 et
1625 3856 1831 3911 nobiles

244 3960 442 4029 stirpes
468 3954 623 4011 simul
646 3965 805 4025 atque
833 3964 990 4008 terrae
1017 3951 1318 4005 inseruntur
1342 3992 1358 4017 ,
1391 3951 1550 4006 etiam
1582 3949 1831 4005 celeriter

244 4054 301 4108 in
322 4049 651 4106 altitudinem
671 4060 916 4116 magnam
934 4050 1295 4108 succrescunt,
1321 4041 1679 4111 fructibusque
1698 4056 1827 4097 one-

244 4155 431 4202 rantur
464 4160 478 4198 :
507 4158 613 4197 non
638 4141 791 4195 aliter
815 4139 901 4193 hic
924 4138 1038 4193 dies
1062 4180 1077 4205 ,
1104 4152 1225 4193 cum
1257 4135 1324 4190 ab
1352 4136 1570 4191 exordio
1600 4137 1662 4191 iis
1686 4177 1700 4201 ,
1737 4136 1827 4207 qui

245 4240 301 4293 in
332 4236 618 4292 Occidente
647 4232 886 4286 habitant
908 4272 923 4296 ,
951 4230 1195 4299 cognitus
1231 4227 1391 4283 fuerit
1416 4271 1429 4295 ,
1458 4243 1599 4282 nunc
1626 4228 1691 4283 ad
1728 4243 1828 4282 nos

246 4330 462 4384 demum
493 4340 599 4379 non
626 4332 751 4377 ante
777 4321 973 4375 multos
999 4335 1169 4374 annos
1196 4319 1537 4373 transmissus
1562 4360 1577 4386 ,
1606 4330 1828 4389 repente

246 4423 320 4473 ita
363 4417 624 4482 increvit,
664 4414 932 4481 talemque
971 4410 1090 4464 tulit
1126 4408 1388 4474 fructum,
1430 4410 1640 4479 qualem
1688 4426 1830 4467 nunc

245 4522 468 4567 cernere
488 4507 630 4573 licet,
652 4504 817 4574 septis
839 4501 1035 4557 nostris
1055 4500 1249 4570 ubique
1270 4500 1500 4567 refertis,
1525 4504 1828 4574 temploque

246 4602 497 4657 universo
533 4614 645 4669 prae
686 4593 1021 4650 multitudine
1059 4591 1489 4647 concurrentium
1524 4602 1824 4662 angustato.
1856 4634 1872 4648 .

244 4694 363 4763 Quo
387 4700 564 4746 vestro
594 4698 699 4743 tam
729 4695 973 4757 prompto
1006 4684 1186 4756 studio.
1208 4682 1423 4752 dignum
1459 4683 1733 4752 pnnmium
1763 4685 1830 4740 ab

244 4801 313 4842 eo
334 4827 349 4852 ,
377 4784 464 4854 qui
496 4782 651 4837 hodie
685 4778 973 4836 secundum
1002 4792 1216 4833 carnem
1248 4776 1487 4831 Chrisms
1516 4788 1670 4832 natus
1706 4790 1790 4833 cst
1811 4821 1828 4846 ,

245 4884 588 4945 exspectate:
613 4872 703 4927 ille
730 4870 878 4926 vobis
904 4870 1041 4924 hanc
1067 4870 1393 4924 alacritatem
1421 4869 1630 4925 abunde
1651 4885 1832 4925 remu-

245 4967 559 5030 nerahitur;
606 4963 892 5019 maximum
936 4960 1195 5031 siquidem
1238 4976 1362 5030 erga
1406 4972 1585 5015 natum
1631 4964 1829 5018 amoris

246 5058 498 5113 indicium
529 5064 612 5111 est
639 5054 872 5109 studium
912 5052 1170 5107 hodierno
1199 5052 1283 5106 die
1314 5053 1628 5121 impensum.
1678 5052 1829 5121 Quod

243 5150 293 5204 si
318 5148 570 5203 nonnulla
610 5147 772 5201 etiam
805 5160 836 5198 a
871 5144 1024 5199 nobis
1060 5143 1334 5198 conservis
1366 5145 1555 5199 vestris
1590 5144 1657 5199 ad
1693 5146 1831 5199 hanc

245 5252 363 5293 rem
386 5236 628 5291 facientia
655 5234 833 5289 afferri
862 5242 1123 5304 oporteat.
1148 5248 1208 5287 ea
1236 5232 1469 5288 feremus
1489 5246 1542 5289 et
1569 5250 1688 5300 nos,
1711 5251 1830 5305 qua:

248 5330 575 5402 poterimus;
602 5327 685 5384 vel
708 5327 903 5398 potius,
931 5342 1050 5397 quae
1068 5325 1244 5380 divina
1270 5328 1436 5396 gratia
1457 5325 1523 5380 ad
1550 5327 1829 5395 utilitatem

306 5575 324 5607 s
361 5571 594 5622 nuottss.
629 5574 1066 5629 ,nonpossumus;
1101 5562 1642 5623 etmox,inncniamur.

308 5676 380 5731 (α)
403 5667 584 5719 Collata
608 5679 716 5715 cum
741 5665 854 5717 Mss.
878 5666 1039 5732 Regiis
1062 5664 1202 5725 1959,
1222 5665 1363 5727 3026,
1387 5667 1529 5730 2038,
1552 5670 1698 5722 9545.

555 5751 821 5816 Punon.
869 5760 983 5819 Gn.
1030 5759 1257 5821 XLIX.

1718 5841 1771 5851 ςδ-

1969 984 2085 1039 dire
2112 989 2343 1057 cupitis?
2373 991 2498 1061 quid
2524 994 2690 1062 aliud,
2718 1011 2877 1067 quam
2901 1000 2969 1054 de
2997 1002 3098 1057 hoc
3123 1003 3239 1074 ipso
3266 1004 3394 1061 die?
3421 1007 3556 1066 Nam

1966 1076 2168 1134 multos
2185 1080 2344 1135 etiam
2366 1099 2509 1139 nunc
2529 1085 2668 1142 inter
2683 1103 2743 1144 se
2762 1088 2831 1145 de
2848 1106 2916 1146 eo
2936 1092 3052 1163 ipso
3068 1094 3365 1168 disceptare
3385 1102 3555 1172 probe

1967 1169 2092 1226 novi
2122 1188 2136 1228 :
2167 1181 2223 1228 et
2257 1173 2357 1230 hos
2388 1177 2603 1248 quidem
2643 1181 2789 1237 illum
2834 1187 3224 1255 reprehendere
3247 1232 3263 1258 ,
3292 1169 3428 1248 alios
3455 1195 3553 1250 de-

1964 1262 2212 1331 fendere;
2240 1269 2438 1325 multus
2466 1272 2662 1344 ubique
2686 1275 2755 1331 de
2778 1276 2877 1333 hoc
2904 1278 2991 1333 die
3018 1294 3218 1349 sermo,
3246 1285 3439 1355 partim
3466 1287 3550 1342 in-

1963 1356 2284 1426 cusantium,
2313 1361 2463 1430 quasi
2489 1378 2659 1419 novus
2687 1366 2776 1434 sit,
2803 1383 3052 1441 nuncque
3076 1386 3265 1429 recens
3287 1376 3548 1443 invectus,

1963 1446 2155 1516 partim
2185 1450 2431 1507 eumdem
2462 1460 2909 1527 propugnantium
2930 1502 2947 1529 ,
2975 1471 3245 1533 tamquam
3274 1468 3550 1539 antiquum

1960 1552 2026 1594 ac
2050 1549 2351 1610 vetustum;
2382 1560 2503 1601 cum
2530 1558 2584 1603 et
2612 1549 2740 1604 olim
2771 1553 3095 1610 nativitatem
3129 1557 3248 1627 ejus
3278 1561 3551 1630 propheta:

1961 1630 2324 1720 praedixerint,
2346 1644 2401 1691 et
2419 1637 2529 1705 jam
2560 1639 2684 1696 inde
2708 1658 2740 1696 a
2768 1644 3060 1713 primordio
3086 1648 3153 1703 ab
3180 1651 3291 1720 ipsa
3317 1652 3545 1710 Thracia

1961 1718 2139 1776 Gades
2157 1738 2325 1794 usque
2344 1726 2698 1788 incolentibus
2718 1734 3027 1792 manifestus
3047 1748 3102 1793 et
3121 1718 3345 1797 celebris
3365 1743 3543 1802 fuerit.

1961 1810 2205 1881 Agedum
2245 1815 2404 1885 igitur
2428 1858 2444 1885 ,
2476 1818 2543 1873 de
2584 1818 2732 1877 hisce
2769 1836 3073 1881 sermonem
3102 1831 3457 1889 exordiamur.
3491 1838 3547 1892 Si

1960 1904 2104 1958 enim
2130 1903 2219 1959 hic
2244 1906 2358 1977 ipse
2378 1910 2495 1965 dies
2521 1911 2696 1968 adhuc
2722 1914 2773 1968 in
2799 1914 3183 1989 disceptatione
3207 1924 3409 1991 positus
3435 1936 3547 1981 tan-

1960 2002 2017 2050 ta
2044 1996 2210 2053 animi
2236 2001 2398 2055 vestri
2424 2004 2779 2073 propensione
2806 2006 3020 2077 fruitur,
3051 2012 3232 2083 utique
3257 2014 3304 2070 si
3329 2018 3506 2072 notior
3526 2059 3543 2082 ,

1956 2096 2115 2159 atque
2134 2090 2269 2146 adeo
2290 2094 2604 2151 manifestus
2625 2098 2832 2165 evadat,
2857 2100 2997 2157 haud
3020 2103 3179 2160 dubie
3199 2107 3356 2180 longe
3376 2126 3459 2165 ma
3461 2110 3545 2181 jo-

1955 2194 2070 2235 rem
2093 2181 2316 2253 hujusce
2332 2185 2493 2241 studii
2513 2188 2678 2244 vestri
2697 2189 2930 2248 fructum
2951 2197 3228 2267 percipiet,
3252 2203 3544 2272 perspicui-

1955 2280 2084 2339 tate,
2107 2290 2226 2345 quae
2246 2290 2313 2331 ex
2335 2277 2436 2334 hac
2454 2278 2678 2337 docendi
2697 2285 2905 2342 ratione
2924 2298 3190 2355 nascetur,
3217 2291 3353 2347 hanc
3371 2295 3538 2364 ipsam

1953 2364 2117 2420 animi
2145 2368 2306 2423 vestri
2333 2369 2667 2429 aﬂ'ectionem
2692 2375 2949 2446 majorem
2985 2379 3038 2434 in
3066 2381 3216 2437 vobis
3252 2384 3537 2442 efficiente.

2026 2454 2206 2511 Tribus
2247 2458 2755 2520 demonstrationibus
2785 2467 2963 2536 probat
3000 2486 3059 2525 eo
3098 2480 3320 2544 tempore
3362 2486 3539 2533 natum

1949 2564 2058 2604 esse
2085 2549 2359 2607 Christum.
2405 2552 2679 2627 Evangelii
2716 2560 3009 2630 prcedicatio
3042 2565 3226 2633 qualis.
3257 2596 3329 2607 -—
3358 2567 3541 2625 Habeo

1952 2655 2112 2704 porro
2141 2651 2248 2698 tres
2274 2644 2343 2699 ad
2369 2646 2699 2716 probandum
2726 2649 3215 2711 demonstrationes
3240 2698 3254 2722 ,
3287 2674 3383 2730 per
3406 2676 3540 2732 quas

1949 2737 2166 2792 omnino
2193 2738 2538 2809 intelligimus
2564 2741 2667 2798 hoc
2698 2744 2869 2814 ipsum
2896 2761 3017 2803 esse
3045 2758 3283 2819 tempus,
3313 2767 3419 2824 quo
3444 2755 3536 2811 Je-

1948 2841 2039 2882 sus
2059 2827 2303 2886 Christus
2324 2832 2581 2889 Dominus
2597 2845 2780 2891 noster
2795 2852 2859 2893 ac
2876 2837 3015 2893 Deus
3031 2838 3263 2897 Verbum
3287 2848 3338 2897 tn
3362 2845 3533 2902 lucem

1947 2926 2034 2973 est
2057 2919 2247 2975 editus.
2282 2922 2516 2989 Quarum
2558 2927 2675 2981 haec
2711 2928 2883 2997 prima
2920 2939 3018 2995 est,
3068 2932 3209 3001 quod
3263 2944 3407 2991 tanta
3446 2952 3539 2993 ce-

1944 3008 2151 3064 leritate
2177 3026 2575 3083 quaquaversus
2603 3015 2703 3070 hoc
2733 3018 2925 3073 festum
2950 3019 3319 3079 denuntiatum
3346 3025 3449 3093 sit,
3479 3037 3535 3082 et

1946 3098 2016 3154 ad
2048 3107 2253 3155 tantum
2283 3100 2548 3174 fastigium
2580 3110 2909 3174 excreverit,
2934 3111 3176 3184 adeoque
3203 3114 3527 3173 inclaruerit.

1947 3191 2015 3246 Et
2035 3192 2177 3262 quod
2204 3192 2463 3251 Gamaliel
2488 3196 2557 3253 de
2597 3198 2973 3266 praedicatione
2994 3204 3128 3261 dixit
3155 3223 3169 3259 :
3201 3207 3460 3275 Quoniam
3486 3214 3529 3267 si

1939 3291 2025 3338 est
2058 3298 2128 3339 ex
2155 3283 2498 3355 hominibus,
2543 3288 2897 3358 dissolvetur;
2942 3295 2988 3348 si
3014 3311 3146 3351 vero
3178 3312 3244 3352 ex
3274 3299 3385 3356 Deo
3408 3314 3524 3368 est,

1940 3388 2045 3430 non
2075 3379 2297 3446 potestis
2327 3379 2345 3411 ⁸
2370 3379 2663 3438 dissolvere
2692 3383 2821 3439 illud
2842 3426 2858 3452 ,
2888 3402 2955 3441 ne
2983 3387 3120 3444 forte
3147 3398 3202 3445 et
3230 3392 3338 3447 Deo
3367 3409 3531 3465 repu-

1938 3481 2105 3537 gnare
2134 3468 2476 3525 inveniamini
2508 3471 2641 3544 (Act.
2667 3474 2718 3529 ὅ.
2747 3475 2837 3531 38.
2863 3475 2954 3548 39)
2981 3496 2994 3533 :
3024 3478 3128 3535 hoc
3150 3490 3207 3536 et
3228 3497 3328 3553 ego
3356 3484 3530 3541 fiden-

1941 3568 2025 3614 ter
2048 3560 2116 3616 de
2138 3561 2228 3617 die
2251 3562 2353 3618 hoc
2373 3566 2825 3634 pronuntiaverim
2850 3589 2865 3627 :
2888 3571 3139 3640 quoniam
3162 3589 3227 3629 ex
3254 3576 3364 3632 Deo
3388 3578 3528 3635 Deus

1941 3648 2294 3715 Verbum.est
2325 3654 2527 3710 idcirco
2554 3671 2659 3712 non
2687 3659 2859 3714 solum
2888 3676 2993 3717 non
3023 3662 3338 3722 dissolutum
3363 3683 3485 3725 esse
3509 3689 3523 3725 :

1937 3743 2062 3812 quin
2101 3745 2277 3813 potius
2321 3762 2421 3818 per
2450 3765 2620 3805 annos
2652 3751 2891 3823 singulos
2931 3756 3102 3825 majus
3140 3757 3525 3818 incrementqu

1937 3849 2150 3891 sumere
2177 3837 2566 3909 clarioremque
2599 3842 2827 3899 evadere
2854 3861 2868 3897 :
2896 3847 3149 3915 quoniam
3178 3858 3233 3903 et
3262 3850 3352 3905 illa
3384 3867 3526 3923 prae-

1937 3927 2132 3983 dicatio
2150 3944 2440 3999 paucorum
2461 3946 2724 3989 annorum
2746 3937 2917 4004 spatio
2937 3939 3240 3996 universum
3263 3952 3524 4003 terrarum

1935 4020 2121 4076 orbem
2161 4022 2472 4091 occupavit;
2505 4039 2828 4096 quamquam
2870 4031 3219 4086 tentoriorum
3259 4035 3520 4105 Opifices,

1936 4111 2247 4179 piscatores,
2268 4112 2536 4169 literarum
2554 4117 2713 4172 rudes
2733 4126 2786 4173 et
2807 4119 3036 4191 imperiti
3059 4122 3300 4181 homines
3320 4142 3514 4197 essent,

1935 4203 2024 4272 qui
2067 4203 2211 4260 illam
2241 4220 2643 4276 quoquoversus
2666 4208 2965 4279 perferrent
2992 4229 3006 4267 :
3038 4229 3211 4284 neque
3238 4218 3521 4290 quidquam

1934 4293 2300 4351 ministrorum
2343 4297 2519 4354 vilitas
2565 4300 2785 4365 nocuit,
2836 4318 2956 4357 cum
3000 4307 3233 4374 potentia
3277 4309 3396 4378 ejus
3434 4318 3524 4379 qui

1935 4387 2352 4456 prmdicabatur.
2385 4390 2565 4446 omnia
2592 4394 2909 4465 anticiparet
2930 4437 2946 4463 ,
2981 4399 3358 4469 impedimenta
3393 4406 3519 4459 suh-

1935 4488 2195 4547 moveret,
2225 4495 2289 4536 ac
2312 4496 2461 4538 suam
2490 4483 2599 4538 vim
2627 4497 2917 4542 exsereret.

2002 4570 2059 4625 2.
2100 4572 2275 4627 Altera
2290 4572 2668 4631 demonstratio.
2692 4576 2777 4632 Es:
2793 4588 3013 4649 tempore
3031 4582 3382 4652 descriptionis
3395 4595 3521 4641 tem-

1943 4681 2041 4734 pus
2075 4666 2383 4719 Nativitatis
2419 4675 2584 4734 patet.
2609 4699 2675 4708 —
2700 4668 2856 4733 Quod
2885 4670 2931 4723 si
2961 4669 3082 4739 quis
3106 4670 3245 4726 forte
3269 4675 3518 4743 pervica-

1948 4757 2080 4824 cior,
2104 4757 2209 4811 illis
2238 4773 2359 4828 quae
2384 4757 2527 4813 dicta
2562 4767 2691 4813 sunt
2714 4775 2824 4814 non
2851 4761 3159 4831 acquiescat
3189 4781 3202 4817 :
3234 4772 3318 4820 est
3348 4766 3516 4822 altera

1943 4848 2350 4911 demonstratio,
2368 4865 2527 4919 quam
2545 4849 2853 4906 alferemus.
2872 4850 3002 4917 Quae
3019 4869 3148 4911 vero
3163 4855 3299 4910 ista?
3312 4854 3444 4924 Quae
3459 4860 3513 4912 in

1944 4934 2306 5004 descriptione
2327 4937 2436 5001 illa,
2458 4938 2614 5007 cujus
2628 4936 2915 5009 Evangelia
2937 4942 3271 5000 mentionem
3287 4944 3509 5012 faciunt,

1944 5024 2047 5079 sita
2063 5033 2163 5079 est.
2190 5024 2413 5080 Factum
2429 5038 2508 5081 est
2532 5029 2690 5095 enim,
2709 5029 2886 5100 inquit
2903 5034 3231 5104 evangelista
3257 5036 3405 5103 (Luc.
3430 5039 3507 5102 2).

1932 5118 2187 5187 tn‘diebus
2209 5119 2312 5173 illis
2333 5159 2350 5187 ,
2377 5127 2499 5175 exiit
2522 5125 2742 5175 edictum
2768 5139 2802 5176 α
2828 5126 3027 5179 Cazsare
3051 5131 3276 5196 Augusto
3294 5166 3312 5191 ,
3340 5136 3395 5179 ut
3431 5128 3512 5179 de-

1934 5211 2228 5267 scriberetur
2255 5213 2514 5269 universus
2537 5214 2689 5270 orbis.
2732 5214 2857 5271 Ηωσ
2894 5218 3166 5287 descriptio
3196 5218 3358 5288 prima
3383 5222 3524 5289 facta

1936 5310 2007 5357 est
2031 5302 2247 5373 preside
2281 5302 2450 5374 Syria:
2473 5304 2704 5369 Cyrenio.
2740 5305 2807 5360 Et
2830 5308 2969 5362 ibant
3005 5324 3208 5373 omnes,
3235 5319 3288 5360 ut
3314 5310 3512 5377 proﬁte-

1935 5402 2127 5460 rentur,
2152 5394 2340 5465 singuli
2362 5394 2413 5448 in
2435 5401 2685 5451 anitatem
2709 5413 2872 5451 suam.
2904 5398 3136 5453 Ascendit
3159 5408 3327 5453 autem
3349 5408 3396 5453 et
3418 5396 3517 5454 1ο-

1935 5488 2059 5559 seph
2083 5505 2115 5541 a
2141 5485 2357 5545 Galilca
2379 5490 2443 5543 ds
2466 5490 2664 5544 civitate
2692 5488 2950 5544 Nasaretlt
2975 5491 3029 5545 in
3054 5490 3293 5546 ludaatn
3317 5532 3333 5558 ,
3362 5492 3416 5546 in
3440 5495 3515 5547 ci-

1935 5580 2136 5635 vitatem
2174 5578 2340 5634 David
2361 5620 2376 5646 ,
2406 5595 2529 5650 qua:
2545 5591 2749 5635 vocatur
2775 5578 3065 5637 Betltleltetn
3084 5624 3099 5647 ,
3130 5596 3189 5638 eo
3227 5584 3362 5655 quod
3393 5598 3519 5639 esset

1931 5678 1999 5730 de
2033 5668 2183 5726 domo
2215 5681 2260 5725 et
2295 5670 2493 5741 familia
2536 5669 2698 5725 David
2723 5685 2743 5726 :
2766 5682 2821 5727 ut
2857 5674 3173 5744 proﬁteretur
3208 5691 3320 5730 eum
3354 5675 3519 5731 Maria

3099 5763 3177 5823 22
