3906 6224
389 373 696 433 desponsata
735 362 831 418 sibi
869 377 1025 416 uxore
1064 368 1372 431 pragnante.
1415 355 1632 411 Factum
1657 365 1727 411 est
1759 365 1927 411 autem
1952 399 1966 422 ,

387 474 502 516 cum
539 465 698 514 essent
732 455 803 510 ibi
827 497 841 522 ,
866 453 1056 525 impleti
1085 460 1202 506 sunt
1236 450 1343 505 dies
1368 459 1422 502 ut
1447 458 1686 520 pareret:
1708 456 1753 502 et
1781 449 1970 519 peperit

388 553 553 618 ﬁlium
579 565 728 607 suum
757 545 1139 619 primogenitum
1163 583 1179 609 ,
1204 551 1254 596 et
1293 543 1475 613 pannis
1514 557 1627 594 eum
1657 539 1858 594 inuoluit
1877 580 1892 606 ,
1923 548 1971 593 et

387 644 648 699 reclinavit
675 657 787 695 eum
823 639 877 693 in
917 636 1157 707 prasepio
1183 651 1202 688 :
1225 635 1344 705 quia
1373 650 1472 687 non
1508 643 1616 688 erat
1645 633 1714 687 eis
1753 634 1890 687 locus
1918 633 1973 686 in

389 735 683 790 diversorio.
711 734 789 787 Ex
814 731 895 785 his
917 730 1103 800 liquet,
1130 728 1317 797 prima:
1341 724 1712 795 descriptionis
1734 733 1973 795 tempore

392 837 574 883 natum
605 839 743 880 esse.
777 823 845 877 Et
870 822 953 876 cui
980 831 1187 875 veteres
1226 818 1567 873 historiarum
1605 816 1817 872 codices
1839 857 1855 882 ,
1883 816 1971 887 qui

393 918 576 975 Romae
601 915 808 985 publice
829 922 1200 975 asservantur,
1233 909 1472 965 lectitare
1501 910 1694 973 libeat,
1722 906 1975 977 perfacile

389 1010 548 1076 etiam
580 1017 785 1075 tempus
816 1005 966 1075 hujus
991 1004 1365 1073 descriptionis
1387 1010 1632 1057 accurate
1651 1001 1859 1056 discere
1883 1016 1974 1067 po-

332 1165 337 1169 ,
390 1104 537 1165 terit.
564 1102 831 1161 Ca-tcrum
858 1100 983 1167 quid
1010 1101 1113 1154 hoc
1135 1100 1199 1154 ad
1229 1113 1328 1153 nos
1352 1097 1494 1153 dicat
1519 1097 1728 1166 aliquis,
1752 1097 1843 1165 qui
1870 1096 1978 1150 illic

390 1178 575 1268 neque
592 1212 777 1253 sumus
803 1209 975 1264 neque
1015 1193 1209 1246 fuimus
1238 1190 1527 1260 ninquant?
1557 1192 1844 1255 Ausculta;
1877 1206 1976 1244 ne-

390 1302 496 1359 que
513 1286 742 1351 difﬁdas,
771 1289 897 1357 quia
916 1285 983 1340 ab
1004 1284 1107 1339 illis
1129 1284 1218 1354 qui
1237 1291 1479 1338 exactam
1506 1281 1662 1350 hujus
1690 1281 1764 1335 rei
1790 1280 1975 1350 cogni-

391 1380 601 1436 tiOnem
622 1377 816 1432 habent
846 1377 1039 1446 quique
1068 1375 1212 1429 illam
1253 1374 1437 1428 urbem
1472 1371 1805 1437 inhabitant,
1836 1372 1977 1426 hunc

391 1471 536 1529 diem
557 1468 858 1537 accepimus
883 1485 898 1522 :
919 1482 1039 1523 nam
1064 1465 1140 1519 illi
1166 1464 1286 1534 ipsi,
1310 1464 1401 1534 qui
1425 1462 1530 1518 illic
1555 1472 1975 1530 commorantur,

388 1561 559 1637 multo
577 1569 700 1617 ante
720 1567 775 1615 et
790 1574 854 1614 ex
877 1559 1093 1627 antiqua
1112 1554 1397 1610 traditione
1420 1554 1593 1624 ipsum
1616 1553 1975 1620 celebrantes,

391 1650 459 1707 ad
489 1665 588 1707 nos
613 1664 781 1720 usque
810 1648 950 1703 illius
979 1646 1220 1702 notitiam
1251 1659 1390 1700 nunc
1415 1644 1842 1700 transmiserunt.
1875 1642 1980 1699 Ne-

391 1757 498 1814 que
530 1742 676 1798 enim
715 1739 1042 1810 evangelista
1082 1737 1395 1809 simpliciter
1422 1737 1577 1793 nobis
1609 1736 1740 1792 illud
1766 1745 1979 1806 tempus

393 1835 678 1900 indicavit;
705 1832 798 1887 sed
828 1833 920 1895 ita,
952 1839 1010 1885 ut
1034 1830 1193 1885 etiam
1223 1844 1324 1882 una
1357 1828 1496 1883 hunc
1521 1826 1662 1883 diem
1684 1827 1841 1882 nobis
1866 1840 1980 1881 ma-

393 1926 645 1982 nifestum
665 1921 922 1984 redderet
947 1930 1003 1975 et
1030 1919 1362 1989 exploratum
1386 1958 1403 1984 ,
1433 1918 1632 1988 Deique
1659 1916 1982 1972 incarnatio-

393 2032 519 2071 nem
549 2016 890 2085 patefaceret.
925 2010 1108 2080 Neque
1133 2010 1275 2064 enim
1300 2016 1492 2078 suopte
1515 2008 1767 2077 impulsu,
1798 2018 1891 2062 aut
1911 2024 1980 2064 ex

393 2121 456 2167 se
482 2105 599 2176 ipso
627 2103 899 2173 Augustus
934 2101 1166 2157 edictum
1195 2101 1297 2155 hoc
1324 2099 1712 2170 promulgavit,
1744 2099 1838 2155 sed
1868 2098 1989 2156 Deo

393 2197 630 2251 animum
677 2195 841 2265 ipsius
884 2193 1218 2257 concitante,
1267 2200 1326 2245 ιιι
1363 2189 1449 2245 vel
1491 2190 1686 2246 invitus
1732 2191 1981 2246 adventui

395 2288 667 2361 Unigeniti
691 2286 1040 2359 subserviret.
1070 2289 1140 2339 At
1164 2283 1287 2353 quid
1317 2283 1451 2348 hoc,
1482 2284 1690 2353 inquis,
1718 2283 1784 2338 ad
1808 2283 1981 2338 incar-

393 2379 666 2434 nationem
696 2376 1080 2432 ostendendam
1105 2374 1357 2430 momenti
1380 2373 1573 2429 habet?
1596 2374 1710 2429 Non
1734 2390 1977 2445 parvum,

393 2471 607 2537 dilecte,
636 2485 809 2539 neque
836 2468 1005 2525 ubivis
1032 2467 1244 2522 obvium
1264 2507 1279 2533 ,
1310 2467 1404 2521 sed
1434 2481 1682 2537 magnum
1714 2467 1933 2522 omnino
1963 2483 1976 2519 :

394 2564 635 2632 adeoque
666 2576 828 2631 unum
853 2576 917 2615 ex
947 2560 1012 2614 iis
1038 2559 1138 2613 hoc
1161 2568 1274 2622 est,
1303 2574 1422 2629 qua:
1448 2559 1752 2621 necessario
1779 2573 1842 2614 ac
1860 2572 1983 2613 stu-

395 2648 548 2716 diose
575 2661 902 2723 quatruntur.
937 2649 1103 2719 Quale
1132 2648 1345 2704 tandem
1375 2649 1542 2704 illud?
1588 2648 1805 2705 Catilina
1833 2651 1981 2720 regio

395 2743 640 2814 quzedam
668 2741 1094 2806 estPalaastinar;
1121 2740 1383 2795 Nazareth
1403 2728 1581 2796 autem
1608 2742 1660 2796 in
1684 2757 1746 2795 ea
1767 2742 1976 2797 civitas.

396 2835 601 2891 ltursus
625 2833 811 2891 Judaza
837 2832 984 2904 regio
1009 2843 1110 2897 est,
1138 2832 1205 2886 ab
1230 2830 1492 2902 indigenis
1518 2831 1621 2887 hoc
1646 2834 1861 2889 nomine
1885 2850 1980 2890 vo-

395 2926 588 2993 citata;
620 2924 931 2980 Bethlehent
953 2939 1080 2979 vero
1104 2922 1313 2983 Judtete
1326 2923 1537 2978 civitas.
1565 2922 1831 2979 Christum
1858 2940 1981 2995 por-

395 3033 460 3075 ro
502 3032 691 3074 omnes
736 3015 1010 3087 prophette
1043 3015 1436 3086 praedixerant,
1464 3030 1571 3072 non
1601 3032 1632 3071 a
1674 3017 1933 3073 Nazareth
1962 3060 1979 3087 ,

396 3113 492 3169 sed
518 3129 548 3166 a
578 3112 894 3169 Bcthlehem
927 3119 1235 3175 venturum,
1268 3110 1480 3180 illicque
1501 3110 1851 3167 nasciturum.
1906 3112 1980 3167 lta

397 3204 541 3261 enim
584 3203 843 3273 scriptum
874 3212 955 3258 est
987 3220 1001 3261 :
1029 3199 1095 3254 Et
1124 3212 1178 3255 tu
1206 3199 1499 3256 Bethleltem
1527 3211 1662 3256 terra
1687 3202 1828 3255 Judu
1850 3243 1867 3268 ,
1895 3219 1983 3257 ne-

395 3313 645 3370 quaquam
669 3296 898 3350 minima
937 3313 989 3349 es
1024 3296 1078 3349 in
1112 3293 1422 3366 principibus
1453 3291 1616 3348 Iuda.
1660 3294 1747 3349 Ea:
1774 3305 1823 3349 te
1843 3298 1983 3351 enim

402 3391 534 3449 carie!
560 3388 684 3445 Dua:
711 3428 728 3454 ,
755 3389 840 3459 qui
863 3398 997 3457 reget
1025 3385 1270 3458 populum
1296 3400 1462 3439 meum
1488 3383 1655 3439 Israel
1683 3384 1891 3454 (Matth.
1923 3386 1978 3443 2.

399 3482 431 3534 6
474 3497 490 3545 ;
524 3480 682 3535 Mich.
712 3480 765 3535 5.
794 3476 890 3550 2.).
934 3478 1002 3531 Et
1041 3476 1212 3532 Judaei
1254 3475 1380 3530 olim
1419 3478 1487 3530 ab
1516 3476 1726 3531 Herode
1752 3475 1984 3530 interro-

398 3574 526 3641 gati,
556 3573 645 3628 ubi
676 3581 985 3625 nasceretur
1014 3568 1258 3624 Christus
1284 3607 1301 3632 ,
1330 3569 1433 3623 hoc
1459 3568 1630 3636 ipsum
1661 3570 1709 3623 ei
1738 3569 1980 3623 testimo-

400 3666 543 3716 nium
573 3661 886 3716 retulerunt.
934 3659 1081 3713 l‘lanc
1108 3660 1351 3713 eamdem
1380 3657 1457 3713 ob
1484 3673 1699 3712 causam
1732 3659 1982 3728 loquente

398 3750 722 3807 Nathanaele
747 3749 814 3805 ad
844 3746 1167 3818 Philippum,
1184 3757 1469 3819 postquam
1491 3749 1538 3802 ei
1562 3749 1778 3811 dicenti,
1803 3747 1984 3802 Jesttm

399 3862 430 3897 a
460 3840 1024 3896 Nazaretlt-invenimus
1048 3837 1223 3911 (Joan.
1258 3840 1309 3893 1.
1338 3839 1570 3909 45-47),
1600 3841 1979 3907 rcSpondisset,

403 3937 444 3989 Α
471 3932 734 3989 Nazareth
762 3941 924 4003 potest
952 3931 1145 4001 aliquid
1173 3931 1289 3984 boni
1326 3929 1476 3985 esse?
1502 3930 1746 3984 Christus
1772 3931 1837 3985 de
1867 3932 1984 3999 ipso

401 4026 517 4095 att_;
544 4022 677 4078 Ecce
702 4038 813 4077 vere
837 4020 1075 4077 Israelita
1101 4062 1116 4088 ,
1145 4021 1198 4074 in
1232 4037 1331 4093 quo
1370 4021 1517 4075 dolus
1544 4038 1645 4075 non
1682 4030 1774 4075 est.
1822 4019 1984 4091 Cujus

397 4127 574 4173 autem
608 4115 687 4172 rei
710 4115 879 4187 gratia
906 4116 1078 4185 ipsum
1110 4115 1181 4167 ita
1210 4114 1640 4169 commendavit?
1664 4112 1817 4181 Quod
1847 4130 1986 4169 nun-

399 4210 475 4266 tio
503 4210 593 4266 illo
627 4208 858 4278 Philippi
897 4221 1003 4262 non
1053 4206 1291 4277 protinus
1334 4204 1493 4260 fuerit
1532 4206 1784 4275 abreptus
1815 4223 1830 4257 :
1859 4220 1982 4260 nam

398 4299 685 4357 manifeste
707 4301 969 4368 planeque
988 4297 1212 4363 sciebat,
1238 4312 1411 4367 neque
1431 4297 1487 4352 in
1504 4295 1789 4364 Nazaretb,
1812 4312 1987 4368 neque

399 4395 455 4449 in
482 4393 701 4448 Galiitca
724 4390 993 4459 Christum
1019 4388 1167 4444 nasci
1195 4389 1417 4455 debere,
1443 4388 1537 4443 sed
1568 4387 1621 4441 in
1645 4386 1830 4442 Judaea
1854 4398 1908 4443 et
1931 4389 1985 4443 in

399 4484 712 4542 Bcthlehem
739 4500 751 4536 :
775 4482 917 4553 quod
942 4492 998 4538 et
1019 4483 1090 4551 ita
1111 4482 1307 4537 factum
1329 4479 1518 4534 fuerat.
1545 4477 1985 4549 Quandoquidem

399 4594 529 4649 ergo
555 4576 859 4646 Philippum
889 4574 943 4630 id
967 4574 1204 4641 latebat,
1232 4572 1527 4629 Nathanael
1563 4580 1741 4627 autem
1766 4587 1864 4643 pro
1888 4587 1986 4642 pe-

399 4670 521 4725 ritia
543 4684 706 4740 quam
732 4668 864 4739 legis
892 4667 1124 4724 habebat
1143 4706 1157 4731 ,
1184 4681 1305 4720 cum
1336 4666 1498 4719 sciret
1523 4680 1586 4720 ea
1611 4706 1627 4732 ,
1655 4681 1774 4735 qua:
1801 4681 1830 4717 a
1860 4679 1987 4734 pro-

402 4758 580 4832 phetis
607 4759 746 4816 diota
780 4769 982 4825 essent,
1013 4772 1330 4827 reSponsum
1359 4757 1607 4811 vaticinia
1636 4758 1883 4826 superius
1911 4757 1989 4811 al-

400 4851 510 4909 lato
546 4861 965 4907 consentaneum
1000 4849 1198 4914 dabat,
1227 4865 1257 4904 a
1285 4849 1549 4905 Nazareth
1581 4847 1850 4904 Christum
1880 4866 1988 4907 non

402 4956 685 5007 venturum
731 4965 744 5000 :
791 4957 1072 5020 propterea
1115 4948 1278 5003 etiam
1321 4948 1491 5018 inquit
1535 4948 1824 5004 Christus:
1861 4949 1990 5005 Ecce

400 5054 513 5094 vere
558 5038 796 5099 Israelita
821 5079 838 5104 ,
871 5039 927 5092 in
965 5055 1064 5110 quo
1104 5038 1251 5093 dolus
1296 5055 1396 5093 non
1438 5049 1529 5094 est.
1580 5039 1689 5094 llac
1731 5041 1891 5095 etiam
1921 5043 1990 5095 de

399 5146 561 5188 causa
580 5131 798 5202 quidam
812 5130 1116 5186 Iudaeorum
1128 5129 1417 5187 Nicodemo
1432 5131 1706 5187 dicebant:
1726 5133 1982 5199 Scrutare,

400 5234 449 5278 et
474 5224 587 5279 uide
613 5225 734 5294 quia
759 5239 786 5277 e
811 5221 1026 5278 Galilaea
1067 5225 1312 5294 prapheta
1339 5239 1439 5278 non
1453 5224 1712 5279 excitatur
1732 5223 1911 5292 (Joan.
1935 5225 1986 5278 7.

401 5315 515 5384 52).
547 5315 616 5372 Ει
643 5330 829 5375 rursus
858 5333 870 5370 :
907 5313 1095 5371 Nonne
1117 5332 1148 5367 α
1172 5313 1465 5370 Bethlehem
1504 5316 1715 5369 castello
1735 5355 1748 5380 ,
1774 5316 1857 5367 ubi
1881 5325 1988 5368 erat

403 5409 595 5474 Dauid,
621 5407 854 5467 Christus
879 5410 1009 5463 venit
1036 5406 1321 5480 (10111.42)
1343 5409 1366 5462 ?
1390 5411 1566 5477 Atque
1590 5408 1724 5460 adeo
1750 5421 1989 5461 commu—

404 5502 488 5555 nis
515 5500 755 5559 omnium
801 5501 1065 5559 sententia
1101 5508 1219 5557 erat
1240 5540 1255 5567 ,
1286 5500 1427 5554 haud
1455 5499 1621 5554 dubie
1654 5500 1801 5553 illinc
1823 5540 1840 5567 ,
1881 5515 1987 5554 non

403 5604 581 5648 autem
607 5608 641 5649 ιι
666 5593 884 5649 Galilrea
903 5632 922 5659 ,
955 5603 1243 5649 venturum
1263 5606 1404 5647 esse.

477 5685 591 5753 Qua
615 5686 879 5740 occasione
903 5684 1132 5742 Clu-istas
1156 5695 1306 5739 natus
1328 5687 1383 5741 in
1420 5680 1989 5753 Betltlehem.—-ltaque

1908 5920 1930 5946 δ

1118 242 1174 301 8.
1213 239 1489 301 JOANNIS
1524 240 1996 300 CllRYSOSTOMl
2036 242 2353 301 ARClllEP.
2394 239 2929 305 CONSTANTlNOP.

3556 248 3671 303 35$

2076 376 2198 416 cum
2244 359 2440 431 Joseph
2488 369 2543 417 et
2588 361 2772 430 Maria,
2821 363 2966 417 cives
3005 362 3426 429 Bethleltemltae,
3479 366 3674 420 relicta

2075 453 2242 522 patria
2272 453 2322 508 in
2355 452 2613 509 Nazareth
2643 455 2805 509 vitam
2853 468 3001 509 suam
3048 456 3417 520 instituissent.
3466 460 3679 514 etrillie

2075 555 2554 613 commorarentur,
2585 556 2641 601 ut
2682 546 2930 602 videlicet
2970 562 3114 617 saepe
3138 549 3317 603 multis
3364 548 3679 605 hominibus

2076 650 2175 689 usu
2205 636 2389 692 venire
2411 637 2569 703 solet,
2597 638 2686 707 qui
2716 652 2748 692 e
2774 638 3101 705 civitatibus,
3132 639 3270 694 unde
3296 650 3472 695 ortum
3502 641 3676 695 duxe-

2078 736 2217 791 rant,
2248 728 2594 797 emigrantes,
2622 727 2673 781 in
2709 728 2826 782 aliis
2859 729 2908 781 in
2938 729 3219 799 qttibusab
3244 729 3396 785 initio
3417 733 3527 786 nati
3555 749 3670 786 non

2078 815 2306 883 fuerant,
2330 830 2754 883 commercatur;
2787 828 3169 891 oporteretque
3188 820 3458 877 Christum
3479 825 3530 877 in
3561 823 3673 879 Be-

2081 909 2314 966 thleltetn
2347 912 2493 965 nasci
2518 928 2531 964 :
2555 911 2684 966 exiit
2712 913 2968 976 edictum,
3000 913 3166 982 quod,
3186 914 3296 969 Deo
3323 917 3393 970 ita
3420 925 3678 971 statuen—

2081 1009 2153 1066 te,
2183 1003 2343 1055 etium
2375 1003 2568 1058 invitos
2598 1003 2739 1058 illam
2789 1005 2843 1060 in
2873 1004 3054 1060 urbem
3085 1009 3358 1077 compulit.
3389 1007 3500 1064 Lex
3524 1008 3681 1064 enim

2079 1110 2197 1162 qua:
2218 1093 2439 1163 jubebat
2465 1110 2897 1166 unumquemque
2924 1096 2975 1151 in
2997 1099 3162 1166 patria
3193 1113 3287 1151 sua
3319 1114 3513 1154 nomen
3545 1116 3681 1170 ιιι-ί)⁴

2082 1185 2239 1253 litori,
2261 1187 2436 1256 adegit
2465 1202 2560 1242 eos
2589 1202 2619 1240 a
2649 1187 2908 1242 Nazareth
2935 1189 3122 1258 pedetn
3146 1189 3337 1246 efferre
3352 1200 3408 1247 et
3433 1194 3485 1246 in
3504 1192 3681 1248 Beth-

2082 1278 2255 1333 lehem
2307 1280 2484 1335 redire
2509 1280 2574 1335 ad
2614 1296 2809 1337 nomen
2867 1282 2975 1338 illic
3027 1298 3181 1338 suum
3232 1285 3679 1342 describendum.

2083 1371 2194 1428 Hoc
2221 1389 2348 1443 ergo
2390 1373 2732 1431 subindicans
2768 1377 3096 1446 evangelista
3132 1379 3205 1431 ait
3234 1395 3248 1431 :
3276 1378 3520 1432 Ascendit
3554 1396 3683 1451 ergo

2079 1465 2272 1535 Joscph
2315 1485 2346 1521 α
2386 1466 2600 1523 Gali/tea
2635 1485 2697 1523 es
2727 1470 2925 1525 ciuitate
2962 1469 3222 1526 Nazareth
3248 1472 3301 1525 in
3328 1469 3595 1537 Iudaeam,
3628 1473 3687 1527 in

2080 1560 2330 1615 civitatem
2367 1561 2554 1628 David,
2589 1579 2702 1635 quae
2728 1573 2929 1617 vocatur
2955 1562 3267 1631 Bethleltem,
3289 1580 3347 1618 eo
3374 1565 3513 1636 quod
3545 1574 3686 1621 esset

2081 1651 2145 1711 de
2171 1652 2402 1708 domoet
2444 1653 2642 1723 familia
2669 1652 2839 1710 David
2869 1671 2889 1710 :
2916 1665 2970 1709 ut
3013 1657 3330 1726 proﬁteretur
3357 1673 3477 1711 cum
3506 1657 3690 1712 Maria

2083 1745 2390 1814 desponsata
2412 1748 2508 1801 sibi
2528 1764 2685 1803 uxore
2700 1758 3010 1820 praegnante.
3032 1748 3249 1804 Factum
3268 1761 3338 1806 est
3353 1760 3544 1818 autem,
3561 1768 3691 1806 cum

2080 1848 2241 1894 essent
2265 1840 2354 1906 ibi,
2378 1841 2574 1912 impleti
2596 1853 2712 1896 sunt
2738 1844 2863 1910 dies,
2886 1855 2941 1898 ut
2962 1855 3175 1914 pareret,
3222 1856 3270 1900 et
3292 1848 3488 1918 peperit
3510 1848 3688 1918 [ilin

2083 1947 2232 1985 suum
2261 1933 2650 2005 primogenitum
2675 1932 2825 2004 (Luc.
2854 1934 2910 1988 2.
2935 1935 3081 2009 4-7).

2153 2025 2208 2080 5.
2241 2024 2463 2093 Vidisti,
2492 2026 2708 2093 dilecte,
2737 2017 3104 2097 providentem
3130 2029 3223 2085 Del
3259 2030 3689 2087 administratio~

2083 2130 2227 2179 nem.
2259 2110 2354 2185 per
2399 2117 2641 2173 infideles
2678 2127 2840 2190 atque
2868 2120 3052 2175 fideles
3076 2136 3141 2177 ea
3169 2137 3287 2192 qure
3327 2121 3396 2177 ad
3424 2138 3487 2178 se
3516 2124 3689 2195 perti-

2083 2216 2213 2262 nent
2238 2207 2597 2277 dispensantis
2628 2226 2643 2264 :
2676 2224 2868 2280 nempe
2895 2220 2954 2265 ut
2973 2212 3080 2266 vim
3110 2213 3509 2283 potentiamque
3537 2216 3687 2284 ejus,

2083 2299 2232 2368 quia
2262 2314 2392 2354 vero
2437 2299 2604 2368 ipsius
2641 2302 2783 2355 cultu
2831 2302 2991 2356 alieni
3045 2313 3189 2368 sunt,
3242 2315 3559 2374 agnoscant.
3614 2306 3686 2361 Et

2084 2390 2235 2444 stella
2259 2389 2474 2460 quidem
2505 2406 2686 2461 magos
2723 2392 2792 2447 ab
2818 2392 3035 2469 Oriente
3079 2396 3323 2464 perduxit
3365 2396 3599 2468 (Matth.
3624 2399 3684 2454 2.

2086 2482 2139 2536 l.
2172 2492 2218 2535 et
2245 2482 2301 2555 2)
2327 2499 2343 2549 ;
2369 2493 2424 2538 at
2450 2484 2536 2539 lex
2566 2484 2784 2543 Mariam
2817 2486 2866 2540 in
2902 2487 3128 2556 patriam
3156 2503 3188 2542 a
3215 2488 3493 2558 prophetis
3541 2507 3687 2562 prte-

2083 2572 2277 2631 dictam
2335 2574 2510 2629 traxit.
2557 2575 2691 2631 Hinc
2729 2576 2882 2632 nobis
2944 2577 3218 2634 evidenter
3262 2592 3473 2635 constat
3521 2584 3690 2639 etiam

2083 2660 2356 2731 Virginem
2381 2663 2548 2733 ipsam
2575 2680 2640 2719 ex
2670 2682 2865 2735 genere
2895 2666 3144 2723 Davidico
3170 2668 3349 2724 fuisse.
3386 2671 3521 2725 Nam
3552 2673 3598 2727 si
3617 2688 3688 2728 ex

2085 2751 2394 2809 Bethlehem
2422 2765 2595 2809 ortum
2622 2755 2791 2822 duxit,
2827 2760 3168 2814 manifestum
3198 2770 3309 2826 est,
3339 2762 3484 2832 quod
3515 2765 3680 2819 etiam

2083 2857 2155 2897 ex
2182 2843 2344 2898 domo
2366 2853 2421 2899 et
2445 2844 2641 2899 familia
2674 2847 2836 2902 David
2875 2847 3055 2904 fuerit.
3087 2849 3239 2916 Quod
3270 2852 3393 2907 item
3426 2857 3682 2924 superius

2084 2934 2367 2991 manifeste
2395 2937 2577 2991 docuit
2604 2940 2947 3009 evangelista,
2989 2958 3108 2996 cum
3134 2942 3288 3009 dixit,
3319 2944 3560 2999 Ascendit
3586 2965 3689 3001 au-

2084 3037 2182 3081 tem
2208 3037 2256 3081 et
2283 3026 2477 3099 Ioseph
2503 3046 2568 3084 ex
2597 3028 2811 3085 Gnliltea
2840 3049 2953 3087 cum
2984 3032 3178 3102 Maria,
3206 3052 3263 3089 eo
3287 3038 3424 3104 quod
3465 3049 3597 3093 esset
3627 3056 3691 3094 ea:

2084 3117 2234 3174 domo
2271 3130 2317 3174 et
2354 3122 2554 3193 familia
2595 3121 2761 3176 David
2794 3122 2943 3195 (Luc.
2971 3125 3025 3179 2.
3053 3127 3130 3197 4).
3175 3126 3307 3181 Nam
3334 3142 3457 3183 cum
3488 3131 3691 3186 seriem

2084 3212 2264 3280 Stirpis
2316 3211 2515 3292 Joseph
2558 3217 2949 3284 recensuisset,
2998 3218 3157 3288 hujus
3210 3231 3390 3275 autem
3445 3221 3691 3292 majores

2083 3318 2243 3358 nemo
2287 3314 2344 3358 ut
2389 3290 2529 3360 illius
2575 3317 2986 3376 enumerasset,
3033 3325 3102 3366 ne
3149 3310 3272 3365 hinc
3309 3312 3403 3366 tibi
3458 3290 3683 3368 dubita-

2086 3402 2160 3448 tto
2189 3396 2438 3461 oriretur,
2487 3413 2551 3452 ac
2588 3397 2814 3464 diceres,
2863 3398 3002 3455 unde
3042 3416 3172 3470 ergo
3212 3400 3493 3458 manifeste
3538 3412 3689 3472 patet

2085 3488 2246 3542 etiam
2274 3489 2440 3561 ipsum
2463 3502 2493 3541 e
2522 3488 2684 3542 David
2714 3500 2886 3543 ortam
2909 3490 2931 3546 ?
2953 3491 3162 3548 audies.
3189 3488 3257 3544 In
3278 3509 3466 3557 mense,
3492 3495 3688 3564 inquit,

2085 3592 2226 3635 sexto
2271 3583 2452 3635 missus
2497 3593 2570 3636 est
2616 3586 2824 3654 angelus
2868 3583 3075 3639 Gabriel
3116 3603 3148 3637 α
3179 3584 3285 3639 Deo
3328 3587 3380 3639 in
3423 3587 3683 3641 civitatem

2087 3671 2340 3740 Galilei-ar,
2378 3675 2461 3729 cui
2504 3693 2683 3730 nomen
2714 3676 2997 3743 Nazareth,
3030 3679 3098 3731 ad
3125 3679 3368 3750 virginem
3405 3682 3686 3748 desponsa-

2085 3776 2188 3821 tam
2232 3770 2358 3834 uiro,
2410 3769 2491 3821 cui
2536 3786 2716 3823 nomen
2769 3782 2872 3823 erat
2923 3769 3133 3840 Ioseph,
3202 3772 3265 3824 de
3315 3771 3464 3825 domo
3515 3772 3685 3826 Dauid

2087 3860 2261 3930 (Luc.
2312 3863 2363 3914 t.
2412 3862 2501 3916 26.
2548 3861 2614 3914 Ξῖ
2645 3867 2684 3933 ).
2739 3864 2869 3928 Quae
2920 3862 3110 3925 verba,
3164 3863 3227 3916 de
3272 3863 3423 3917 domo
3478 3863 3683 3928 David,

2086 3951 2392 4022 accipienda
2423 3962 2547 4007 sunt
2592 3962 2858 4023 tamquam
2885 3952 2954 4008 de
2996 3954 3207 4023 Virgine
3245 3955 3407 4019 dicta,
3455 3956 3597 4024 quod
3626 3964 3680 4009 et

2090 4043 2177 4100 hic
2204 4045 2485 4102 manifeste
2513 4046 2798 4100 indicatum
2829 4056 2930 4100 est.
2965 4051 3138 4116 Atque
3167 4045 3266 4100 hac
3291 4047 3358 4100 de
3386 4062 3543 4101 causa
3567 4047 3685 4100 edi-

2090 4147 2234 4192 ctum
2264 4146 2321 4192 et
2346 4137 2432 4192 lex
2461 4137 2550 4192 illa
2583 4139 2911 4208 promulgata
2942 4135 3060 4203 fuit,
3106 4154 3224 4208 qua:
3248 4152 3343 4193 eos
3371 4137 3424 4191 in
3467 4138 3685 4193 Bethle-

2089 4224 2213 4282 hem
2257 4227 2518 4283 duceret:
2546 4228 2706 4282 simul
2737 4240 2899 4300 atque
2938 4229 3082 4284 enim
3108 4228 3159 4283 in
3190 4228 3456 4283 civitatem
3497 4244 3677 4284 ascen-

2089 4317 2318 4383 dissent,
2349 4319 2629 4376 confestim
2670 4321 2829 4375 etiam
2873 4319 3030 4377 Jesus
3058 4321 3295 4377 nascitur
3324 4337 3339 4375 :
3369 4336 3433 4376 ac
3464 4321 3689 4391 proinde

2090 4413 2251 4468 etiam
2282 4412 2337 4466 in
2388 4412 2614 4483 praisepi
2643 4412 2931 4468 reclinatur
2955 4429 2970 4480 ;
2998 4412 3141 4483 quod
3183 4413 3415 4483 undique
3443 4413 3596 4468 multi
3623 4427 3691 4467 eo

2092 4504 2513 4572 concurrissent,
2564 4515 2619 4561 et
2660 4505 2776 4560 loca
2821 4506 3306 4576 prmoccupass'ent,
3357 4519 3686 4575 magnasque

2091 4596 2390 4652 divertendi
2433 4596 2702 4669 angustias
2749 4596 3092 4652 effecissent:
3120 4612 3227 4667 quo
3268 4596 3321 4650 in
3366 4597 3486 4651 loco
3525 4598 3687 4651 etiam

2095 4691 2236 4759 magi
2267 4690 2416 4745 illum
2453 4691 2832 4745 adoraverunt.
2864 4688 2931 4745 Ut
2956 4700 3135 4744 autem
3166 4688 3410 4759 (hujusce
3437 4688 3565 4758 diei)
3604 4688 3689 4741 di-

2094 4779 2406 4834 lucidiorem
2432 4779 2608 4833 adhuc
2630 4779 3139 4833 demonstrationem
3169 4777 3471 4842 exhibeam,
3498 4779 3690 4832 vestris

2099 4886 2310 4925 mecum
2335 4870 2606 4939 adsurgite
2634 4870 2826 4924 animis
2850 4885 2864 4935 ;
2896 4885 3017 4923 nam
3046 4869 3338 4939 longiorem
3364 4884 3545 4923 rerum
3574 4885 3688 4923 me-

2094 4964 2320 5016 moriam
2366 4962 2600 5015 excitare
2629 4970 2683 5014 et
2730 4961 2931 5030 j‘iriscas
2975 4962 3115 5030 leges
3159 4960 3382 5015 recitare
3422 4961 3602 5023 statui,
3634 4968 3686 5013 ιιι

2094 5072 2158 5111 ex
2187 5056 2330 5110 omni
2365 5064 2514 5124 parte
2557 5055 2706 5109 vobis
2743 5056 3038 5108 orationem
3083 5041 3321 5108 nostram
3362 5053 3688 5107 manifestio-

2095 5163 2207 5201 retn
2236 5146 2476 5201 reddam.

2164 5242 2274 5297 Lex
2300 5243 2600 5297 Judazorum
2622 5243 2853 5313 quantum
2873 5243 3178 5310 antiqua.—
3198 5240 3305 5296 Lex
3329 5250 3441 5294 erat
3467 5240 3684 5307 Jndmis,

2094 5350 2263 5405 caque
2309 5339 2622 5405 perantiqua
2653 5351 2665 5386 :
2698 5335 2791 5388 sed
2823 5349 2939 5403 age,
2972 5344 3147 5403 ponus
3187 5334 3347 5402 paulo
3387 5331 3547 5385 altius
3574 5347 3682 5384 ser-

2098 5442 2308 5481 monem
2339 5440 2659 5496 repetamus.
2686 5428 2803 5492 Quo
2828 5438 3066 5494 tempore
3086 5426 3151 5479 ab
3169 5424 3498 5497 rEgyptiacis
3522 5425 3686 5477 turbis

2095 5527 2150 5571 et
2175 5519 2395 5573 barbara
2424 5520 2717 5573 Pharaonis
2748 5517 3024 5588 tyrannide
3055 5516 3400 5570 llebr.corum
3434 5516 3681 5584 populum

2097 5609 2239 5665 Deus
2284 5611 2564 5676 liberavit;
2597 5609 2781 5666 videns
2808 5609 2952 5678 ipsos
2992 5608 3277 5677 impietatis
3302 5606 3479 5661 adhuc
3504 5619 3683 5660 secum

2098 5701 2348 5772 reliquias
2372 5705 2599 5774 habere,
2636 5705 2901 5773 rebusque
2940 5698 3189 5756 omnibus
3214 5699 3315 5755 sub
3356 5713 3574 5755 sensum
3598 5713 3684 5752 ca-
