3862 6232
308 82 430 141 355

299 201 461 264 κύῳ.
481 196 741 269 Ἐγένετο
763 197 833 252 δέ
852 199 921 253 έν
937 196 1016 264 τῷ
1028 195 1180 253 εἶναι
1200 198 1420 265 αὐτοὺς
1431 198 1573 264 ἐκεῖ,
1589 198 1702 252 ὲπλ
1710 196 1897 265 ἠσθη-

300 299 442 338 σαν
459 284 519 337 αἰ
539 280 749 352 ἡμέραι
767 282 873 336 τοῦ
890 282 1086 337 τεκεῖν
1098 282 1293 351 αὑτήν
1307 299 1321 315 ο
1334 283 1431 337 καί
1451 283 1618 336 ἔτεκε
1640 280 1745 335 τόν
1766 279 1901 334 υἱόν

302 362 509 433 αὐτῆς
528 362 636 418 τὸν
656 366 1052 432 πρωτότοκον,
1081 365 1179 420 καὶ
1195 364 1668 434 ἐσπαργάνωσεν
1691 363 1896 425 αὐτόν,

309 450 419 503 καὶ
450 446 772 503 ἀνέκλινεν
795 447 984 502 αὐτόν
1023 448 1093 502 έν
1140 447 1215 517 τῇ
1252 448 1470 518 φάτνῃ,
1497 447 1647 503 διότι
1680 448 1792 501 οὐκ
1821 440 1902 514 ἦν

307 530 525 598 αὐτοῖς
556 532 739 596 τόπος
777 530 848 584 ἐν
879 529 960 597 τῷ
997 532 1385 601 καταλύματι.
1428 530 1591 584 Ὅθεν
1613 528 1793 600 δῆλον,
1818 529 1901 581 ὅτι

314 615 467 671 κατά
504 615 603 686 τὴν
636 614 861 688 πρώτην
893 614 1220 687 ἀπογραφὴν
1252 614 1479 686 ἐτέχθη.
1514 615 1626 669 Καὶ
1652 616 1765 678 τοῖς
1798 614 1901 685 ἀρ-

314 699 671 772 χαίοιςιτοῖς
707 699 940 771 δημοσίᾳ
972 700 1244 769 κειμένοις
1270 697 1487 764 κώδιξιν
1509 699 1601 752 ἐπὶ
1632 698 1733 769 τῆς
1771 694 1903 751 Ῥώ-

320 800 436 854 μης
459 781 672 846 ἔξεστιν
694 783 984 853 ἐντυχόντα
1006 783 1102 836 καὶ
1126 783 1219 836 τὸν
1247 783 1435 854 καιρὸν
1457 782 1555 853 τῆς
1576 780 1904 852 ἀπογραφῆς

320 866 585 939 μαθόντα,
615 866 858 938 ἀκριϐῶς
911 866 1109 921 εἰδέναι
1159 866 1251 920 τδν
1292 866 1635 937 βουλόμενον.
1686 864 1752 918 Τί
1809 859 1904 919 οὖν

316 950 463 1021 πρὸς
493 951 660 1021 ἡμᾶς,
686 950 838 1021 φησὶ,
862 950 1020 1003 τοῦτο
1051 950 1178 1014 τοὺς
1201 950 1300 1003 οὐκ
1328 951 1488 1013 ὄντας
1518 950 1634 1002 ἐκεῖ
1652 946 1777 1001 οὔτε
1801 965 1905 1002 πα-

318 1035 754 1107 ραγενομένους;
802 1034 943 1087 Ἀλλ’
970 1033 1157 1097 ἄκουε,
1189 1033 1284 1087 καί
1316 1033 1390 1104 μὴ
1409 1033 1650 1097 ἀπίστει,
1685 1033 1767 1086 ὅτι
1799 1049 1907 1085 πα-

319 1120 398 1192 ρὰ
426 1118 534 1173 τῶν
572 1118 819 1189 ἀκριϐῶς
847 1117 1022 1172 ταῦτα
1061 1118 1297 1177 εἰδότων.
1324 1118 1420 1171 καὶ
1452 1116 1550 1189 τὴν
1577 1117 1733 1171 πόλιν
1767 1115 1908 1169 ἐκεί-

317 1221 424 1275 νην
446 1203 739 1257 οἰκούντων
765 1201 1179 1273 παρειλήφαμεν
1195 1200 1293 1272 τὴν
1321 1202 1552 1272 ἡμέραν.
1574 1201 1636 1254 Ol
1660 1200 1769 1272 γάρ
1793 1203 1910 1253 ἐκεῖ

314 1286 715 1357 διατρίϐοντες,
767 1285 974 1340 ἄνωθεν
1026 1285 1120 1338 καί
1153 1287 1218 1339 ἐκ
1266 1284 1506 1347 παλαιᾶς
1557 1283 1909 1355 παραδόσεως

318 1372 496 1443 αὐτὴν
521 1370 913 1434 ἐπιτελοῦντες,
940 1370 1093 1423 αὐτοὶ
1118 1368 1214 1422 νῦν
1239 1370 1406 1440 αὐτῆς
1431 1371 1564 1439 ἡμῖν
1586 1368 1681 1440 τὴν
1708 1367 1909 1439 γνῶσιν

316 1454 717 1524 διεπέμψαντο.
771 1452 904 1506 Οὑδέ
954 1451 1063 1522 γὰρ
1091 1454 1118 1505 6
1157 1451 1548 1523 εὐαγγελιστὴς
1588 1450 1774 1514 ἁπλῶς
1817 1450 1909 1504 τὸν

320 1538 519 1609 καιρὸν
552 1538 935 1608 ἐπεσημήνατο
960 1534 1169 1600 τοῦτον,
1199 1534 1313 1589 ἀλλ’
1344 1534 1484 1587 ὥστε
1506 1535 1600 1588 καὶ
1641 1535 1739 1605 τὴν
1769 1533 1909 1604 ἡμέ-

322 1637 435 1690 ραν
467 1623 600 1692 ἡμῖν
629 1619 794 1690 δήλην
827 1620 1050 1690 ποιῆσαι
1081 1618 1175 1675 καὶ
1203 1617 1500 1690 γνώριμον,
1534 1618 1629 1672 καὶ
1657 1616 1750 1670 τοῦ
1772 1616 1908 1670 Θεοῦ

320 1704 428 1776 τὴν
473 1704 786 1775 οἰκονομίαν
835 1701 1191 1768 ἐνδείξασθαι.
1223 1702 1298 1754 Οὐ
1354 1701 1464 1772 γάρ
1521 1699 1752 1762 οἴκοθεν,
1789 1700 1910 1753 οὐδὲ

323 1787 465 1858 παρ’
502 1786 698 1840 ἑαυτοῦ
728 1788 851 1840 τότε
894 1786 923 1838 ό
962 1785 1274 1853 Αὔγουστος
1311 1784 1373 1838 16
1412 1785 1590 1855 δόγμα
1633 1783 1792 1837 τοῦτο
1824 1782 1912 1848 ἐξ·

325 1870 601 1941 ἐπεμψεν.
634 1868 773 1923 ἀλλά
806 1869 899 1922 τοῦ
928 1868 1064 1922 Θεοῦ
1094 1868 1368 1931 κινοῦντος
1400 1868 1565 1921 αὐτοῦ
1593 1866 1691 1938 τὴν
1710 1865 1912 1937 ψυχὴν,

325 1953 420 2007 ἵνα
442 1953 538 2006 καὶ
577 1954 727 2007 ἄκων
756 1952 1169 2022 ὑπηρετήσηται
1199 1952 1265 2020 τῇ
1301 1950 1396 2003 τοῦ
1428 1948 1768 2019 Μονογενοῢς
1782 1969 1922 2023 παρ-

329 2038 510 2110 ουσίᾳ.
571 2037 683 2092 Kal
739 2034 793 2089 τί
819 2035 980 2089 τοῦτο
1017 2034 1259 2087 συντελεῖ
1293 2033 1431 2105 πρὸς
1471 2032 1570 2103 τὴν
1604 2031 1916 2102 οἰκονομίαν

329 2116 557 2191 ταύτην,
590 2116 788 2189 φησῐνς
828 2119 904 2172 οὐ
946 2118 1162 2189 μικρὸν,
1190 2115 1392 2170 οὐδὲτὸ
1422 2116 1607 2186 τυχὸν,
1641 2113 1915 2186 ἀγαπητὴ

327 2200 581 2256 ἀλλὰκαὶ
610 2200 834 2272 σφόδρα.
842 2200 1004 2271 μέγα,
1034 2199 1256 2255 καὶτῶν
1282 2200 1596 2268 ἀναγκαίων
1628 2198 1722 2252 καὶ
1754 2215 1918 2252 σπου-

328 2278 648 2357 δαζομένών
677 2285 736 2338 ἐν
757 2285 807 2338 δ.
840 2285 1001 2338 Ποῖον
1034 2283 1100 2356 δὴ
1128 2282 1313 2351 τοῦτο;
1359 2283 1426 2336 Ἦ
1462 2281 1721 2335 Γαλιλαία
1762 2280 1919 2354 χώρα

328 2368 419 2431 τίς
467 2371 616 2421 ἐστιν
656 2368 714 2420 ἐν
759 2367 1113 2438 Παλαιστίνη,
1152 2369 1186 2438 ἡ
1226 2366 1283 2421 δέ
1319 2363 1576 2437 Ναζαρὲθ
1624 2365 1782 2428 πόλις
1815 2365 1920 2435 τῆς

333 2451 649 2516 Γαλιλαίας.
700 2452 869 2505 Πάλιν
919 2450 1071 2525 [557]
1113 2452 1146 2522 ἡ
1190 2450 1421 2505 Ἰουδαία
1462 2448 1615 2522 χώρα
1649 2450 1735 2514 τίς
1775 2452 1916 2515 ἐστι,

332 2535 489 2607 παρὰ
511 2536 620 2588 τῶν
652 2535 935 2607 ἐγχωρίων
972 2533 1116 2588 οὕτω
1153 2534 1483 2605 καλουμένη,
1523 2536 1559 2606 ἡ
1587 2533 1645 2588 δὲ
1674 2532 1921 2607 Βηθλεὲμ

333 2618 496 2684 πόλις
515 2619 616 2689 τῆς
636 2619 913 2681 Ἰουδαίας.
929 2618 1032 2672 Τὸν
1047 2617 1103 2672 δὲ
1127 2618 1363 2690 Χριστὸν
1390 2619 1440 2671 οἱ
1462 2617 1736 2688 προφῆται
1752 2614 1922 2687 πρού-

333 2704 494 2774 λεγον
513 2703 773 2768 ἅπαντες,
800 2701 1025 2756 οὐκ-ἀπὸ
1039 2703 1134 2773 τῆς
1148 2699 1417 2773 Ναζαρὲθ,
1432 2698 1546 2752 ἀλλ’
1560 2699 1669 2754 ἀπὸ
1678 2699 1779 2772 τῆς
1791 2698 1931 2769 Βηθ-

333 2784 423 2839 λεέ
431 2806 471 2859 μ
507 2789 679 2859 ἥξειν,
736 2787 829 2841 καὶ
856 2788 973 2839 ἐκεῖ
995 2786 1371 2856 τεχθήσεσθαί,
1404 2784 1560 2840 Οὕτω
1582 2786 1693 2857 γάρ
1716 2787 1921 2856 γέγρα-

336 2885 486 2922 πται·
516 2868 627 2922 Καὶ
655 2868 737 2923 σὺ
760 2868 1051 2937 Βηθλεὲμ,
1082 2868 1157 2938 γῆ
1195 2867 1401 2935 Ἰούδα,
1429 2868 1703 2938 οὐδαμῶς
1718 2869 1923 2937 ἐλαχι-

332 2969 453 3021 στη
469 2948 608 3006 εἶέν
626 2953 750 3020 τοῖς
767 2953 1060 3023 ἡγεμόσιν
1087 2952 1274 3007 Ἰούδα
1290 2969 1306 2986 ο
1319 2953 1388 3006 ἐκ
1410 2953 1528 3006 σοῦ
1552 2954 1663 3022 τὰρ
1681 2951 1923 3016 ἐξελεύ-

335 3052 512 3092 σεται
546 3037 903 3106 ἡγούμενος,
941 3035 1111 3102 ὅστις
1155 3037 1434 3105 ποιμανεῖ
1469 3035 1577 3089 τὸν
1616 3037 1770 3090 λαόν
1801 3053 1920 3106 μου

336 3118 451 3174 τὸν
478 3119 864 3188 Ἰσραήλ.Καί
885 3121 934 3173 οἰ
967 3118 1208 3173 Ἰουδαῖοι
1233 3119 1281 3171 οἱ
1299 3119 1420 3171 τότε
1450 3118 1598 3190 παρὰ
1625 3118 1719 3172 τοῦ
1749 3118 1923 3187 Ἠρώ-

335 3202 431 3256 δου
478 3202 841 3275 ἐρωτώμενοι,
902 3200 1006 3255 ποῦ
1051 3204 1079 3255 6
1126 3201 1361 3272 Χριστὸς
1405 3204 1684 3270 γεννᾶται,
1721 3202 1924 3274 ταύτην

336 3282 496 3340 εἶπεν
534 3286 685 3357 αύτῷ
714 3287 815 3356 τὴν
852 3287 1182 3357 μαρτυρίαν.
1232 3285 1330 3338 Διά
1369 3285 1526 3338 τοῦτο
1558 3286 1652 3339 καὶ
1682 3285 1774 3339 τοῦ
1804 3287 1923 3340 Να-

339 3368 547 3441 θαναὴλ
582 3371 827 3433 εἰπόντος
867 3370 1004 3441 πρὸς
1041 3371 1131 3423 τδν
1160 3371 1446 3434 Φίλιππον,
1484 3370 1670 3442 ἐπειδὴ
1716 3371 1924 3436 ἐκεῖνος

337 3454 546 3522 ἔλεγεν,
580 3453 817 3522 Ἰησοῦν
836 3453 945 3506 τόν
968 3453 1087 3507 ἀπὸ
1115 3451 1412 3522 Ναζαρὲθε
1441 3453 1800 3524 εὑρήκαμεν,
1828 3455 1923 3508 Ἐκ

338 3534 605 3604 Ναζαρὲθ
633 3535 890 3590 δύναταί
922 3553 975 3590 τι
1000 3535 1226 3605 ἀγαθὸν
1246 3532 1398 3591 εἷναι
1419 3554 1440 3603 ;
1469 3538 1498 3589 6
1524 3536 1761 3608 Χριστός
1796 3540 1924 3608 περὶ

338 3619 510 3674 αὐτοῦ
528 3636 692 3691 φησιν
709 3638 723 3651 ⁸
758 3619 871 3674 Ἴδε
898 3619 1138 3688 ἀληθῶς
1168 3620 1541 3689 Ἰσραηλίτης
1562 3620 1633 3674 ἐν
1662 3614 1711 3687 ᾧ
1742 3619 1925 3687 δόλος

337 3703 457 3757 οὐκ
486 3703 639 3760 ἔστι.
666 3702 779 3756 Kal
809 3702 978 3766 τίνος,
1012 3703 1196 3773 φησὶν,
1222 3704 1408 3756 ἕνεκεν
1436 3703 1599 3757 αὐτὸν
1620 3704 1921 3776 ἐπῄνεσεν;

353 3784 580 3857 Ἐπειδὴ
607 3786 671 3839 οὐ
696 3785 1023 3858 συνηρπάγη
1044 3789 1110 3857 τῇ
1138 3784 1483 3857 ἀπαγγελίᾳ(Ι
1514 3786 1608 3840 τοῦ
1633 3787 1921 3854 Φιλίππου,

342 3869 590 3943 ἀλλ’ῇδει
603 3870 790 3941 σαφῶς
812 3870 907 3924 καὶ
922 3870 1185 3942 ἀκριϐῶς,
1201 3871 1284 3925 ὅτι
1308 3871 1410 3924 οὐκ
1424 3873 1482 3925 ἐν
1499 3871 1773 3942 Ναζαρὲθ,
1800 3872 1926 3927 οὔτε

344 3954 406 4008 ἐν
432 3957 498 4026 τῇ
523 3954 782 4026 Γαλιλαίᾳ
809 3954 915 4008 ἔδει
946 3955 1039 4007 τὸν
1055 3954 1292 4026 Χριστὸν
1318 3954 1597 4025 τεχθῆναι,
1639 3954 1752 4009 ἀλλ’
1773 3957 1832 4010 ἐν
1859 3960 1925 4030 τῇ

356 4038 589 4110 Ἰουδαία
615 4039 711 4093 καὶ
734 4040 792 4092 ὲν
831 4040 899 4110 τῇ
952 4038 1229 4111 Βηθλεέμ·
1260 4039 1398 4111 ὅπερ
1429 4034 1522 4092 οὖν
1555 4038 1647 4092 καὶ
1690 4039 1924 4107 ἐγένετο.

343 4120 501 4176 Ἐπεὶ
513 4118 606 4178 οὖν
617 4123 645 4175 6
658 4122 757 4195 μὲν
771 4121 1034 4186 Φίλιππος
1046 4122 1205 4176 τοῦτο
1214 4122 1497 4194 ἠγνόησεν,
1510 4125 1538 4177 6
1548 4122 1603 4177 δὲ
1613 4123 1924 4196 Ναθαναὴλ,

343 4204 445 4261 ἃτε
478 4206 792 4278 νομομαθὴς
823 4204 920 4270 ὢν,
948 4206 1281 4279 ἀπεκρίνατο
1310 4206 1379 4262 τά
1426 4207 1567 4262 κατὰ
1595 4208 1694 4280 τὴν
1724 4208 1929 4263 ἄνωθεν

346 4290 684 4361 προφητείαν
709 4290 992 4361 εἰρημένα,
1006 4290 1179 4356 εἰδὼς,
1206 4290 1287 4344 ὅτι
1302 4291 1401 4345 οὐκ
1417 4292 1482 4344 ἐκ
1499 4288 1752 4363 Ναζαρὲθ
1769 4291 1887 4362 ἥξει
1901 4292 1932 4344 6

345 4375 615 4446 Χριστός-
671 4373 760 4427 διὰ
818 4373 978 4427 τοῦτο
1030 4375 1124 4428 καὶ
1180 4377 1209 4427 6
1240 4375 1493 4447 Χριστὸς,
1530 4377 1644 4430 Ἴδε
1692 4375 1932 4445 ἀληθῶς

360 4458 755 4527 ἰσραηλίτης,
778 4459 964 4529 φησὶν,
989 4451 1319 4525 ένῷδόλος
1342 4460 1454 4512 οὐκ
1483 4458 1633 4513 ἐστι.
1654 4458 1752 4513 Διά
1775 4459 1935 4513 τοῦτο

347 4542 446 4598 καί
478 4559 623 4603 τινες
647 4542 756 4596 τῶν
788 4541 1054 4596 Ἰουδαίων
1074 4542 1258 4612 ἔλεγον
1300 4543 1440 4614 πρὸς
1460 4543 1550 4597 τὸν
1594 4544 1929 4615 Νικόδημον’

362 4629 750 4696 Ἐρεύνησον,
786 4628 884 4682 καί
916 4627 1025 4693 ἴδε,
1059 4627 1147 4680 ὅτι
1169 4627 1480 4697 προφήτης
1510 4627 1578 4681 ἐκ
1611 4627 1723 4698 τῆς
1755 4631 1937 4684 Γαλι-

349 4711 531 4776 λαίας
550 4713 662 4765 οὐκ
699 4710 1027 4780 ἐγήγερται.
1052 4710 1162 4765 Καὶ
1189 4711 1352 4765 πάλιν
1373 4710 1637 4781 ἀλλαχοῢ’
1668 4713 1789 4765 Οὐκ
1816 4711 1936 4766 ἀπὸ

353 4793 623 4862 Βηθλεὲμ
677 4792 790 4861 τῆς
852 4794 1069 4863 κώμης,
1116 4794 1270 4849 ὅπου
1299 4792 1379 4866 ἦν
1394 4794 1594 4859 Δαυῒδ,
1625 4798 1659 4849 ό
1682 4796 1937 4863 Χριστός

351 4876 608 4947 ἄρχεται.
631 4877 742 4931 Καὶ
764 4878 914 4948 κοινὴ
932 4879 1145 4931 πάντων
1169 4879 1341 4949 ψῆφος
1358 4874 1447 4950 ἦν,
1470 4879 1552 4933 ὅτι
1568 4879 1783 4942 πάντως
1798 4881 1939 4933 ἐκεῖ-

352 4959 448 5015 θεν
478 4961 641 5015 αὐτὸν
667 4960 748 5015 δεῖ
768 4960 1193 5033 παραγενέσθαι,
1216 4963 1320 5016 οὐκ
1363 4962 1470 5016 ἀπὸ
1510 4962 1609 5034 τῆς
1629 4961 1935 5027 Γαλιλαίας.

418 5079 447 5110 ⁸
463 5079 776 5143 βεεΙίεετΠε
795 5080 1145 5143 emendatione
1169 5084 1467 5143 gemporum,
1479 5077 1639 5143 qbide
1651 5076 1813 5143 Nalali
1836 5078 1940 5128 Do-

354 5139 496 5195 mini.
512 5139 777 5205 legéndum
791 5141 1151 5198 contenditro‘iq
1165 5139 1387 5205 ἀρχείοις,
1412 5141 1639 5205 οτοίιὶνὶε,
1654 5141 1719 5189 Δὶ
1730 5146 1941 5205 prater-

352 5216 502 5268 qu_am
515 5204 647 5268 quoq
662 5205 933 5254 reclamant
953 5216 1068 5268 ωεε.
1085 5203 1278 5262 omnes,
1290 5215 1384 5251 non
1409 5203 1552 5252 video
1569 5213 1673 5268 qu_q
1691 5208 1835 5268 pacto
1853 5203 1939 5268 ἀρ-

392 5264 506 5327 είοις
522 5263 763 5327 Quadrati:
789 5272 960 5327 posset
980 5264 1042 5315 ad
1061 5277 1232 5327 vocgm
1262 5271 1557 5327 sequentem
1578 5263 1767 5327 κῴδιξιν
1781 5276 1792 5287 ·
1828 5263 1940 5315 min

392 5283 506 5322 ειοις
522 5283 763 5327 φησι-πε
789 5283 960 5327 ροδδῠι
980 5283 1042 5315 au
1062 5283 1148 5315 νος
1184 5283 1232 5314 ιιι
1262 5283 1557 5326 sequentem
1578 5283 1767 5319 κωοιςιν
1781 5283 1792 5287 “
1828 5283 1876 5312 ua

355 5283 570 5428 ξρξείοις
593 5334 673 5376 εει
692 5326 1053 5376 subslanlivum
1072 5335 1127 5376 ει
1150 5283 1239 5376 llic
1257 5325 1530 5388 requiritur
1560 5324 1876 5386 adjectivum.

482 5389 590 5428 nlla
611 5401 724 5428 mss-
757 5389 1169 5428 απουδαῖῆιιένων-
1191 5386 1271 5428 καὶ
1289 5386 1616 5428 πνευιιιιτιιῶν
1638 5386 1707 5428 ἓν.

479 5389 590 5451 Duo
611 5401 725 5438 mss.
757 5389 1171 5451 σπουδαζομένων,
1191 5386 1271 5437 καὶ
1289 5386 1616 5449 πνευματικῶν
1638 5386 1707 5434 εν.

426 5451 452 5511 ξ
472 5449 583 5511 Duo
597 5462 698 5498 mss
727 5450 987 5511 εὑρηκέναι.

421 5508 452 5552 δ
474 5510 578 5563 Alii
599 5518 658 5577 τῇ
677 5508 891 5575 ἀγγελίᾳ.

1274 84 1341 138 IN
1386 81 1550 138 DIEM
1590 79 1918 138 NATALEM
1956 81 2020 136 D.
2055 79 2121 136 N.
2161 78 2328 139 JESU
2369 79 2666 137 CHRISTI.

3481 84 3585 138 εει

2096 195 2251 249 Ἐπεὶ
2287 190 2380 251 οὖν
2406 197 2436 250 6
2477 193 2675 266 Ἰωσὴφ
2706 195 2797 249 καὶ
2818 198 2859 269 η’
2885 197 3073 269 Μαρία
3108 197 3209 268 τῆς
3234 197 3480 272 Βηθλεὲμ
3497 200 3590 254 δνο-

2008 297 2100 345 τες
2136 280 2370 345 πολῖται,
2394 280 2607 349 ἐκείνην
2622 279 2873 350 ἀφέντες,
2903 282 2960 333 ἐν
2985 283 3051 352 τῇ
3070 280 3324 352 Ναζαρὲθ
3350 280 3441 335 τὸν
3474 282 3589 354 βίον

2010 363 2190 417 αὐτῶν
2232 364 2655 434 κατεστήσαντο,
2682 362 2845 416 κάκεῖ
2869 362 3135 435 διέτριϐον
3176 359 3284 435 (οἷα
3324 363 3388 437 δὴ
3421 364 3590 419 πολλά

2016 446 2338 519 συμϐαίνειν
2358 446 2507 511 εἰκὸς
2532 447 2626 499 ἐπὶ
2647 445 2859 501 πολλῶν
2883 446 3206 519 ἀνθρώπων,
3234 447 3333 507 τὰς
3367 447 3466 518 μὲν
3493 450 3590 502 πό-

2014 530 2147 596 λεις,
2184 531 2307 586 ὅθεν
2332 531 2604 600 ἐγένοντο,
2628 530 3170 603 καταλιμπανόντων,
3194 533 3253 586 ἐν
3285 531 3473 597 ἄλλαις
3509 533 3588 598 δέ,

2013 616 2073 671 ἐν
2094 613 2183 681 αἷς
2220 617 2321 670 οὐκ
2352 615 2597 687 ἐφύησαν
2625 615 2775 687 παρά
2800 614 2899 687 τὴν
2933 615 3128 689 ἀρχὴν,
3158 610 3588 689 διατριϐόντων),

2012 698 2121 753 ἔδει
2142 699 2201 754 δὲ
2230 699 2323 753 τὸν
2350 699 2586 772 Χριστὸν
2615 701 2674 753 ἐν
2708 699 2957 771 Βηθλεέμ
2983 701 3275 775 τεχθῆναι·
3298 699 3489 772 ἐξῆλθε
3530 701 3593 754 τὸ

2010 783 2208 852 δόγμα,
2241 781 2337 835 καὶ
2383 781 2615 845 ἄκοντας
2645 783 2842 845 αὐτοὺς
2875 783 3148 838 συνωθοῦν
3193 783 3273 848 εἰς
3304 784 3404 852 τὴν
3438 783 3595 836 πόλιν

2012 866 2248 936 ἐκείνην,
2281 864 2376 919 τοῦ
2399 864 2534 918 Θεοῦ
2560 864 2730 930 οὕτως
2757 859 3203 937 οἰκονομοῦντοςξ
3220 867 3280 921 ’0
3304 866 3411 938 γὰρ
3431 865 3596 937 νόμος

2014 950 2043 1002 6
2076 947 2314 1002 κελεύων
2338 947 2569 1001 ἕκαστον
2597 949 2676 1012 εἰς
2701 949 2798 1019 τὴν
2828 948 2962 1004 ἰδίαν
2988 948 3409 1021 ἀπογράψασθαι
3431 959 3455 988 ο
3490 966 3596 1003 πα-

2013 1033 2192 1104 τρίδα,
2239 1032 2549 1103 ἠνάγκαζεν
2607 1032 2816 1086 ἐκεῖθεν
2860 1034 3059 1098 αὐτοὺς
3103 1033 3442 1098 ἀνίστασθαι,
3486 1031 3625 1087 ἀπὸ.

2014 1118 2114 1187 τῆς
2142 1114 2394 1187 Ναζαρὲθ
2447 1115 2612 1184 λέγω,
2650 1116 2742 1168 καὶ
2786 1115 3041 1188 ἔρχεσθαι
3071 1118 3151 1180 εἰς
3185 1117 3285 1188 τὴν
3324 1116 3592 1186 Βηθλεὲμ,
3646 1140 3649 1145 ·

2017 1197 2160 1253 ὥστε
2189 1199 2628 1268 ἀπογράφεσθαι.
2659 1198 2832 1252 Τοῦτο
2878 1198 3009 1268 γοῦν
3057 1200 3189 1253 αὐτὸ
3226 1198 3598 1268 αἰνιττόμενος

2015 1283 2111 1336 καί
2143 1285 2171 1335 6
2197 1281 2612 1353 εὐαγγελιστὴς,
2656 1281 2871 1351 ἔλεγεν·
2919 1282 3116 1352 Ἀνέϐη
3169 1283 3239 1336 δὲ
3270 1281 3369 1338 καί
3414 1287 3447 1337 ὁ
3487 1283 3596 1337 ἰωο

2018 1366 2148 1435 vim
2178 1366 2294 1420 ἀπὸ
2323 1363 2433 1433 τῆς
2460 1367 2809 1433 Γαλιλαίας,
2836 1366 2905 1421 ἐκ
2943 1368 3175 1434 πόλεως
3205 1365 3485 1435 Ναζαρὲθ,
3508 1368 3599 1432 εἰς

1999 1449 2136 1518 ’τὴν
2185 1449 2493 1513 Ἰουδαίαν,
2533 1453 2622 1516 εἰς
2678 1452 2861 1504 πόλιν
2906 1450 3107 1514 Δαυῒδ,
3159 1451 3289 1520 ἥτις
3331 1451 3600 1505 καλεῖται

2021 1532 2310 1601 Βηθλεὲμ,
2334 1532 2431 1586 διὰ
2451 1531 2518 1585 τό
2540 1528 2691 1586 εἶναι
2719 1533 2906 1588 αὑτὸν
2934 1534 3004 1599 ἐξ
3033 1534 3202 1587 οτκου
3230 1533 3327 1588 καὶ
3352 1531 3603 1604 πατριᾶς

2023 1614 2223 1680 Δαυῒδ,
2251 1615 2704 1684 ἀπογράφεσθαι
2727 1616 2851 1671 σὺν
2869 1617 3107 1687 Μαριὰμ
3133 1616 3210 1686 τῇ
3228 1633 3602 1688 μεμνηστευ-

2017 1698 2171 1767 μένῃ
2209 1695 2370 1762 αὐτῷ
2408 1698 2646 1767 γυναικί
2676 1700 2835 1768 οῠσῃ
2872 1701 3084 1769 ἐγκύῳ.
3117 1700 3230 1754 Καὶ
3261 1700 3497 1770 ἐγένετο
3532 1702 3604 1754 ἐν

2021 1778 2102 1845 τῷ
2132 1776 2285 1833 εἶναι
2312 1779 2542 1847 ,αὐτοὺς
2567 1778 2708 1845 ἐκεῖ,
2742 1781 3146 1851 ἐπλήσθησαν
3169 1786 3229 1837 αἱ
3255 1783 3467 1854 ἡμέραι
3495 1783 3605 1837 τοῦ

2022 1861 2216 1917 τεκεῖν
2233 1861 2448 1933 αὐτὴν,
2481 1861 2581 1915 καὶ
2617 1862 2785 1918 ἔτεκε
2801 1865 2910 1919 τὸν
2939 1864 3075 1920 υἱόν
3104 1864 3297 1935 αὐτῆς
3322 1866 3432 1920 τόν
3452 1881 3606 1936 πρω-

2021 1949 2292 2003 τότοκον.

2092 2039 2163 2103 τ.
2199 2027 2377 2099 Εἶδες,
2399 2032 2672 2106 ἀγαπητὲ,
2697 2032 3010 2105 οἰκονομίαν
3036 2032 3195 2098 Θεοῦ,
3232 2032 3328 2086 καὶ
3355 2033 3446 2087 διὰ
3495 2032 3607 2085 τῶν

2022 2118 2268 2172 ἀπίστων
2288 2117 2387 2170 καὶ
2416 2117 2525 2172 τῶν
2553 2116 2763 2173 πιστῶν
2795 2117 2864 2172 τὰ
2893 2117 3012 2172 καθ’
3043 2116 3234 2171 ἐαυτὸν
3256 2115 3605 2188 οἰκονομοῦν-

2022 2219 2134 2267 τος,
2165 2202 2252 2255 ῐνα
2275 2200 2523 2273 μάθωσιν
2540 2203 2596 2256 οἰ
2613 2201 2883 2273 ἀλλότριοι
2906 2200 3006 2271 τῆς
3024 2200 3307 2266 εὐσεϐείας
3332 2201 3431 2273 τὴν
3447 2201 3606 2271 ἰσχὺν

2025 2287 2120 2341 καὶ
2161 2285 2261 2358 τὴν
2310 2285 2540 2358 δύναμιν
2571 2286 2760 2341 αὑτοῦ.
2798 2286 2909 2340 Καὶ
2937 2287 2969 2338 6
3000 2285 3102 2357 μὲν
3129 2284 3308 2356 ἀστὴρ
3347 2284 3472 2348 τοὺς
3503 2283 3609 2355 μά-

2023 2388 2155 2440 γους
2178 2371 2387 2442 ἧγαγεν
2412 2370 2522 2425 ἀπὸ
2565 2370 2666 2440 τῆς
2695 2369 2982 2441 ἀνατολῆς,
3002 2371 3036 2424 6
3058 2369 3119 2424 δὲ
3138 2369 3300 2440 νόμος
3320 2367 3475 2443 [358]
3508 2367 3608 2441 τὴν

2024 2454 2260 2526 Μαριὰμ
2281 2447 2464 2508 εἷλκεν
2491 2454 2586 2507 ἐπὶ
2613 2452 2712 2526 τὴν
2741 2452 2976 2526 πατρίδα
2998 2452 3099 2524 τὴν
3131 2453 3236 2506 ὑπὸ
3258 2452 3369 2507 τῶν
3392 2468 3607 2524 προφηο

2024 2537 2136 2591 τῶν
2164 2538 2484 2609 εἰρημένην.
2530 2535 2813 2591 Ἐντεῦθεν
2850 2538 2981 2609 ἡμῖν
3006 2535 3167 2608 δῆλόν
3195 2538 3364 2598 ἐστιν,
3400 2537 3482 2590 δτι
3513 2537 3609 2590 καὶ

2026 2623 2059 2691 η
2092 2620 2369 2692 Παρθένος
2397 2623 2463 2674 ἐκ
2486 2622 2676 2690 γένους
2705 2619 2821 2674 ἐστὶ
2841 2619 3125 2675 Δαυῖδικοῦ
3143 2638 3158 2651 θ
3192 2618 3379 2690 ἐπειδὴ
3409 2619 3518 2691 γὰρ
3543 2620 3609 2673 ἐκ

2023 2703 2125 2774 τῆς
2155 2702 2403 2774 Βηθλεὲμ
2421 2698 2512 2774 ἦν,
2542 2701 2765 2773 εὔδηλον
2791 2703 2983 2757 ὃτικαί
3008 2705 3074 2758 ἐκ
3102 2702 3197 2757 τοῦ
3225 2704 3373 2756 οἴκου
3400 2702 3609 2771 καὶτῆς

2027 2789 2263 2859 πατριάς
2288 2782 2358 2858 ἦν
2387 2787 2482 2841 τοῦ
2514 2786 2699 2841 Δαυῖδ.
2729 2785 2900 2840 Τοῦτο
2924 2787 3018 2840 καὶ
3045 2786 3323 2857 ἀνωτέρω¹
3344 2784 3608 2857 ἐδήλωσεν

2025 2872 2055 2923 6
2088 2870 2501 2942 εὐαγγελιστὴς,
2534 2873 2593 2924 ἐν
2632 2864 2714 2934 οἷς
2744 2870 2930 2940 ἐλεγεν
2950 2887 2966 2902 ·
3012 2869 3209 2937 Ἀνέϐη
3252 2868 3321 2922 δὲ
3358 2868 3453 2922 καὶ
3498 2869 3609 2922 διω-

2027 2954 2158 3023 σὴςρ
2177 2953 2296 3007 ἀπὸ
2327 2954 2438 3020 τῆς
2458 2952 2792 3019 Γαλιλαίας
2820 2953 2943 3007 σὺν
2962 2952 3217 3021 Μαριὰμ,
3243 2949 3341 3005 διὰ
3368 2951 3434 3005 τὸ
3454 2947 3610 3005 εἶναι

2028 3035 2217 3089 αὑτὸν
2251 3035 2321 3099 ἐξ
2355 3036 2528 3090 οἴκου
2559 3036 2660 3090 καὶ
2699 3035 2952 3105 πατριᾶς
2988 3034 3191 3090 Δαυίδ.
3243 3033 3462 3106 Ἐπειδὴ
3498 3033 3609 3104 γὰρ

2028 3126 2058 3177 6
2082 3124 2179 3195 μὲν
2217 3124 2413 3194 Ἰωσὴφ
2445 3125 2864 3196 ἐγενεαλογήθη,
2895 3126 3022 3188 τοὺς
3062 3124 3119 3177 δὲ
3166 3124 3370 3195 ταύτης
3410 3123 3611 3194 προγό-

2029 3224 2153 3272 νους
2177 3207 2352 3271 οὐδεὶς
2378 3209 2510 3278 ἡμῖν
2539 3206 2847 3280 ἠρίθμησεν
2876 3205 3070 3271 οὕτως,
3101 3206 3179 3269 ὼς
3208 3207 3333 3266 τοὺς
3357 3204 3565 3258 ἐκείνου
3588 3220 3604 3234 ·

2031 3288 2118 3343 ἵνα
2153 3291 2228 3362 μὴ
2259 3290 2606 3362 ἀμφιϐάλλῃς
2640 3291 2734 3344 καὶ
2780 3289 2965 3363 λέγῃς,
2995 3288 3167 3343 Πόθεν
3196 3285 3289 3343 οὖν
3318 3288 3498 3359 δῆλον,
3525 3288 3608 3342 ὅτι

2030 3375 2096 3428 ἐκ
2119 3374 2212 3427 τοῦ
2242 3373 2405 3428 Δαυῖδ
2434 3376 2551 3428 ἐστι
2596 3374 2690 3429 καὶ
2717 3373 2887 3445 αὐτῆς
2911 3374 3146 3428 ἄκουσον
3166 3387 3182 3403 ·
3227 3373 3324 3425 Ἐν
3360 3369 3443 3437 τῷ
3461 3366 3611 3441 μηνί

2030 3456 2111 3523 τῷ
2129 3456 2279 3525 ἕκτῳ
2304 3456 2621 3525 ἀπεστάλη
2663 3460 2696 3512 ό
2729 3455 2984 3526 ἄγγελος
3021 3454 3291 3524 Γαϐριὴλ
3344 3453 3464 3510 ὑπὸ
3502 3453 3610 3508 τοῦ

2034 3541 2186 3596 Θεοῦ
2214 3544 2305 3607 εἰς
2325 3542 2507 3596 πόλιν
2526 3539 2640 3609 τῆς
2666 3539 3022 3605 Γαλιλαίας,
3044 3533 3085 3611 ᾖ
3121 3538 3306 3608 ὄνομα
3325 3536 3608 3605 Ναζαρὲθ,

2033 3624 2183 3694 πρὸς
2210 3624 2509 3695 παρθένον
2543 3622 3086 3695 μεμνηστευμένην
3123 3621 3318 3690 ἀνδρὶ,
3353 3614 3403 3687 ᾧ
3427 3620 3615 3690 ὄνομα

2032 3710 2270 3778 Ἰωσὴφ,
2304 3708 2374 3772 ἐξ
2405 3708 2576 3763 οἴκου
2614 3706 2797 3762 Δαυΐδ
2826 3706 2869 3761 ί.
2923 3706 3018 3774 Τὸ,
3078 3707 3147 3772 ἐξ
3186 3707 3358 3761 οἷκον
3400 3695 3611 3768 Δαύῖδ,

2034 3792 2164 3864 περὶ
2194 3792 2295 3863 τῆς
2339 3789 2616 3863 Παρθένου
2660 3790 3000 3861 ὑποληπτέον
3032 3788 3319 3860 εἰρῆσθαι·
3340 3789 3479 3860 ὅπερ
3519 3783 3614 3842 οὖν

2039 3876 2134 3928 καί
2163 3872 2398 3927 ἐνταῦθα
2439 3872 2754 3943 δεδήλωται.
2788 3870 2888 3935 Διά
2906 3871 3062 3924 τοῦτο
3087 3872 3180 3925 καὶ
3203 3871 3265 3924 16
3286 3871 3613 3941 πρόσταγμα

2041 3957 2135 4012 καὶ
2164 3959 2192 4010 6
2221 3957 2385 4027 νόμος
2423 3950 2579 4020 οὗτος
2630 3956 2842 4025 ἐφοίτα,
2883 3953 3101 4023 ἀνάγων
3124 3954 3218 4008 ἐπὶ
3244 3953 3343 4024 τὴν
3366 3953 3615 4025 Βηθλεὲμ

2041 4041 2236 4106 αὐτούς
2254 4058 2269 4073 ⁸
2301 4040 2437 4113 όμοῦ
2472 4058 2532 4094 τε
2561 4039 2672 4110 γὰρ
2698 4040 2800 4110 τῆς
2829 4035 3037 4103 πόλεως
3067 4037 3362 4107 ἐπέϐησαν,
3386 4039 3482 4091 καὶ
3510 4037 3618 4108 Ἰη·

2046 4127 2172 4192 σοῦς
2204 4126 2406 4191 εὐθέως
2438 4125 2700 4180 ἐτίκτετο.
2735 4121 2938 4179 Διδκαί
2957 4123 3016 4176 ἐν
3046 4122 3226 4196 φάτνῃ
3244 4122 3613 4187 κατεκλίνετο,

2045 4211 2256 4267 πολλῶν
2295 4207 2631 4279 πανταχόθεν
2651 4205 2776 4262 τότε
2812 4205 3239 4281 συντρεχόντων,
3273 4204 3370 4259 καὶ
3393 4207 3518 4269 τοὺς
3535 4206 3618 4260 τόδ

2040 4312 2177 4359 πους
2219 4289 2876 4367 προκαταλαμϐανόντων,
2937 4291 3033 4344 καὶ
3081 4286 3282 4359 πολλὴν
3320 4287 3617 4342 ποιούντων

2040 4379 2138 4451 τὴν
2167 4374 2557 4448 στενοχωρίανο
2581 4375 2704 4428 ὅθεν
2729 4376 2847 4427 ἐκεῖ
2871 4372 3033 4428 αὐτὸν
3067 4372 3162 4427 καὶ
3186 4372 3235 4425 οἰ
3265 4371 3430 4443 μάγοι
3456 4387 3618 4442 προσ-

2042 4464 2333 4534 εκύνησαν.
2379 4461 2497 4513 Ἵνα
2542 4458 2598 4511 δὲ
2651 4455 2993 4527 σαφεστέραν
3052 4456 3149 4509 καὶ
3189 4453 3617 4525 γνωριμωτέραν

2046 4549 2175 4618 ὑμῖν
2205 4541 2480 4608 ἀπόδειξιν
2508 4540 2899 4611 παράσχωμαι,
2924 4537 3249 4607 διανάστητέ
3270 4553 3404 4608 μοι,
3436 4554 3615 4608 παρα-

2044 4629 2218 4693 καλῶ,
2273 4626 2396 4680 νῦν·
2447 4626 2541 4680 καὶ
2582 4623 2691 4695 γὰρ
2747 4621 2965 4695 μακρὰν
3006 4622 3246 4693 ἱστορίαν
3289 4618 3616 4689 ἀνακινῆσαι

2046 4712 2306 4784 βούλομαι
2328 4751 2344 4775 ,
2385 4709 2480 4762 καὶ
2531 4707 2795 4769 παλαιοὺς
2851 4704 3160 4773 ἀναγνῶναι
3202 4702 3431 4772 νόμους,
3475 4700 3617 4756 ὥστε

2045 4795 2306 4852 πάντοθεν
2335 4794 2462 4864 ὑμῖν
2496 4792 2749 4861 γενέσθαι
2783 4788 2874 4843 τὸν
2900 4789 3055 4858 λόγον
3087 4786 3440 4857 σαφέστερον.

2115 4879 2298 4951 Νόμος
2329 4874 2399 4949 ἦν
2427 4875 2657 4940 παλαιὸς
2679 4876 2792 4937 τοῖς
2832 4871 3103 4936 Ἰουδαίοις
3125 4888 3137 4901 ·
3175 4870 3374 4942 μᾶλλον
3400 4870 3458 4924 δὲ
3479 4870 3621 4924 ἀνω-

2043 4963 2187 5035 τέρω
2216 4961 2307 5015 τὸν
2355 4961 2510 5029 λόγον
2560 4958 2879 5027 ἀγάγωμεν·
2918 4956 3049 5009 Ὅτε
3090 4953 3200 5008 τῶν
3235 4951 3618 5022 Αἰγυπτιακῶν

2046 5044 2291 5117 θορύϐων
2336 5044 2431 5098 καὶ
2468 5043 2568 5114 τῆς
2617 5040 2711 5095 τοῦ
2744 5040 3022 5114 ϐαρϐάρου
3048 5038 3361 5111 τυραννίδος
3392 5037 3482 5091 τὸν
3509 5036 3619 5091 τῶν

2058 5128 2325 5202 Ἐϐραίων
2381 5126 2555 5197 δῆμον
2597 5123 2907 5196 ἀπήλλαξεν
2955 5126 2985 5178 6
3028 5123 3197 5186 Θεὸς,
3235 5121 3377 5194 δρῶν
3424 5119 3621 5185 αὐτοὺς

2045 5212 2128 5268 ἐτι
2168 5211 2396 5283 λείψανα
2437 5208 2689 5273 ἀσεϐείας
2734 5208 2955 5283 ἔχοντας
2990 5206 3084 5260 καὶ
3138 5202 3365 5276 περὶτὰ
3386 5203 3623 5274 αἰσθητά

2047 5297 2439 5370 ἐπτοημένους,
2465 5294 2561 5349 καί
2592 5293 2797 5367 μεγέθη
2828 5292 2922 5348 καὶ
2955 5290 3125 5363 κάλλη
3149 5287 3294 5345 ναῶν
3316 5284 3622 5362 θαυμάζον-

2110 5446 2130 5468 ·
2160 5443 2258 5495 ΔΜ
2273 5442 2644 5500 ἀπογράφεσθαι,
2669 5446 2722 5489 ει
2750 5436 2824 5489 sic
2844 5436 2983 5500 infrg.

2124 5502 2145 5544 ί
2171 5505 2271 5556 Alli
2361 5498 2496 5554 δι’ιού
2516 5505 2597 5553 καὶ
2613 5498 2808 5564 πατριᾶς
2829 5498 2990 5548 Δαυΐδ.
