3862 6232
321 117 431 175 555

317 248 440 297 τας,
473 232 763 289 ἐκέλευσεν
811 234 994 300 αὐτοῖς
1056 238 1481 312 οἰκοδομηθῆναι
1512 241 1662 308 ναὸν,
1689 244 1813 317 οὐχὶ
1838 247 1905 317 τῇ

319 317 654 402 πολυτελείᾳ,
690 318 794 402 τῆς
832 317 967 402 ,ὕλης
1006 322 1188 393 μόνον,
1233 324 1355 378 οὐδὲ
1418 328 1485 399 τῇ
1541 327 1786 402 ποικιλίᾳ
1808 326 1910 399 τῆς

318 400 535 474 τέχνης,
577 401 713 457 ἀλλά
756 401 851 456 καὶ
883 403 961 476 τῷ
1005 406 1246 477 σχήματι
1297 410 1397 480 τῆς
1445 411 1734 483 οἰκοδομῆς
1762 400 1911 466 πάν-

318 502 419 552 τας
446 487 575 551 τοὺς
603 487 662 541 ὲν
706 490 774 560 τῇ
819 490 891 562 γῇ
928 490 1087 554 ναοὺς
1127 490 1573 564 ἀποκρύπτοντα.
1599 496 1712 549 Καὶ
1739 496 1910 551 καθά-

320 573 429 642 περ
458 570 644 644 πατὴρ
678 570 1033 646 φιλόστοργος
1061 574 1148 629 διὰ
1180 575 1383 632 πολλοῦ
1423 579 1620 652 χρόνου
1644 578 1761 633 -τὸν
1792 580 1909 636 υίὸν

319 655 413 729 τὸν
467 655 665 711 ἑαυτοῦ
703 659 922 728 μιαροῖς
972 656 1286 730 ἀνθρώποις
1334 661 1433 715 καὶ
1493 659 1757 735 φθορεῦσι
1813 665 1910 719 καὶ

320 741 556 806 ἀσώτοις
593 743 1116 815 συναναστραφέντα
1141 745 1236 799 καὶ
1279 746 1484 819 πολλῆς
1524 747 1909 803 ἀπολαύσαντα

319 826 533 900 τρυφῆς
560 825 762 891 λαϐὼν,
800 827 942 899 μετά
971 828 1277 898 ἀσφαλείας
1309 830 1404 886 καὶ
1446 832 1779 905 σεμνότητος
1815 835 1910 889 ἐπὶ

319 911 527 967 πλείονι
579 911 906 985 καθίστησιν
940 913 1106 968 αὑτὸν
1138 916 1393 988 ἀφθονίᾳ,
1439 912 1583 972 ὥστε
1613 922 1750 991 μήτε
1783 937 1907 973 στε-

318 994 695 1069 νοχωρηθέντα
738 998 850 1052 τῶν
894 1000 1181 1074 προτέρων
1240 1003 1463 1075 μνήμην
1505 1003 1713 1070 λαϐεῖν,
1768 1009 1906 1079 μήτε

318 1083 403 1148 εἰς
450 1082 751 1155 ἐπιθυμίαν
802 1085 1030 1141 ἐκείνων
1076 1086 1281 1141 ἐλθεῖν·
1335 1087 1480 1144 οὕτω
1526 1093 1624 1144 καὶ
1688 1094 1717 1146 6
1775 1094 1908 1159 Θεὸς

319 1167 539 1242 βλέπων
566 1171 695 1233 τοὺς
721 1181 747 1210 ι
790 1168 1079 1236 Ἰουδαίους
1110 1174 1240 1244 περὶ
1270 1173 1342 1228 τὰ
1363 1176 1601 1249 αἰσθητά
1629 1177 1905 1249 ἐπτοημέ-

316 1271 466 1319 νους,
505 1255 601 1310 καὶ
659 1254 718 1308 ὲν
769 1255 980 1322 τούτοις
1028 1259 1231 1330 πολλὴν
1267 1263 1507 1317 ποιεῖται
1544 1264 1645 1335 τήν
1679 1264 1908 1337 ὑπερϐο-

316 1339 418 1414 λὴν
448 1381 465 1406 ,
513 1338 655 1396 ὥστε
706 1340 907 1407 αὐτοὺς
979 1344 1253 1415 μηδέποτε
1307 1348 1388 1410 εἰς
1449 1348 1747 1421 ἐπιθυμίαν
1796 1349 1907 1404 τῶν

316 1425 635 1495 Αἰγυπτίων
668 1425 701 1498 ἦ
732 1424 843 1482 τῶν
873 1428 1342 1500 παρἈίγυπτίοις
1376 1430 1574 1487 ἐλθεῖν.
1605 1435 1715 1488 Καὶ
1741 1437 1911 1491 ποιεῖ-

314 1526 408 1564 ται
445 1510 539 1565 τὸν
576 1509 705 1565 ναὸν
743 1511 881 1584 πρὸς
920 1512 1019 1585 τὴν
1052 1514 1242 1570 εἰκόνα
1277 1514 1372 1568 τοῦ
1420 1516 1627 1589 κόσμου
1681 1519 1905 1584 παντὸς,

315 1592 415 1647 τοῦ
440 1611 500 1647 τε
530 1594 791 1667 αἰσθητοῦ
831 1596 928 1652 καὶ
956 1597 1174 1669 νοητοῦ.
1229 1598 1500 1673 Καθάπερ
1540 1601 1652 1673 γάρ
1685 1601 1805 1655 ἐστι
1834 1602 1904 1674 γῆ

317 1680 414 1733 καὶ
434 1679 685 1757 οὐρανὸς,
702 1679 799 1734 καὶ
822 1682 987 1752 μέσον
1016 1681 1347 1756 διάφραγμα
1364 1683 1424 1738 τὸ
1446 1685 1734 1756 στερέωμα
1752 1684 1904 1758 [559]

316 1761 496 1816 τοῦτο·
528 1762 672 1817 οὕτω
700 1765 952 1820 κάκεῖνον
987 1766 1243 1821 ἐκέλευσε
1276 1767 1553 1836 γενέσθαι.
1575 1771 1687 1824 Καὶ
1714 1772 1797 1835 εἰς
1814 1770 1908 1826 δύο

315 1843 590 1917 διατεμὼν
616 1847 711 1901 τὸν
738 1847 866 1901 ναὸν
917 1846 1129 1911 τοῦτον,
1172 1851 1268 1903 καὶ
1313 1851 1719 1920 καταπέτασμα
1748 1853 1908 1922 ἀφεὶς

320 1928 519 2001 μέσον,
553 1929 617 1982 τὸ
662 1929 763 2000 μὲν
804 1929 911 1995 ἔξω
943 1932 1039 1985 τοῦ
1081 1932 1577 2004 καταπετάσματος
1602 1936 1736 1988 πᾶσι
1776 1952 1906 1989 συν-

318 2013 608 2086 εχὼρησεν
662 2010 805 2069 εἶναι
873 2015 1070 2086 βατὸν,
1121 2016 1182 2070 τὸ
1240 2017 1299 2069 δὲ
1352 2017 1501 2072 ἔνδον
1557 2017 1759 2073 ἀϐατον
1809 2020 1907 2074 καὶ

317 2100 545 2154 ἀθέατον
567 2101 727 2164 πᾶσι,
752 2101 890 2171 πλὴν
913 2100 1003 2155 τοῦ
1024 2101 1326 2174 ἀρχιερέως
1357 2103 1542 2175 μόνου.
1567 2104 1677 2159 Καὶ
1698 2104 1781 2158 ὅτι
1809 2104 1907 2177 ούχ

317 2185 589 2258 ἡμέτερος
618 2185 792 2240 ταῦτα
814 2187 1142 2258 στοχασμὸς,
1161 2187 1277 2242 ἀλλ’
1308 2190 1366 2243 ὲν
1395 2190 1553 2263 τύπῳ
1573 2188 1668 2244 τοῦ
1698 2190 1906 2260 κόσμου

317 2268 522 2334 παντὸς
552 2271 582 2323 6
635 2269 764 2334 ναὸς
813 2270 1247 2333 κατεσκεύαστο,
1303 2272 1538 2327 ἄκουσον
1577 2273 1632 2327 τί
1680 2291 1846 2346 φησιν
1880 2274 1907 2326 6

318 2353 531 2417 Παῦλος
557 2393 570 2415 ,
621 2355 755 2425 περί
809 2352 901 2407 τοῦ
939 2353 1176 2426 Χριστοῦ
1217 2355 1392 2425 λέγων
1431 2359 1512 2422 εἰς
1549 2357 1642 2411 τὸν
1676 2358 1908 2429 οὐρανὸν

316 2437 638 2503 ἀναϐάντοςο
674 2438 760 2493 Οὐ
782 2439 892 2507 γὰρ
923 2441 1014 2504 εὶς
1034 2442 1420 2510 χειροποίητα
1452 2442 1593 2512 ἅγια
1619 2440 1911 2510 εἰσῆλθεν

318 2525 357 2577 ὁ
378 2522 655 2591 Χριστὸς,
687 2523 989 2579 ἀντίτυπα
1036 2524 1158 2578 τῶν
1204 2524 1512 2595 ἀληθινῶν
1531 2543 1544 2556 -
1576 2526 1792 2590 δεικνὺς
1823 2528 1909 2580 ὅτι

317 2607 388 2663 τὰ
416 2608 653 2664 ἐνταῦθα
678 2609 949 2663 ἀντίτυπα
972 2605 1040 2680 ἦν
1063 2609 1178 2663 τῶν
1203 2607 1230 2646 δ
1262 2610 1555 2682 ἀληθινῶν.
1576 2612 1700 2665 ’Ότι
1727 2611 1785 2664 δὲ
1814 2611 1911 2666 καὶ⁵

316 2691 381 2747 τὸ
412 2691 813 2763 καταπέτασμα
837 2692 1043 2764 διεῖργε
1064 2691 1134 2745 τὰ
1152 2694 1322 2762 Ἂγια
1344 2692 1452 2745 τῶν
1473 2694 1643 2762 ἁγίων
1669 2694 1776 2747 ἀπὸ
1799 2694 1909 2748 τῶν

321 2774 495 2844 ἁγίων
524 2774 633 2828 τῶν
660 2773 787 2841 ἔξω,
835 2775 1090 2849 καθάπερ
1142 2771 1296 2841 οὗτος
1332 2778 1361 2830 6
1413 2777 1643 2849 οὐρανὸς
1670 2777 1741 2830 τὰ
1770 2779 1911 2851 ὑπὲρ

319 2857 483 2913 αὐτὸν
511 2858 848 2929 ἀποτειχίζει
891 2858 1095 2913 τούτων
1140 2858 1248 2914 τῶν
1283 2857 1410 2913 καθ’
1441 2860 1590 2930 ἡμᾶς
1619 2861 1907 2928 ἀπάντων,

319 2942 556 2998 ἄκουσον
585 2940 703 3004 πῶς
742 2941 838 2996 καὶ
875 2940 1038 2996 τοῦτο
1059 2941 1308 3014 ᾐνίξατο,
1348 2942 1442 2997 τὸν
1475 2943 1704 3015 οὐρανὸν
1742 2962 1912 2998 κατα-

320 3025 582 3097 πέτασμα
616 3024 876 3089 καλέσας.
906 3027 1045 3098 Περί¹
1075 3026 1184 3097 γὰρ
1218 3028 1317 3097 τῆς
1350 3026 1567 3090 ἐλπίδος
1600 3025 1795 3096 λέγων,
1828 3029 1910 3082 ὅτι

321 3108 399 3173 ὡς
428 3108 676 3180 ἄγκυραν
705 3109 875 3181 αὐτὴν
905 3109 1102 3181 ἔχομεν
1138 3111 1236 3179 τῆς
1257 3111 1439 3182 ψυχῆς
1476 3112 1694 3184 ἀσφαλῆ
1734 3130 1793 3166 τε
1817 3113 1912 3167 καὶ

324 3190 574 3263 βεϐαίαν,
601 3193 874 3264 ἐπήγαγε·
901 3190 1012 3246 Καὶ
1038 3192 1474 3263 εἰσερχομένην
1503 3197 1589 3261 εἰς
1615 3194 1682 3249 τὸ
1701 3192 1914 3248 ἐσώτε-

319 3292 434 3345 ρον
464 3275 573 3330 τοῦ
593 3274 1153 3346 καταπετάσματος,
1197 3276 1351 3331 ὅπου
1392 3276 1729 3348 πρόδρομος
1758 3276 1912 3347 ὑπὲρ

321 3356 495 3428 ἡμῶν
520 3358 812 3435 εἰσῆλθεν
846 3360 1088 3427 Ἰησοῦς
1109 3372 1156 3426 ιι,
1175 3359 1329 3430 ὑπὲρ
1354 3360 1465 3415 τὸν
1485 3363 1749 3430 οὐρανὸν
1766 3362 1909 3420 ἂνω.

334 3444 500 3516 Ὁρᾷς
555 3445 677 3509 πῶς
723 3445 1131 3517 καταπέτασμα
1184 3444 1276 3499 τὸν
1333 3446 1562 3517 οὐρανὸν
1622 3446 1910 3513 ἐκάλεσεν;

328 3528 477 3595 Ἐξω
508 3528 609 3599 μὲν
627 3525 722 3584 οὖν
753 3527 850 3582 τοῦ
886 3528 1383 3599 καταπετάσματος
1415 3524 1484 3599 ἦν
1511 3530 1544 3600 ή
1569 3528 1784 3600 λυχνία,
1818 3531 1914 3585 καὶ

322 3614 357 3685 ἠ
388 3610 659 3685 τράπεζα,
707 3613 801 3665 καὶ
829 3611 1010 3682 βωμὸς
1042 3612 1301 3682 χαλκοῦς,
1334 3611 1433 3675 τὰς
1467 3610 1654 3676 θυσίας
1685 3612 1911 3684 δεχόμε-

324 3714 415 3760 νος
446 3696 542 3750 καὶ
574 3694 645 3749 τὰ
671 3692 1117 3765 ὁλοκαυτώματα-
1148 3693 1258 3747 ἔσω
1280 3693 1335 3747 δὲ
1363 3693 1457 3748 τοῦ
1490 3696 1915 3767 καταπετάσμα-

323 3799 418 3847 τος
448 3780 760 3854 ήκιϐωτὸς,
778 3779 1303 3852 περικεκαλυμμένη
1334 3775 1360 3817 ἀ
1393 3780 1658 3836 πάντοθεν
1681 3782 1911 3854 χρυσίῳ,

323 3864 426 3930 τὰς
469 3865 684 3930 πλάκας
728 3864 927 3936 ἔχουσα
979 3864 1081 3936 τῆς
1136 3863 1436 3936 διαθήκης,
1485 3865 1578 3919 καὶ
1616 3865 1716 3936 τὴν
1789 3864 1916 3919 στά-

329 3964 461 4021 μνον
509 3948 611 4021 τὴν
655 3949 894 4021 χρυσῆν,
929 3948 1023 4003 καὶ
1053 3947 1152 4019 τὴν
1194 3947 1388 4020 ῥάϐδον
1432 3948 1638 4020 Ἀαρὼν
1662 3947 1760 4020 τὴν
1788 3948 1915 4021 βλαο

328 4033 630 4106 στήσασαν,
668 4028 786 4087 ’καὶ
854 4031 1036 4104 βωμὸν
1089 4031 1346 4103 χρυσοῦν,
1409 4032 1530 4103 οὐχ).
1562 4032 1763 4087 θυσιῶν
1794 4034 1917 4089 οὐδὲ

326 4116 819 4188 ὁλοκαυτωμάτων,
838 4116 975 4171 ἀλλά
1000 4116 1341 4187 θυμιάματος
1371 4115 1552 4186 μόνου.
1588 4117 1698 4169 Καὶ
1717 4116 1787 4171 τὰ
1818 4117 1916 4185 μὲν

328 4200 437 4269 ἔξω
466 4202 659 4255 πατεῖν
685 4203 852 4256 πᾶσιν
896 4202 1076 4270 ἐφεῖτο
1093 4242 1107 4265 ,
1136 4200 1204 4254 τά
1230 4200 1289 4255 δὲ
1318 4200 1467 4256 ἔνδον
1494 4201 1641 4272 μόνῳ
1663 4201 1741 4273 τῷ
1774 4203 1915 4274 ἁρχ-

331 4289 489 4358 ιερεῖ.
532 4286 644 4340 Καὶ
674 4284 882 4339 τούτων
919 4286 979 4338 δὲ
1024 4285 1204 4339 αὐτῶν
1254 4283 1562 4356 μαρτυρίαν
1609 4283 1917 4356 παρέξομαι

329 4368 518 4434 πάλιν,
551 4367 646 4424 τοῦ
679 4368 894 4423 Παύλου
927 4366 1072 4449 οὕτω
1127 4386 1244 4433 πως
1293 4367 1544 4436 λέγοντος
1566 4382 1581 4397 ο
1634 4364 1780 4437 Εἶχε
1801 4367 1920 4437 μὲν

330 4450 447 4511 οὖν
469 4457 510 4524 ἡ
543 4455 744 4524 πρώτη
775 4453 979 4522 σκηνὴ
1015 4453 1376 4523 δικαιώματα
1415 4453 1718 4522 λατρείας,
1754 4453 1824 4506 τό
1856 4469 1920 4506 τε

332 4532 507 4608 ἅγιον
536 4539 859 4609 κοσμικόν.
886 4538 1078 4608 ’Ἃγιον
1110 4537 1168 4591 δὲ
1196 4538 1459 4609 κοσμικὸν
1497 4538 1653 4593 καλεί
1686 4539 1783 4610 τὴν
1815 4536 1922 4603 ἔξω

333 4621 563 4695 σκηνὴν.
598 4621 789 4694 ἐπειδὴ
825 4621 904 4693 τῷ
942 4621 1134 4692 κόσμῳ
1173 4622 1334 4675 παντὶ
1365 4622 1593 4676 εἰσιέναι
1642 4621 1801 4692 θέμις
1828 4618 1917 4694 ἦν’

346 4707 450 4763 Ἓν
466 4701 507 4779 ᾖ
531 4706 571 4775 ἦ
598 4724 665 4761 τε
691 4709 917 4775 λυχνία
944 4706 1045 4762 καὶ
1069 4708 1109 4776 ἡ
1135 4705 1389 4774 τράπεζα
1420 4708 1519 4762 καί
1551 4709 1590 4776 η
1635 4708 1921 4776 πρόθεσις

331 4790 457 4846 τῶν
493 4790 707 4860 ἄρτων.
748 4790 912 4847 Μετὰ
942 4792 1012 4845 δὲ
1043 4791 1109 4845 τὸ
1158 4791 1443 4861 δεύτερον
1484 4792 1922 4863 καταπέτασμα

333 4875 542 4945 σκηνὴ
573 4877 614 4944 ἠ
642 4875 938 4945 λεγομένη
975 4876 1049 4930 τὰ
1079 4877 1243 4947 Ἅγια
1272 4877 1392 4931 τῶν
1413 4877 1617 4946 ἀγίων,
1638 4879 1921 4948 χρυσοῦν

337 4959 531 5030 ἔχουσ
530 4976 571 5014 α
598 4957 1003 5029 θυμιατήριον,
1039 4960 1139 5014 καὶ
1161 4977 1195 5013 τ
1202 4959 1279 5027 ὴν
1300 4961 1549 5015 κιϐωτὸν
1576 4961 1686 5031 τῆς
1720 4961 1892 5028 διαθή
1912 4993 1923 5002 -

339 5060 454 5112 κης
492 5040 1094 5113 περικεκαλυμμένην
1134 5043 1434 5100 πάντοθεν
1478 5048 1732 5115 χρυσίῳ·
1782 5049 1853 5101 ἐν
1882 5040 1923 5119 ᾖ

408 5358 554 5425 {Alii
578 5360 605 5408 6
624 5358 745 5425 θεὸς
765 5359 924 5425 λαϐὼν
955 5359 1081 5419 τούς,
1103 5356 1190 5425 _alii
1226 5359 1255 5425 ό
1278 5358 1398 5416 Θεὸς
1418 5361 1607 5423 βλέπων
1627 5359 1754 5423 τούς,
1778 5374 1926 5425 quam

344 5422 641 5485 po_stlje_t_1)a_m
664 5422 939 5485 iec_tionem
970 5420 1202 5485 sequitur
1222 5420 1491 5484 interpres.

405 5478 435 5519 δ
457 5480 554 5529 Alii
573 5481 632 5540 ἦν
656 5481 847 5531 ἐκείνων
866 5485 980 5531 τῶν.

408 5542 432 5607 ‘_
583 5544 794 5600 εἰσῆλθεν
812 5545 1043 5607 Χριστός.

408 5562 432 5570 -
460 5562 563 5589 mu
583 5562 794 5600 εισηλυεν
812 5562 1047 5607 Αριστοςω
1081 5584 1093 5596 λ,

406 5601 435 5641 ἀ
456 5601 554 5650 Alii
577 5606 1043 5668 κατακεκαλυμμένη.

1034 121 1092 176 S.
1131 119 1419 182 JOANNIS
1454 125 1946 187 CHRYSOSTOMI
1983 131 2305 196 ARCIIIEP.
2345 140 2896 204 CONSTANTINOP.

3507 151 3619 206 356

2017 248 2289 322 στάμνος
2310 254 2519 327 χρυσῆ
2544 258 2777 331 ἔχουσα
2820 259 2887 315 τὸ
2934 258 3156 330 μάννα,
3187 261 3283 316 καί
3318 262 3354 331 ἡ
3375 261 3625 331 ῥάϐδος

2024 332 2242 404 Ἀαρὼν
2268 335 2307 406 ἡ
2341 340 2783 408 βλαστήσασα,
2837 344 2935 399 καὶ
2969 347 3029 399 αἱ
3060 343 3290 410 πλάκες
3335 345 3453 415 τῆς
3485 345 3623 400 δια-

2012 417 2223 485 θήκης-⁸
2252 420 2528 493 ὑπεράνω
2556 425 2625 478 δέ
2645 426 2838 497 αὐτῆς
2860 427 3148 499 Χερουϐὶμ
3173 428 3382 498 δόξης,
3419 446 3622 484 κατα-

2012 501 2334 565 σκιάζοντα
2370 507 2440 562 τὸ
2478 509 2852 579 ἱλαστήριον.
2910 513 3140 566 Τούτων
3170 511 3240 565 δὲ
3275 512 3436 567 οὕτω
3464 530 3622 567 κατε

2010 590 2589 659 εσκευασμένωνβίς
2593 593 2712 662 μὲν
2720 593 2838 663 τὴν
2851 595 3093 665 πρώτην
3102 593 3342 666 σκηνὴν
3355 596 3622 651 διαπαν-

2011 668 2114 735 τὸς
2128 672 2393 726 εἰσίασιν
2410 676 2466 728 οἱ
2493 675 2689 744 ἱερεῖς,
2713 677 2819 745 τὰς
2842 681 3118 748 λατρείας
3152 679 3619 748 ἐπιτελοῦντες

2009 754 2100 820 είς
2122 752 2192 807 δὲ
2220 754 2334 824 τὴν
2359 756 2651 828 δευτέραν
2697 759 2861 827 ἅπαξ
2893 763 3002 820 τοῦ
3024 764 3309 819 ἐνιαυτοῦ
3335 764 3545 835 μόνος
3582 766 3624 819 ὁ

2009 837 2347 909 ἀρχιερεὺς,
2370 843 2443 896 οὐ
2473 843 2654 911 χωρίς
2680 845 2952 915 αἵματος,
2984 846 3016 899 ὃ
3067 846 3398 917 προσφέρει
3448 848 3622 915 ὑπὲρ

2010 921 2229 976 ἑαυτοῦ
2260 926 2358 978 καὶ
2394 923 2513 980 τῶν
2550 926 2656 981 τοῦ
2688 928 2843 983 λαοῦ
2871 929 3284 1000 ἀγνοημάτων.
3324 931 3502 1003 Ὁρᾷς
3530 933 3621 986 ὅτι

2010 1005 2106 1058 καί⁸
2145 1005 2306 1076 μόνος
2342 1008 2650 1081 εἰσέρχεται
2688 1011 2718 1064 6
2778 1013 3101 1086 ἀρχιερεὺς,
3148 1015 3245 1069 καὶ
3297 1013 3453 1082 ἀπαξ
3513 1013 3617 1069 τοῦ

2009 1089 2263 1146 ἐνιαυτοῦ
2292 1095 2493 1159 παντός
2514 1112 2527 1161 ;

2081 1176 2236 1247 6'.,|Ti
2270 1174 2365 1233 οὖν
2399 1180 2923 1255 ταῦτα,φησί,πρὸς
2943 1184 3041 1256 τὴν
3056 1185 3431 1257 προκειμένην
3471 1184 3622 1258 ἠμέ-

2015 1279 2148 1333 ραν;
2187 1263 2542 1336 Ἀναμείνατε
2573 1267 2789 1340 μικρὸν,
2820 1269 2914 1322 καὶ
2947 1269 3021 1341 μή
3044 1268 3383 1341 θορυϐεῖσθε.
3422 1271 3617 1324 ’Δνω-

2012 1346 2103 1400 θεν
2123 1346 2232 1419 γὰρ
2259 1346 2358 1418 τὴν
2389 1351 2574 1422 πηγὴν
2603 1349 2973 1422 διορύττομεν,
3003 1351 3100 1406 καὶ
3123 1353 3209 1406 ἐπ’
3235 1353 3409 1423 αὐτὴν
3433 1352 3620 1407 σπεύ-

2007 1430 2172 1502 δομεν
2199 1431 2298 1502 τὴν
2333 1433 2578 1506 κορυφήν
2610 1435 2815 1495 ἐλθεῖν,
2862 1436 3002 1490 ὥστε
3036 1439 3153 1507 μετ’
3186 1438 3445 1502 εὐκολίας
3480 1438 3621 1507 ὑμῖν

2010 1516 2225 1570 ἅπαντα
2250 1516 2501 1585 γενέσθαι
2528 1518 2684 1590 δῆλα*
2713 1518 2914 1590 μᾶλλον
2937 1519 3015 1583 δὲ,
3043 1521 3131 1575 ἵνα
3158 1520 3234 1592 μὴ
3259 1523 3429 1595 μέχρι
3449 1520 3621 1594 [560]

2009 1598 2207 1655 πολλοῦ
2238 1602 2268 1655 6
2298 1600 2454 1671 λόγος
2490 1604 2949 1674 συνεσκιασμένος
2975 1601 3034 1679 ᾖ,
3067 1605 3201 1677 μηδὲ
3223 1607 3620 1675 ἀσαφέστερος

2008 1682 2087 1738 ὢν
2108 1684 2476 1758 ἀπαγορεύειν
2524 1687 2669 1758 ὑμᾶς
2722 1690 2926 1761 ποιήσῃ
2971 1689 3110 1760 πρὸς
3163 1688 3226 1741 τὸ
3280 1690 3461 1760 μῆκος
3497 1688 3619 1742 τῶν

2009 1768 2343 1839 λεγομένων,
2383 1769 2484 1842 ήδη
2525 1769 2624 1841 τήν
2655 1771 2836 1825 αἰτίαν
2866 1772 2993 1843 ὑμῖν
3039 1771 3170 1844 ἐρῶ,
3222 1772 3290 1825 δι’
3325 1775 3391 1843 ἢν
3426 1771 3619 1826 ταῦτα

2010 1851 2189 1906 πάντα
2232 1852 2550 1925 ἀνεκίνησα.
2592 1853 2689 1918 Τίς
2737 1850 2830 1909 οὖν
2877 1857 3023 1910 ἐστιν
3050 1857 3084 1926 ή
3126 1856 3311 1923 αἰτία;
3366 1854 3473 1920 Ἓξ
3500 1856 3611 1923 μῆ-

2009 1953 2107 2001 νας
2138 1937 2195 1989 ὲν
2223 1937 2422 2008 γαστρὶ
2448 1937 2679 2008 ἐχούσης
2710 1939 2808 2008 τῆς
2860 1938 3144 1994 Ἐλισάϐετ
3179 1939 3273 1993 τὸν
3318 1939 3613 2010 Ἰωάννην,

2009 2022 2043 2092 ἡ
2069 2022 2259 2094 Μαρία
2293 2021 2496 2094 ἤρξατο
2531 2022 2946 2094 συλλαμϐάνειν.
2993 2024 3091 2078 Ἂν
3123 2024 3300 2077 τοίνυν
3337 2022 3620 2095 μάθωμεν

2013 2110 2163 2172 ποῖος
2195 2109 2401 2170 ἐκεῖνος
2440 2107 2468 2159 6
2499 2107 2606 2178 μὴν
2644 2109 2672 2161 6
2715 2108 2871 2172 ἕκτος
2899 2104 2988 2179 ἦν,
3035 2107 3297 2180 εἰσόμεθα
3325 2108 3424 2161 καὶ
3477 2108 3620 2162 πότε

2010 2190 2216 2262 ἧρξατο
2246 2189 2644 2260 συλλαμϐάνειν
2685 2191 2719 2263 ἡ
2757 2190 2967 2262 Μαρία·
3001 2186 3123 2263 εἶτα
3159 2190 3454 2262 μαθόντες,
3481 2191 3622 2244 πότε

2009 2272 2213 2345 ἤρξατο
2265 2272 2688 2342 συλλαμϐάνειν,
2735 2273 2997 2344 εἰσόμεθα
3045 2273 3142 2327 καὶ
3192 2273 3325 2328 πότε
3387 2272 3611 2335 ἔτεκεν,

2010 2357 2170 2412 ὲννέα
2200 2356 2375 2428 μῆνας
2408 2356 2812 2428 ἀριθμήσαντες
2836 2359 2900 2411 ὲκ
2933 2357 3032 2428 τῆς
3061 2356 3393 2427 συλλήψεως.

2082 2439 2254 2495 Πόθεν
2287 2435 2380 2493 οῦν
2430 2440 2690 2511 εἰσόμεθα
2714 2479 2729 2505 ,
2780 2443 2930 2505 ποῖος
2970 2436 3037 2513 ἦν
3089 2444 3118 2495 6
3150 2440 3311 2503 ἕκτος
3348 2442 3460 2511 μὴν
3505 2436 3612 2508 τῆς

2011 2526 2261 2597 κυήσεως
2285 2524 2383 2593 τῆς
2412 2523 2693 2578 Ἐλισάϐετ
2715 2523 2843 2590 ;Ἃν
2862 2523 3122 2595 μάθωμεν
3145 2525 3301 2585 ποῖος
3319 2517 3387 2593 ἧν
3410 2524 3443 2575 6
3475 2521 3612 2592 μὴν,

2011 2609 2134 2664 καθ’
2181 2609 2241 2663 ὃν
2293 2608 2496 2679 ήρξατο
2545 2607 2969 2678 συλλαμϐάνειν.
3012 2609 3181 2661 Πόθεν
3222 2607 3281 2662 δὲ
3335 2605 3613 2678 εἰσόμεθα

2013 2695 2164 2756 ποῖος
2205 2688 2274 2763 ἦν
2305 2695 2332 2746 6
2367 2692 2495 2762 μὴν,
2537 2691 2657 2744 καθ’
2689 2691 2747 2744 ὃν
2810 2691 3141 2758 συνέλαϐεν;
3181 2693 3278 2745 Ἂν
3339 2691 3613 2761 μάθωμεν

2012 2776 2155 2830 κατά
2187 2778 2338 2828 ποῖον
2372 2774 2565 2845 καιρὸν
2599 2774 2962 2846 εὐηγγελίσθη
3007 2775 3283 2846 Ζαχαρίας
3313 2775 3341 2826 6
3390 2774 3613 2843 ταύτης

2013 2859 2172 2929 ἀνήρ.
2203 2857 2342 2913 Αὐτὸ
2371 2856 2428 2909 δὲ
2473 2856 2632 2911 τοῦτο
2682 2858 2844 2914 πόθεν
2899 2860 3030 2930 ἡμῖν
3083 2858 3239 2912 ἔσται
3288 2857 3610 2929 γνώριμονς

2027 2942 2159 2995 Ἀπὸ
2191 2940 2297 2995 τῶν
2325 2939 2485 2995 θείων
2512 2941 2767 3012 Γραφῶψ
2789 2940 2970 3005 καθὼς
3004 2941 3068 2995 τὸ
3090 2943 3243 3010 ἆγιον
3267 2940 3608 3008 Εὑαγγέλιον

2012 3026 2180 3095 λέγει,
2203 3026 2285 3079 ὅτι
2318 3025 2397 3088 εἰς
2423 3025 2491 3078 τὰ
2511 3026 2677 3095 Ἀγια
2708 3025 2814 3078 τῶν
2840 3025 3012 3094 ἁγίων
3039 3025 3187 3079 ἔνδον
3218 3025 3347 3078 ὄντα
3379 3026 3473 3077 τὸν
3500 3026 3609 3077 Ζα-

2013 3110 2210 3182 χαρίαν
2237 3112 2265 3163 6
2290 3108 2521 3178 ἄγγελος
2546 3106 2958 3179 εὐηγγελίσατο,
2988 3110 3081 3163 καὶ
3106 3105 3257 3162 εἶπεν
3292 3108 3443 3178 αὐτῷ
3477 3109 3609 3175 περὶ

2012 3193 2107 3248 τοῦ
2139 3193 2364 3247 τοκετοῦ
2412 3193 2678 3247 Ἰωάννου.
2718 3194 2814 3248 Ἂν
2845 3193 3021 3247 τοίνυν
3042 3191 3334 3264 ἀποδειχθῇ
3363 3203 3387 3231 ε
3415 3191 3608 3261 σαφῶς

2014 3279 2121 3334 ἀπὸ
2135 3279 2242 3333 τῶν
2261 3277 2511 3349 Γραφῶν,
2533 3278 2615 3332 ὅτι
2633 3278 2727 3331 καὶ
2755 3276 2903 3343 ἅπαξ
2924 3278 3213 3349 εἰσήρχετο
3233 3280 3313 3341 εἰς
3340 3276 3411 3330 τὰ
3432 3276 3607 3345 Ἀγια

2013 3364 2122 3418 τῶν
2154 3363 2326 3433 ἁγίων
2352 3364 2380 3417 6
2407 3362 2719 3434 ἀρχιερεὺς,
2766 3364 2860 3416 καὶ
2913 3363 3093 3433 μόνος,
3140 3363 3236 3415 καὶ
3280 3362 3451 3424 πότε,
3512 3360 3609 3414 καὶ

2015 3447 2153 3517 ποίῳ
2178 3446 2308 3518 μηνὶ
2333 3446 2428 3500 τοῦ
2462 3447 2711 3501 ἐνιαυτοῦ
2740 3448 2802 3500 τὸ
2850 3446 2995 3513 ἅπαξ
3040 3445 3200 3499 τοῦτο
3259 3446 3605 3515 εἰσέρχεται,

2016 3531 2238 3603 εῦδηλος
2271 3530 2425 3584 ἔσται
2467 3533 2496 3584 6
2523 3529 2732 3602 καιρὸς,
2755 3530 2878 3585 καθ’
2909 3530 2968 3584 δν
2995 3529 3385 3601 εὐηγγελίσθη·
3410 3528 3608 3582 τούτου

2014 3617 2072 3671 δὲ
2095 3617 2388 3686 γενομένου
2411 3614 2594 3685 δήλου,
2614 3615 2710 3669 καί⁵
2744 3616 2777 3686 ή
2809 3613 2954 3687 ἀρχὴ
2982 3615 3081 3684 τῆς
3106 3614 3423 3686 συλλήψεως
3450 3614 3606 3667 ἐσται

2014 3703 2128 3764 τοῖς
2165 3700 2295 3752 πᾶσι
2324 3697 2619 3769 γνώριμος.
2670 3698 2790 3751 Ὅτι
2825 3699 2925 3768 μὲν
2965 3694 3056 3752 οὖν
3099 3697 3246 3764 ἅπαξ
3283 3697 3378 3750 τοῦ
3425 3699 3608 3750 ἑνιαυο

2016 3784 2112 3839 τοῦ
2140 3784 2448 3855 εἰσήρχετο,
2476 3783 2570 3835 καὶ
2597 3784 2625 3836 6
2657 3782 2868 3845 Παῦλος
2897 3782 3155 3855 ἐδήλωσε,
3180 3782 3275 3836 καὶ
3304 3785 3333 3835 6
3359 3782 3607 3851 Μωῦσῆς

2016 3866 2075 3920 δὲ
2101 3867 2259 3921 τοῦτο
2280 3865 2414 3920 αὐτὸ
2436 3865 2596 3935 δῆλον
2621 3868 2782 3931 ποιεῖ,
2802 3864 2945 3919 οὕτω
2974 3866 3169 3935 λέγων’
3193 3865 3305 3922 Καὶ
3333 3863 3608 3931 ἐλάλησε

2016 3952 2231 4020 Κύριος
2291 3949 2442 4016 πρὸς
2496 3946 2762 4018 Μωῢσῆν
2809 3947 3006 4018 λέγων
3032 3964 3044 3977 ·
3107 3947 3400 4015 Λάλησον
3456 3946 3607 4014 πρὸς

2020 4033 2257 4103 κἈαρὼν
2283 4034 2393 4087 τὸν
2418 4034 2687 4103 ἀδελφόν
2722 4047 2860 4099 σου,
2897 4034 2997 4087 καὶ
3043 4032 3128 4103 μὴ
3159 4030 3606 4100 είσπορευέσθω

2019 4118 2228 4175 πᾶσαν
2241 4116 2401 4186 ὥραν
2428 4119 2517 4184 εἰς
2560 4116 2626 4170 τὸ
2652 4116 2826 4186 ἅγιον
2847 4115 2914 4171 τὸ
2935 4115 3236 4185 ἐσώτερον
3272 4116 3382 4170 τοῦ
3421 4131 3602 4170 κατα-

2020 4203 2401 4274 πετάσματος
2421 4204 2510 4268 είς
2556 4200 2623 4255 τὸ
2662 4202 2991 4271 πρόσωπον
3022 4200 3131 4255 τοῦ
3166 4201 3525 4268 ίλαστηρίου
3560 4195 3603 4261 ί,

2021 4291 2054 4344 6’
2081 4290 2252 4345 ἐστιν
2281 4286 2381 4341 ἐπὶ
2407 4283 2519 4354 τῆς
2544 4284 2794 4339 κιϐωτοῦ
2832 4285 2939 4340 τοῦ
2974 4285 3332 4355 μαρτυρίου,
3365 4282 3466 4337 καὶ
3494 4285 3605 4337 οὐκ

2020 4369 2425 4429 ἀποθανεῖται.
2473 4368 2585 4422 Καὶ
2630 4368 2811 4422 πάλιν
2841 4367 2954 4421 Καὶ
2992 4368 3111 4435 πᾶς
3150 4368 3461 4436 ἄνθρωπος
3496 4369 3605 4420 οὐκ

2021 4459 2194 4513 ἔσται
2221 4457 2292 4512 ἐν
2310 4455 2385 4525 τῇ
2411 4453 2614 4522 σκηνῇ
2649 4453 2756 4508 τοῦ
2792 4455 3147 4523 μαρτυρίου,
3179 4451 3607 4521 εἰσπορευομέ-

2022 4559 2134 4597 νου
2166 4540 2355 4596 αὐτοῦ
2382 4539 2781 4604 ἐξιλάσασθαι
2817 4540 2906 4604 εἰς
2928 4536 3001 4592 τὰ
3026 4537 3186 4608 ἅγια,
3206 4537 3319 4605 ἕως
3338 4537 3417 4592 ἂν
3434 4536 3608 4601 ἐξέλ-

2023 4628 2117 4695 θῃ,
2158 4625 2259 4679 καὶ
2297 4622 2640 4688 ἐξιλάσεται
2686 4623 2823 4690 περί
2869 4622 3112 4684 ἑαυτοῦ,
3162 4622 3262 4676 καί
3292 4621 3401 4676 τοῦ
3434 4622 3605 4675 οἷκον

2022 4707 2241 4770 αὐτοῦ,
2287 4706 2387 4761 καὶ
2437 4706 2642 4774 πάσης
2696 4705 2808 4774 τῆς
2865 4707 3230 4778 συναγωής
3282 4705 3404 4759 τῶν
3461 4703 3607 4759 υἱῶν

2038 4793 2295 4863 Ἰσραήλ·
2333 4793 2430 4847 καὶ
2473 4791 2821 4857 ἐξιλάσεται
2841 4793 2940 4847 ἐπὶ
2971 4792 3036 4847 τὸ
3065 4792 3506 4863 θυσιαστήριον
3543 4792 3603 4846 τὸ

2023 4877 2229 4933 ἔναντι
2255 4877 2500 4945 Κυρίου.
2532 4876 2655 4930 Ὅτι
2694 4876 2791 4947 μὲν
2819 4870 2911 4930 οῦν
2949 4878 3011 4930 οὐ
3043 4875 3133 4930 διά
3185 4876 3389 4940 παντὸς
3433 4876 3606 4948 εἰσῄει

2024 4965 2105 5027 εἰς
2154 4961 2225 5016 τά
2257 4962 2422 5029 ’Ἀγια
2465 4960 2572 5014 τῶν
2633 4959 2827 5029 ἁγίων,
2860 4958 2986 5014 οὔτε
3038 4959 3188 5015 ἔνδον
3244 4961 3398 5024 ὄντος
3440 4959 3606 5015 αὐτοῦ

2026 5046 2265 5116 ἅψασθαι
2297 5043 2453 5115 θέμις
2483 5041 2551 5116 ἦν
2590 5062 2733 5109 τινα,
2788 5044 2902 5098 ἀλλ’
2943 5044 3048 5110 ἔξω
3081 5045 3234 5118 παρά
3270 5046 3333 5100 τὸ
3366 5047 3608 5102 καταπέ-

2024 5147 2207 5201 τασμα
2235 5130 2478 5191 ἑστάναι,
2527 5128 2687 5198 δῆλον
2718 5129 2827 5183 ἀπὸ
2859 5129 3082 5186 τούτων.
3128 5130 3294 5184 Ἀλλὰ
3347 5133 3607 5203 κατέχετε

2024 5214 2088 5286 δὴ
2118 5212 2290 5268 ταῦτα
2313 5215 2450 5284 μετά
2472 5214 2778 5286 ἀκριϐείας.
2803 5216 3128 5270 ’Υπόλοιπον
3154 5219 3263 5289 γάρ
3280 5219 3396 5271 ἐστι
3417 5218 3605 5286 δεῖξαι,

2027 5300 2178 5361 ποῖος
2223 5294 2291 5370 ἦν
2320 5301 2348 5353 6
2378 5299 2588 5371 καιρὸς,
2621 5300 2742 5355 καθ’
2775 5299 2833 5354 ὃν
2872 5299 3046 5374 εἰσῄει
3085 5302 3166 5365 εἰς
3199 5303 3272 5357 τὰ
3300 5303 3471 5373 Ἀγια
3500 5304 3606 5357 τῶν

2087 5488 2117 5550 Ἀ
2141 5486 2239 5550 Alii
2258 5488 2594 5550 ἀποδείξωμεν.

2095 5546 2118 5589 ί
2142 5549 2226 5617 δίε
2258 5547 2394 5617 εόίι.
2420 5546 2556 5617 εἰς’το
2575 5549 2834 5617 πρόσωπον
2862 5549 2951 5599 τοῦ
2986 5552 3282 5617 ἰλαστηρίου,
3313 5566 3431 5604 mss.
3464 5551 3529 5608 εἰς
3557 5552 3609 5600 τὸ

2032 5611 2326 5676 ῑὶαστήριον.
2351 5615 2403 5661 ει
2418 5610 2491 5663 sic
2515 5610 2636 5674 legit
2657 5611 2924 5675 interpres.
