3862 6232
345 423 459 478 355

340 536 598 592 dentibus
625 533 691 588 ad
735 532 991 589 insaniam
1023 548 1190 602 usque
1217 532 1477 594 addictos,
1512 533 1936 602 templorumque

337 626 725 699 magnitudinis
773 642 837 680 ac
901 625 1314 695 pulchritudinis
1366 623 1718 680 admiratione
1764 623 1885 678 duci
1915 661 1931 688 ,

341 719 604 789 templum
651 718 778 788 ipsis
821 715 1072 772 aediﬁcari
1115 715 1388 786 praecipit,
1433 713 1575 785 quod
1621 729 1726 769 non
1773 711 1934 768 modo

337 811 583 864 materiae
626 807 1014 878 magnificentia
1063 819 1223 877 atque
1265 806 1395 862 artis
1435 805 1710 872 varietate,
1757 804 1850 860 sed
1878 812 1933 860 et

333 910 624 956 structura:
649 900 841 967 forma,
859 907 1051 955 caetera
1079 899 1278 965 omnia,
1305 913 1422 968 quat
1448 897 1644 967 ubique
1668 906 1929 952 terrarum

329 1003 492 1047 erant
540 992 756 1062 templa,
803 991 1133 1046 obscuraret.
1176 989 1246 1044 Et
1284 989 1730 1060 quemadmodum
1779 998 1930 1059 pater

332 1085 628 1140 liberorum
655 1099 842 1139 amans
869 1083 1033 1138 lilium
1064 1082 1375 1153 proﬂigatis,
1403 1082 1738 1152 perniciosis,
1770 1079 1928 1135 lasci-

331 1177 422 1231 vis
467 1175 771 1232 hominibus
799 1191 976 1242 usum,
1022 1175 1291 1246 nimiaque
1320 1175 1447 1229 luxu
1490 1174 1828 1239 dissolutum,
1859 1172 1929 1227 ad

331 1284 401 1325 sc
445 1269 602 1339 longo
633 1269 886 1338 temporis
926 1266 1206 1322 intervallo
1249 1265 1535 1335 recipiens,
1569 1273 1682 1318 tuto
1722 1270 1780 1318 et
1805 1278 1926 1318 cum

334 1361 600 1432 dignitate
625 1361 677 1416 in
701 1360 890 1432 majori
917 1375 1094 1416 rerum
1120 1358 1438 1414 abundantia
1458 1355 1753 1420 constituit,
1776 1370 1847 1412 ne
1872 1355 1927 1410 in

332 1455 610 1524 angustias
653 1453 854 1524 aliquas
898 1452 1188 1522 conjectus,
1239 1451 1475 1520 priorum
1518 1445 1924 1510 recordatione,

325 1555 495 1615 atque
519 1545 679 1600 etiam
725 1543 1013 1613 cupiditate
1039 1541 1358 1610 corripiatur
1387 1557 1402 1594 :
1432 1539 1503 1593 ita
1535 1539 1676 1594 Deus
1712 1537 1926 1593 Judzeos

325 1639 403 1693 ad
450 1652 540 1693 res
583 1637 810 1694 sensiles
853 1652 974 1691 cum
1035 1645 1253 1703 stupore
1298 1647 1592 1705 propensos
1636 1631 1843 1713 videns,
1870 1629 1924 1684 in

278 1797 286 1804 _
327 1728 481 1785 hisce
511 1729 640 1800 ipsis
668 1728 828 1783 rebus
869 1725 1360 1796 przestantissimum
1399 1722 1596 1794 aliquid
1640 1721 1822 1785 efﬁcit,
1857 1735 1925 1774 ne

326 1835 584 1890 umquam
615 1830 798 1890 postea
847 1817 1218 1890 [Egyptiorum
1261 1825 1353 1870 aut
1398 1831 1583 1870 eorum
1618 1829 1736 1884 qua:
1783 1811 1922 1882 apud

329 1910 618 1982 Egyptios
673 1910 878 1981 experti
948 1908 1192 1976 fuerant,
1254 1907 1543 1977 cupiditate
1605 1913 1924 1975 caperentur

331 2003 551 2072 (Exod.
603 2001 712 2073 26)
748 2020 762 2056 :
795 2001 1156 2072 templumque
1203 2001 1335 2071 ipsis
1390 1999 1574 2054 statuit
1618 1997 1686 2052 ad
1737 1994 1922 2051 mundi

322 2095 620 2164 exemplar,
645 2093 912 2160 totiusque
933 2093 1186 2160 universi,
1233 2100 1340 2146 tam
1380 2090 1521 2161 quod
1550 2105 1732 2153 sensu,
1760 2102 1919 2160 quam

325 2187 474 2256 quod
499 2187 615 2242 solo
643 2185 914 2241 intellectu
953 2185 1155 2258 percipi
1197 2191 1390 2254 potest.
1421 2181 1568 2238 Sicut
1607 2181 1750 2236 enim
1779 2189 1920 2234 terra

320 2287 426 2342 est,
459 2284 514 2332 et
531 2277 740 2343 crelum,
770 2284 826 2330 et
865 2275 1119 2341 medium,
1147 2275 1428 2347 sepimenti
1472 2275 1658 2338 instar,
1703 2272 1804 2327 hoc
1831 2272 1921 2324 lir-

320 2378 658 2425 mnmcntum
693 2387 706 2424 :
738 2371 807 2423 ita
835 2379 888 2423 et
919 2369 1046 2423 illud
1077 2383 1288 2439 quoque
1313 2367 1428 2422 ficri
1465 2366 1645 2436 jussit.
1673 2366 1920 2434 Duasque

319 2462 380 2515 in
423 2470 599 2532 partes
629 2461 799 2514 diviso
840 2460 942 2514 hoc
972 2460 1190 2529 templo,
1237 2468 1291 2514 ct
1334 2458 1398 2513 ad
1437 2457 1671 2512 medium
1699 2456 1918 2512 obtento

317 2553 466 2619 velo,
510 2566 626 2606 eam
660 2559 886 2620 partem,
919 2566 1038 2620 qua:
1076 2559 1225 2604 extra
1272 2549 1447 2604 velum
1494 2557 1628 2612 erat,
1670 2547 1918 2602 omnibus

315 2642 653 2712 ingrediendi
683 2650 1002 2711 potestatem
1053 2641 1177 2695 fecit
1209 2658 1222 2695 :
1253 2639 1318 2694 ad
1359 2640 1582 2694 alteram
1610 2654 1740 2694 vero
1771 2638 1916 2692 illam

318 2732 631 2786 interiorem
675 2731 913 2797 nemini,
963 2739 1314 2800 praeterquam
1357 2744 1569 2784 summo
1609 2727 1912 2798 sacerdoti,

314 2825 518 2879 aditum
550 2833 712 2895 atque
739 2824 982 2878 intuitum
1009 2831 1190 2892 patere
1211 2822 1470 2891 permisit.
1489 2818 1751 2876 Caeterum
1772 2819 1914 2890 quod

319 2917 439 2971 haec
469 2932 574 2970 non
623 2924 805 2970 nostra
854 2915 1160 2985 conjectura
1206 2915 1293 2979 sit,
1337 2913 1431 2969 sed
1476 2912 1618 2983 quod
1657 2913 1913 2978 templum

317 3021 505 3060 revera
537 3005 698 3059 totius
727 3005 909 3059 mundi
937 3003 1004 3059 ad
1033 3003 1336 3072 exemplum
1375 3010 1702 3058 exstructum
1728 3000 1911 3068 fuerit,

318 3095 447 3149 audi
495 3094 620 3164 quid
672 3094 867 3150 Paulus
895 3093 963 3149 de
1002 3093 1218 3148 Christo
1264 3094 1316 3146 in
1360 3093 1547 3147 caelum
1592 3091 1913 3147 ascendente

314 3188 542 3257 loquens
570 3186 714 3242 dicat
741 3205 755 3240 :
783 3185 905 3241 Non
926 3186 1058 3240 enim
1091 3187 1147 3239 in
1172 3187 1463 3256 manufacta
1485 3193 1664 3238 sancta
1690 3185 1914 3240 introivit

313 3279 564 3345 Christus,
585 3278 893 3347 exemplaria
917 3295 1145 3333 verorum
1171 3277 1355 3349 (Hebr.
1378 3277 1542 3347 9.24)
1563 3295 1577 3333 :
1598 3277 1906 3345 ostendens,

320 3371 464 3440 quod
492 3386 613 3441 quae
657 3370 796 3440 apud
827 3385 926 3425 nos
963 3378 1107 3434 sunt,
1153 3384 1403 3426 verorum
1431 3369 1538 3425 sint
1565 3370 1909 3441 exemplaria.

316 3464 470 3532 Quod
498 3479 656 3534 porro
679 3465 854 3519 velum
878 3463 1152 3519 dirimeret
1177 3471 1360 3518 sancta
1402 3471 1707 3518 sanctorum
1733 3477 1764 3517 a
1789 3477 1913 3516 san-

316 3556 426 3609 ctis
449 3563 600 3610 extra
624 3555 834 3626 positis,
863 3555 1000 3610 sicut
1028 3555 1132 3610 hoc
1155 3555 1346 3610 cazlum
1387 3569 1507 3624 quae
1534 3568 1695 3624 super
1721 3571 1780 3609 se
1809 3555 1908 3608 sita

314 3654 463 3712 sum,
491 3645 559 3700 ab
581 3646 827 3702 omnibus
851 3661 970 3716 quae
1012 3645 1151 3715 apud
1180 3659 1279 3700 nos
1302 3653 1445 3713 sunt,
1475 3645 1727 3716 disjungit
1747 3663 1762 3699 :
1785 3645 1908 3701 audi

311 3736 584 3806 quomodo
625 3736 783 3792 etiam
815 3736 915 3791 hoc
942 3736 1376 3800 subindicaverit,
1422 3752 1545 3792 cum
1573 3737 1762 3792 caelum
1806 3752 1904 3792 ve-

314 3827 430 3882 lum
459 3827 718 3897 appellat.
744 3827 821 3882 De
848 3841 943 3896 spe
991 3840 1217 3895 namque
1261 3824 1519 3891 referens,
1549 3826 1691 3897 quod
1736 3827 1906 3896 ipsam

310 3920 454 3975 sicut
480 3920 767 3974 anchoram
806 3919 998 3974 anima:
1042 3919 1331 3975 habeamus
1355 3934 1516 3974 unam
1544 3935 1608 3975 ac
1651 3919 1856 3974 firmam
1888 3962 1904 3988 ,

313 4009 509 4065 deinde
559 4009 828 4080 subjungit
861 4029 874 4066 :
909 4009 972 4062 Et
1010 4010 1319 4064 incedentem
1349 4026 1505 4080 usque
1549 4009 1618 4062 ad
1665 4010 1908 4065 interiora

313 4101 621 4166 selaminis;
669 4100 752 4154 ubi
799 4117 1082 4172 prtecursor
1119 4117 1212 4170 pro
1264 4101 1405 4154 nobis
1453 4100 1673 4156 introivit
1715 4101 1902 4170 Iesus,

315 4209 477 4262 supra
496 4193 676 4246 calum
692 4209 892 4246 sursum
919 4190 1102 4262 (Hebr.
1121 4193 1174 4247 6.
1199 4192 1288 4248 i9.
1312 4191 1428 4263 20).
1457 4191 1619 4247 Vides
1638 4192 1905 4262 quomodo

310 4285 504 4340 calum
553 4283 802 4339 velamen
852 4283 1236 4354 appellaverit?
1285 4283 1448 4338 Extra
1495 4283 1668 4340 velum
1725 4294 1904 4340 autem

316 4386 436 4432 erat
463 4375 866 4444 candelabrum,
912 4383 967 4432 et
1011 4389 1218 4443 mensa,
1263 4383 1320 4430 et
1358 4376 1525 4432 altare
1569 4391 1787 4442 aereum,
1835 4375 1903 4430 ad

311 4469 580 4526 sacriﬁcia
619 4477 676 4524 et
719 4469 1147 4524 holocautomata
1175 4467 1509 4539 excipienda.
1551 4469 1696 4524 Intra
1724 4468 1901 4524 velum

310 4577 442 4616 vero
492 4575 614 4615 arca
661 4561 1003 4615 circumtecta
1031 4575 1096 4614 ex
1143 4559 1288 4614 omni
1335 4567 1485 4629 parte
1511 4574 1666 4627 auro,
1697 4559 1903 4614 tabulas

311 4651 617 4707 testamenti
635 4651 857 4718 habens,
875 4660 928 4707 et
948 4666 1134 4706 urnam
1161 4666 1400 4715 auream,
1426 4649 1696 4719 utvirgam
1723 4651 1901 4704 Aaron

307 4759 432 4814 qum
459 4742 787 4810 fronduerat,
817 4753 871 4798 et
897 4744 1063 4798 altare
1105 4757 1348 4809 aureum,
1380 4756 1487 4796 non
1533 4741 1660 4797 illud
1695 4741 1902 4797 sacriﬁ-

308 4837 518 4893 ciorum
565 4847 620 4891 et
647 4835 1099 4903 holocaustorum,
1131 4835 1226 4891 sed
1270 4835 1434 4890 solius
1476 4834 1788 4890 suﬂimenti.
1835 4835 1902 4890 Et

309 4944 410 5000 per
439 4943 503 4984 ea
547 4943 666 5000 quae
693 4937 843 4985 extra
869 4938 1042 4996 erant,
1068 4929 1317 4984 omnibus
1347 4928 1595 4985 incedere
1637 4928 1718 4984 fas
1743 4941 1896 4996 erat;

306 5038 406 5096 per
435 5036 498 5076 ea
544 5037 674 5077 vero
715 5037 834 5092 quae
881 5023 1044 5088 intus,
1096 5021 1200 5076 soli
1248 5036 1460 5077 summo
1506 5021 1791 5077 sacerdoti.
1822 5021 1901 5079 De

307 5114 456 5168 hisce
485 5112 616 5180 ipsis
640 5128 825 5168 rursus
855 5113 1215 5168 testimonium
1242 5128 1308 5168 ex
1336 5113 1500 5168 Paulo
1525 5113 1683 5178 dabo,
1707 5114 1794 5184 qui
1821 5114 1901 5171 sic

305 5203 382 5257 ait
413 5220 426 5256 :
461 5201 657 5257 Habuit
695 5203 897 5274 quidem
938 5205 1076 5272 prius
1107 5203 1482 5258 tabernaculum
1507 5205 1899 5274 justiﬁcationes

303 5293 540 5360 cultus-re,
588 5304 635 5349 et
672 5306 902 5349 sanctum
943 5296 1185 5350 seculare
1227 5295 1400 5366 (Hebr.
1439 5297 1493 5352 9.
1528 5296 1582 5369 1)
1617 5309 1894 5353 :sanctum

305 5385 564 5441 maculare
593 5387 826 5456 appellat
846 5387 1079 5442 exterius
1102 5388 1496 5442 tabernaculum
1527 5405 1540 5442 :
1567 5389 1900 5461 quandoqui-

294 5484 420 5542 dem
455 5483 553 5542 toti
581 5467 784 5538 mundo
818 5478 1024 5548 ingredi
1063 5479 1258 5534 licebat
1289 5497 1301 5532 :
1331 5480 1386 5532 in
1411 5495 1508 5550 quo
1535 5481 1897 5537 candelabrum

308 5575 356 5620 et
385 5583 558 5620 mensa
583 5578 628 5620 et
660 5571 936 5637 propositio
964 5586 1174 5640 panum.
1203 5569 1329 5625 Post
1369 5571 1701 5626 velamentum
1729 5585 1894 5629 autem

301 5660 581 5713 secundum
595 5662 990 5728 tabernaculum,
1006 5661 1141 5732 quod
1177 5663 1360 5717 dicitur
1378 5673 1552 5719 sancta
1570 5675 1856 5720 sanctorum
1874 5707 1892 5735 ,

300 5767 515 5804 aureum
535 5751 719 5808 habens
736 5753 1069 5822 thuribulum,
1086 5765 1132 5809 et
1151 5772 1324 5810 arcam
1337 5759 1616 5814 testamenti
1632 5758 1896 5815 circumte-

297 5852 435 5901 ctam
465 5858 525 5896 ex
551 5847 686 5899 omni
731 5859 869 5918 parte
913 5864 1074 5917 auro,
1097 5848 1150 5902 in
1184 5864 1282 5917 qua
1329 5865 1458 5907 urna
1509 5866 1662 5909 aurea
1705 5849 1891 5910 habens

1308 416 1373 473 IN
1412 417 1576 474 DlEM
1613 416 1940 484 NATALESI
1981 417 2043 472 Ι).
2083 417 2148 474 Ν.
2185 417 2348 480 JESU
2386 421 2685 483 CHRISTI.

3529 433 3633 491 556

2047 547 2256 599 manna,
2285 543 2333 588 et
2358 536 2496 606 virga
2521 538 2694 592 Aaron
2715 553 2830 610 ques
2849 537 3165 611 fronduerat,
3205 553 3252 600 et
3275 545 3458 605 tabula
3483 559 3632 606 testa.

2041 623 2196 678 menti
2228 639 2249 678 :
2281 642 2435 697 super
2474 643 2586 683 eam
2614 640 2780 685 autem
2806 641 2948 687 erant
2991 633 3257 690 Cherubim
3295 637 3504 709 gloriae,
3541 643 3630 696 ob-

2040 715 2326 770 umbrantia
2371 719 2797 789 propitiatoriunt.
2843 720 2943 778 His
2986 740 3100 780 vero
3125 725 3197 781 ita
3237 731 3548 800 compositis,
3576 713 3631 788 in

2039 807 2199 876 priori
2221 809 2422 877 quidem
2451 811 2776 870 tabernaculo
2805 831 3000 886 semper
3027 817 3298 875 introibant
3322 823 3628 892 sacerdotes,

2035 900 2400 969 sacriﬁciorum
2439 903 2600 974 ofﬁcia
2640 916 3080 978 consummant“;
3118 910 3174 966 in
3208 914 3429 971 secundo
3462 925 3632 972 autem

2034 991 2188 1044 semel
2210 992 2263 1045 in
2299 1009 2433 1048 anno
2457 995 2594 1051 solus
2622 999 2870 1068 pontifex,
2903 1016 3006 1056 non
3030 1002 3138 1056 sine
3174 1006 3440 1076 sanguine,
3481 1025 3630 1080 quem

2033 1082 2182 1150 o/Tert
2202 1101 2294 1154 pro
2321 1102 2414 1140 sua
2436 1096 2484 1141 et
2498 1089 2674 1159 populi
2699 1090 2987 1161 ignorantia
3013 1093 3196 1162 (Hebr.
3216 1096 3270 1152 9.
3291 1097 3436 1171 εστ).
3466 1099 3630 1157 Vides

2033 1172 2204 1228 solum
2233 1175 2435 1246 ingredi
2452 1193 2718 1234 summum
2739 1181 3098 1254 sacerdotem,
3117 1185 3276 1257 idque
3294 1189 3459 1246 semel
3480 1189 3630 1247 dum~

2033 1272 2175 1320 taxat
2207 1275 2315 1321 toto
2341 1269 2522 1324 anno?

2100 1357 2156 1412 4.
2185 1357 2380 1413 Verum
2411 1360 2536 1431 quid
2566 1359 2702 1427 htec,
2745 1364 2943 1435 inquis,
2993 1367 3060 1424 ad
3097 1382 3416 1440 praesentem
3445 1374 3625 1432 diem?

2031 1446 2351 1518 Exspectate
2397 1452 2686 1523 paulisper,
2741 1470 2840 1511 nec
2889 1459 3329 1518 tumultuamini:
3373 1481 3405 1522 a
3447 1468 3624 1538 capite

2029 1541 2169 1593 enim
2202 1541 2399 1597 fontem
2428 1543 2694 1613 ducimus,
2723 1556 2776 1602 et
2803 1547 2870 1603 ad
2900 1549 3073 1620 ipsum
3095 1553 3173 1608 rei
3200 1553 3470 1628 fastigium
3497 1575 3621 1629 per-

2029 1632 2213 1688 venire
2247 1635 2640 1703 contendimus,
2668 1646 2727 1694 ut
2777 1650 2969 1698 cuncta
3005 1645 3153 1699 nullo
3199 1651 3413 1719 negotio
3468 1653 3620 1710 vobis

2028 1730 2212 1791 aperta
2240 1731 2398 1794 atque
2425 1737 2705 1796 perspecta
2734 1729 2863 1786 sint.
2893 1732 3146 1799 Quinimo
3172 1753 3242 1794 ne
3265 1739 3464 1796 diutius
3492 1759 3615 1798 ver-

2027 1812 2214 1868 borum
2243 1816 2620 1886 integumentis
2656 1831 2838 1877 nostra
2868 1825 3214 1884 obumbretur
3250 1833 3443 1900 oratio,
3484 1851 3620 1892 neve

2027 1901 2347 1974 implicatior
2367 1907 2480 1974 ﬁat,
2508 1911 2777 1984 nimiaque
2798 1929 3005 1984 eorum,
3039 1933 3160 1988 quae
3194 1921 3463 1993 dicuntur,
3495 1927 3616 1982 lon-

2024 1993 2264 2085 gitudine
2287 1996 2650 2070 defatigemini
2677 2019 2690 2055 :
2713 2003 2826 2074 jam
2843 2004 3105 2064 rationem
3130 2011 3282 2067 vobis
3323 2028 3612 2085 exponam,

2024 2099 2121 2139 cur
2144 2084 2258 2142 haec
2298 2090 2497 2157 omnia,
2545 2101 2651 2146 tam
2701 2095 2810 2151 alte
2862 2099 3108 2168 repetita,
3155 2084 3438 2160 moverint.
3483 2106 3614 2176 Quae

2025 2191 2186 2247 porro
2206 2179 2364 2250 hujus
2389 2183 2466 2237 rei
2495 2184 2662 2240 ratio?
2687 2185 2820 2243 Cum
2845 2205 3058 2247 menses
3073 2192 3186 2262 jam
3229 2211 3326 2252 sex
3371 2199 3615 2258 Elizabet

2021 2268 2278 2326 Joannem
2305 2273 2358 2327 in
2389 2282 2542 2330 utero
2561 2286 2813 2347 gestaret,
2837 2287 2948 2335 tum
2961 2281 3125 2340 Maria
3148 2288 3414 2359 concepit.
3435 2289 3615 2362 Itaque

2021 2363 2068 2418 si
2093 2363 2383 2434 discamus,
2415 2367 2657 2438 quisnam
2685 2379 2868 2428 sextus
2893 2373 2984 2430 ille
3022 2378 3225 2434 mensis
3253 2378 3429 2449 fuerit,
3465 2393 3616 2439 certo

2021 2455 2178 2546 etiam
2207 2458 2464 2528 sciemus,
2496 2463 2709 2534 quando
2732 2467 2958 2538 cmperit
2981 2468 3145 2527 Maria
3171 2474 3473 2546 concipere.
3507 2478 3614 2534 De-

2022 2544 2144 2601 inde
2187 2562 2308 2602 cum
2364 2553 2806 2623 cognoverimus,
2861 2558 3129 2628 quodnam
3177 2544 3471 2636 conceptus
3524 2569 3611 2626 sui

2019 2637 2337 2708 principium
2360 2639 2624 2710 habuerit,
2649 2646 2830 2716 utique
2856 2649 3072 2719 quando
3101 2656 3367 2723 pepererit
3408 2671 3610 2730 cogno-

2017 2743 2250 2798 scemus,
2283 2747 2475 2788 novem
2505 2749 2719 2793 recuses
2742 2753 2773 2792 τι
2797 2743 3146 2812 conceptione
3174 2759 3538 2807 numerantes.

2085 2817 2371 2877 Zacharias
2397 2841 2495 2894 quo
2526 2837 2748 2898 tempore
2767 2831 3007 2900 angelum
3030 2832 3341 2906 alloquutus.
3360 2869 3432 2880 —
3457 2840 3610 2900 Unde

2018 2907 2197 3001 igitur,
2223 2913 2467 2983 quisnam
2491 2915 2582 2971 ille
2603 2928 2786 2974 sextus
2807 2921 3011 2979 mensis
3039 2924 3197 2981 fuerit
3229 2934 3606 3001 praegnationis

2016 2998 2276 3093 Elizahet,
2302 3004 2457 3060 nobis
2476 3009 2781 3065 constabit?
2809 3011 2943 3069 Hinc
2972 3016 3196 3086 scilicet,
3223 3020 3269 3075 si
3297 2998 3403 3093 quo
3421 3040 3608 3085 mense

2016 3092 2231 3188 gravida
2251 3093 2653 3188 ‘tiericteperit,
2684 3100 3063 3174 intelligamus.
3087 3107 3242 3166 Unde
3263 3092 3464 3182 autem,
3487 3119 3608 3188 quis

2016 3182 2105 3237 ille
2132 3183 2311 3276 fuerit,
2337 3185 2712 3247 addiscemus?
2769 3191 2827 3248 Si
2856 3196 3086 3252 sciamus
3109 3215 3215 3270 quo
3242 3209 3482 3276 tempore
3503 3182 3607 3264 la:-

2018 3284 2127 3330 tum
2159 3275 2261 3332 hac
2281 3278 2349 3334 de
2375 3294 2435 3335 re
2460 3282 2704 3338 nuntium
2731 3282 3015 3343 Zacharias
3043 3289 3160 3360 ejus
3198 3275 3420 3352 maritus
3445 3314 3604 3358 acce-

2014 3371 2173 3462 perit.
2200 3371 2466 3462 Cazterum
2513 3375 2616 3432 hoc
2673 3377 2846 3448 ipsum
2891 3382 3032 3440 unde
3084 3387 3240 3443 nobis
3279 3392 3602 3462 explicatum

2014 3459 2254 3517 erit?be
2283 3464 2479 3521 divinis
2507 3466 2796 3538 Scripturis
2820 3489 2834 3525 :
2863 3476 3132 3543 quomodo
3161 3459 3370 3536 sacrum
3421 3484 3604 3542 Evan-

2011 3554 2207 3623 gelium
2236 3555 2400 3612 refert
2424 3559 2696 3616 Zachariae
2720 3566 2957 3622 versanti
2992 3568 3130 3625 intra
3172 3583 3355 3630 sancta
3389 3587 3604 3635 sancto-

2011 3660 2132 3739 rum
2158 3648 2406 3718 angelum
2438 3650 2617 3707 laetum
2643 3654 2884 3712 attulisse
2924 3661 3192 3731 nuntium,
3247 3674 3302 3721 et
3333 3667 3401 3724 de
3447 3678 3604 3739 partu

2011 3737 2233 3793 Joannis
2253 3741 2302 3795 ei
2333 3742 2663 3812 praedixisse.
2709 3746 2766 3803 Si
2815 3765 2944 3821 ergo
2967 3766 3000 3808 e
3040 3756 3208 3811 sacris
3247 3757 3417 3815 literis
3449 3737 3604 3821 clare

2010 3829 2368 3900 docuerimus,
2401 3835 2567 3892 semel
2597 3837 2874 3896 dumtaxat
2901 3852 3083 3900 sancta
3111 3858 3416 3907 sanctorum
3455 3869 3603 3912 sum-

2009 3936 2156 3976 mum
2204 3923 2536 3980 sacerdotem
2579 3927 2699 3985 sine
2749 3930 2860 3986 ullo
2907 3935 3103 3992 comite
3152 3939 3380 4010 ingredi,
3416 3952 3471 4000 et
3493 3961 3602 4016 quo

2011 4021 2275 4084 tempore,
2308 4025 2364 4072 et
2386 4029 2552 4088 quoto
2593 4021 2723 4076 anni
2751 4038 2936 4082 mense
2957 4067 2974 4094 ,
2999 4028 3152 4084 unica
3179 4031 3266 4086 illa
3287 4034 3404 4091 vice
3427 4036 3600 4094 intro-

2009 4113 2096 4160 eat
2129 4122 2145 4161 :
2174 4107 2230 4161 in
2254 4111 2614 4179 cognitionem
2661 4125 2901 4184 apertam
2935 4121 3215 4190 temporis,
3267 4140 3374 4196 quo
3416 4127 3599 4186 laetum

2010 4197 2156 4252 illum
2197 4201 2439 4256 nuntium
2466 4205 2702 4274 accepit,
2738 4205 3082 4266 deveniemus
3112 4229 3125 4266 :
3163 4229 3270 4283 quo
3305 4215 3596 4288 declarato,

2008 4291 2168 4346 etiam
2197 4293 2518 4365 principium
2542 4298 2911 4370 conceptionis
2937 4304 3180 4372 protinus
3205 4308 3454 4366 omnibus
3479 4312 3598 4369 elu~

2005 4393 2207 4439 cescet.
2261 4383 2444 4456 Itaque
2468 4388 2610 4458 quod
2628 4390 2798 4446 semel
2827 4401 3031 4448 tantum
3057 4395 3110 4448 in
3136 4411 3279 4452 anno
3304 4398 3410 4455 huc
3438 4399 3598 4458 intro-

2008 4473 2196 4567 iretur,
2250 4476 2412 4530 etiam
2444 4477 2638 4535 Paulus
2685 4481 3044 4540 manifestavit
3074 4503 3088 4540 :
3121 4489 3247 4558 quin
3290 4499 3346 4546 et
3385 4492 3597 4567 Moyses

2009 4564 2236 4634 idipsum
2261 4575 2446 4636 aperte
2475 4571 2728 4638 ostendit,
2764 4572 2868 4630 hoc
2912 4577 3073 4632 modo
3113 4578 3380 4651 loquens:
3414 4564 3486 4638 Et
3517 4586 3596 4640 ιο.

2005 4666 2189 4726 quutus
2213 4668 2286 4711 est
2332 4657 2584 4716 Dominus
2629 4663 2698 4716 ad
2729 4663 2962 4736 Moysen,
2990 4667 3162 4724 dicens
3205 4685 3226 4725 :
3273 4670 3502 4745 Loquere
3525 4676 3597 4733 ad

2006 4747 2178 4803 Aaron
2207 4750 2418 4819 fratrem
2446 4761 2607 4816 tuum,
2636 4763 2683 4808 et
2726 4771 2786 4810 ne
2824 4759 2962 4812 omni
2997 4767 3220 4832 tempore
3272 4763 3592 4836 ingrediatur

2005 4842 2370 4915 sanctuarium,
2401 4843 2536 4914 quod
2565 4854 2638 4900 est
2663 4846 2797 4900 intra
2821 4848 2987 4903 velum
3021 4867 3192 4906 coram
3217 4857 3589 4931 prOpitiatorio,

2004 4933 2140 5005 quod
2167 4943 2240 4990 est
2263 4951 2422 5006 supra
2449 4954 2620 4992 arcam
2645 4942 2934 5010 testimonii,
2969 4952 3017 4998 et
3052 4961 3154 5000 non
3179 4948 3424 5004 moriatur
3442 4949 3590 5020 (ιιυ.

2007 5025 2094 5081 16.
2127 5026 2201 5096 1).
2247 5025 2317 5082 Ει
2343 5027 2537 5084 iterum
2567 5047 2583 5086 :
2612 5030 2678 5084 Et
2699 5034 2863 5088 omnis
2900 5035 3050 5092 homo
3097 5055 3200 5096 non
3228 5041 3321 5096 erit
3343 5040 3399 5095 in
3423 5040 3596 5096 taber-

2004 5117 2188 5172 naculo
2213 5119 2506 5188 testimonii,
2532 5122 2736 5190 quando
2784 5124 2897 5194 ipse
2923 5131 3266 5185 sanctuarium
3310 5133 3588 5203 ingreditur

2003 5207 2072 5262 ad
2098 5209 2437 5278 expiandum,
2467 5212 2625 5267 donec
2652 5215 2981 5286 egrediatur;
3009 5229 3056 5274 et
3096 5221 3316 5292 expiabit
3347 5237 3442 5292 pro
3465 5239 3518 5278 se
3540 5236 3589 5280 et

2003 5299 2154 5356 domo
2181 5318 2296 5368 sua,
2318 5311 2366 5357 et
2413 5320 2506 5374 pro
2553 5307 2781 5362 universo
2816 5320 2946 5365 cctu
2988 5307 3154 5369 Israel
3183 5310 3344 5385 (Ibid.
3377 5314 3488 5385 17).
3521 5315 3594 5370 Et

2003 5395 2224 5464 expiabit
2247 5411 2403 5466 super
2425 5397 2604 5464 altare,
2633 5401 2771 5468 quod
2793 5410 2866 5458 est
2894 5417 3068 5457 coram
3092 5401 3313 5461 Domino
3333 5403 3442 5475 (Ib.
3473 5405 3588 5477 l8).

2002 5483 2082 5540 Ex
2114 5486 2198 5542 his
2226 5486 2409 5557 liquet,
2438 5503 2545 5545 non
2584 5491 2820 5561 quolibet
2865 5499 3104 5563 tempore
3142 5494 3195 5550 in
3223 5505 3410 5554 sancta
3456 5513 3587 5555 san-

2002 5587 2210 5632 ctorum
2252 5580 2550 5650 ingressum
2582 5581 2764 5648 fuisse,
2791 5591 2845 5638 et
2871 5583 2997 5638 dum
3025 5587 3169 5650 intus
3196 5595 3361 5654 esset,
3384 5590 3585 5647 nemini

2003 5670 2081 5725 fas
2108 5668 2274 5727 fuisse
2303 5687 2365 5727 ea
2393 5673 2704 5744 contingere
2726 5715 2742 5742 ,
2773 5675 2870 5732 sed
2900 5685 3052 5733 extra
3077 5679 3256 5736 velum
3285 5683 3586 5746 consistem

2001 5759 2130 5816 dum
2158 5760 2343 5818 fuisse.
2364 5762 2562 5820 Verum
2601 5763 2716 5822 haec
2744 5781 2840 5824 vos
2869 5767 3056 5826 sedulo
3097 5781 3277 5828 mente
3303 5783 3477 5829 vestra
3509 5783 3590 5830 tes

2003 5860 2145 5913 nete.
2195 5853 2473 5927 Reliquum
2504 5855 2645 5912 enim
2675 5867 2789 5927 est,
2825 5867 2890 5921 ut.
2920 5860 3186 5936 quodnam
3217 5861 3356 5923 illud
3377 5873 3599 5938 tempus
3701 5931 3704 5933 λ
