3862 6232
384 474 487 528 357

387 587 566 652 fuerit,
599 600 704 655 quo
733 585 876 639 solus
905 580 1298 654 ingrediebatur
1336 581 1388 635 in
1419 588 1599 636 saneta
1640 588 1968 644 sanctorum,

386 677 548 748 idque
574 675 740 731 semel
772 675 1046 729 dumtaxat
1089 672 1142 728 in
1179 688 1342 736 anno,
1388 672 1540 728 vobis
1589 671 1969 726 demonstrem.

387 771 501 838 Qua
530 770 733 822 ratione
764 776 938 821 autem
971 765 1074 820 hoc
1103 765 1342 835 patebit?
1370 765 1445 819 Ex
1491 763 1678 819 eodem
1724 763 1971 818 nimirum

386 861 490 915 hoc
523 861 656 914 libro
704 874 716 910 ε
759 860 826 913 ita
859 859 998 912 enim
1030 856 1264 912 dicitur:
1300 856 1475 911 Mense
1502 858 1733 926 septimo,
1781 855 1975 909 decima

387 953 474 1004 die
500 952 702 1012 mensis,
735 949 1063 1004 humiliobitis
1091 949 1288 1002 animas
1335 957 1541 1014 vestras,
1571 956 1615 1002 et
1658 962 1805 1000 omne
1845 961 1974 1016 opus

385 1059 487 1096 non
510 1042 707 1108 facietis
735 1058 753 1094 .'
770 1042 873 1095 sive
897 1041 1160 1111 indigena,
1188 1041 1290 1095 sive
1315 1040 1526 1104 advena,
1550 1039 1638 1111 qui
1660 1038 1868 1092 additur
1894 1037 1975 1091 in-

385 1147 458 1188 tcr
478 1149 582 1188 vos.
617 1132 676 1186 In
706 1135 798 1186 hac
816 1135 946 1186 enim
976 1135 1056 1185 die
1085 1133 1304 1202 cxjriatio
1335 1134 1427 1185 erit
1455 1133 1622 1196 vestri,
1655 1141 1710 1185 ut
1735 1130 1974 1184 emunde-

383 1227 507 1278 ntini
536 1228 596 1280 ab
623 1226 851 1279 omnibus
873 1227 1087 1295 peccatis
1115 1225 1287 1278 vestris
1317 1239 1336 1278 :
1362 1240 1533 1277 coram
1571 1222 1792 1276 Domino
1827 1239 1974 1275 mun-

387 1319 621 1371 demitti:
651 1318 856 1371 sabbata
881 1317 1223 1383 sabbatorum,
1253 1317 1446 1385 requies
1476 1316 1569 1368 erit
1604 1315 1711 1368 htec
1737 1313 1888 1380 vobis,
1927 1322 1974 1367 et

385 1409 710 1463 hnmiliabitis
753 1409 949 1462 animas
996 1419 1223 1471 uestras;
1260 1408 1450 1472 eritque
1488 1405 1624 1460 vobis
1679 1405 1772 1458 hoc
1811 1404 1975 1474 legiti-

384 1518 520 1554 mum
547 1501 925 1571 sempiternum.
968 1498 1208 1568 Expiabit
1233 1508 1398 1552 autem
1423 1498 1675 1560 sacerdos,
1697 1512 1844 1564 quem
1873 1511 1974 1548 un-

383 1595 568 1655 acrint,
599 1605 643 1645 et
669 1593 819 1662 cujus
844 1607 1023 1645 manus
1044 1591 1370 1655 initiaverint,
1403 1599 1458 1642 ut
1481 1587 1763 1643 sacerdotio
1783 1588 1973 1659 funga-

386 1699 469 1736 tur
491 1693 599 1752 post
625 1693 819 1754 patrem
833 1698 1001 1749 suum,
1026 1690 1072 1735 et
1103 1681 1340 1736 induetur
1364 1680 1494 1736 stola
1510 1689 1703 1742 sancta,
1729 1688 1775 1734 et
1799 1682 1976 1749 expiao

387 1777 456 1830 bit
500 1787 676 1830 sancta
709 1785 1018 1841 sanctorum,
1063 1785 1112 1829 et
1152 1773 1534 1828 tabernaculum
1574 1770 1878 1835 testimonii;
1929 1780 1976 1825 et

387 1869 550 1922 altare
571 1867 826 1937 expiabit;
853 1875 897 1919 et
923 1882 1014 1936 pro
1039 1865 1356 1919 sacerdotum
1384 1863 1620 1935 peccatis,
1666 1871 1712 1914 et
1740 1877 1832 1931 pro
1858 1861 1977 1914 uni-

388 1974 529 2012 rerso
558 1956 734 2028 pepuli
757 1967 883 2011 cartu
904 1958 1144 2027 expiabit.
1177 1955 1388 2024 Eritque
1412 1955 1506 2007 hoc
1536 1952 1670 2007 vobis
1700 1952 1976 2024 legitimum

387 2051 770 2119 sempiternum,
805 2058 856 2101 at
906 2048 1117 2116 expietis
1166 2064 1259 2119 pro
1292 2047 1412 2117 ﬁliis
1440 2045 1606 2099 Israel
1646 2044 1709 2098 ab
1749 2044 1979 2099 omnibus

389 2141 604 2211 peccatis
634 2156 829 2193 eorum.
863 2137 1037 2192 Semel
1056 2139 1107 2192 in
1127 2153 1263 2191 anno
1290 2137 1394 2206 ﬁet,
1426 2137 1557 2190 sicut
1586 2136 1824 2206 praecepit
1865 2133 1978 2189 Do—

362 2232 556 2284 ‘minus
580 2230 746 2300 Moysi
766 2227 952 2300 (Lerit.
993 2231 1196 2302 16-29).
1224 2225 1302 2281 De
1331 2225 1468 2281 festo
1493 2226 1977 2281 Tabernaculorum

392 2324 478 2377 hic.
507 2338 686 2377 sermo
717 2332 800 2376 est
831 2339 844 2373 :
880 2331 1006 2375 tunc
1055 2318 1196 2375 enim
1237 2319 1403 2374 semel
1446 2333 1686 2373 summus
1728 2318 1979 2373 sacerdos

389 2416 674 2483 quotannis
704 2413 1100 2484 iugrcdiebatur
1131 2428 1144 2464 :
1177 2411 1320 2482 quod
1347 2421 1400 2466 et
1429 2412 1546 2480 ipse
1583 2410 1868 2480 explicavit
1897 2409 1979 2465 his

390 2508 592 2571 verbis,
622 2509 872 2576 quoniam
901 2506 1056 2560 semel
1081 2506 1134 2559 in
1149 2522 1285 2558 anno
1304 2505 1405 2560 hoc
1431 2505 1538 2574 ﬁet.

461 2602 515 2656 5.
567 2600 624 2654 Si
669 2615 797 2669 ergo
844 2600 962 2652 festi
1010 2597 1498 2652 Tabernaculorum
1553 2605 1794 2666 tempore
1835 2595 1981 2650 solus

390 2707 632 2746 sttmmus
679 2689 931 2745 sacerdos
976 2689 1272 2759 ingreditur
1309 2690 1362 2743 in
1407 2699 1587 2742 sancta
1635 2697 1976 2752 sanctorum;

391 2799 490 2853 age
528 2781 781 2851 deinceps
821 2780 1185 2847 ostendamus,
1241 2790 1366 2835 tunc
1407 2780 1677 2834 Zachariae
1730 2779 1978 2848 angelum

389 2876 720 2947 apparuisse,
770 2876 984 2945 quando
1016 2875 1066 2928 in
1117 2874 1316 2928 sanctis
1360 2883 1664 2927 sanctorum
1697 2881 1849 2928 erat:
1881 2871 1980 2926 soli

390 2971 532 3023 enim
580 2967 679 3038 ipsi
727 2968 1003 3023 incensum
1055 2967 1285 3021 adolenti
1343 2968 1624 3022 visusest:
1655 2965 1800 3021 solus
1854 2979 1982 3020 vero

391 3074 685 3128 numquam
732 3059 1030 3129 ingreditur
1076 3073 1315 3112 summus
1371 3057 1653 3122 sacerdos,
1702 3057 1802 3112 nisi
1855 3065 1982 3112 tunc

394 3152 671 3223 temporis.
719 3151 860 3206 Nihil
912 3161 1089 3207 autem
1122 3149 1347 3220 impedit
1393 3150 1520 3219 quin
1553 3150 1666 3219 ipsa
1705 3149 1980 3204 audiamus

391 3245 552 3300 verba
583 3245 946 3315 evangelista}.
978 3243 1101 3296 Fuit
1117 3243 1169 3296 in
1189 3242 1362 3296 diebus
1386 3241 1604 3296 Herodis
1631 3242 1761 3312 regis
1784 3241 1982 3295 Judtetc

391 3338 629 3392 sacerdos
647 3337 856 3408 quidam
885 3335 1086 3390 nomine
1103 3335 1401 3400 Zacharias,
1435 3343 1482 3388 et
1505 3350 1636 3388 uxor
1659 3333 1798 3387 illius
1835 3333 1900 3388 de
1919 3333 1982 3403 ﬁ-

389 3427 553 3483 liabus
578 3427 771 3492 Aaron,
802 3434 849 3482 et
875 3441 1056 3480 nomen
1085 3426 1196 3496 ejus
1229 3422 1458 3478 Elizabet
1502 3423 1651 3494 (Luc.
1679 3425 1731 3478 1.
1767 3423 1844 3493 5).
1871 3421 1980 3476 Fa-

355 3529 358 3532 ‘
391 3528 528 3572 ctum
551 3527 625 3572 est
648 3526 838 3584 autem,
861 3533 975 3570 cum
990 3517 1098 3586 ipse
1117 3515 1397 3570 sacerdotio
1419 3519 1714 3586 fungeretur
1734 3513 1789 3568 in
1805 3513 1984 3568 ordine

390 3609 512 3663 uicis
535 3625 643 3664 sua
669 3617 788 3663 ante
827 3605 1015 3670 Deum,
1045 3605 1323 3661 secundum
1372 3605 1786 3659 consuetudinem
1811 3620 1982 3658 sacer-

392 3702 537 3767 dotii,
563 3710 697 3754 sorte
719 3699 859 3764 exiit,
886 3708 940 3752 ut
960 3699 1222 3752 incensum
1248 3705 1474 3766 poneret,
1503 3697 1758 3766 ingressus
1783 3696 1838 3748 in
1857 3705 1982 3749 tem-

395 3793 534 3858 plum
591 3791 818 3845 Domini.
869 3789 1114 3844 Etomnis
1153 3789 1420 3842 multitudo
1468 3787 1644 3858 populi
1684 3798 1790 3841 erat
1829 3803 1981 3841 orans

395 3882 539 3952 foris,
563 3883 688 3937 hora
708 3882 900 3937 incensi
919 3880 1080 3952 (Ibid.
1101 3880 1287 3952 8—10).
1311 3879 1423 3936 Hoc
1443 3879 1561 3934 loco
1588 3881 1638 3934 in
1667 3879 1981 3934 memoriam

350 3981 352 3985 ’
393 3991 611 4038 revora,
635 3976 845 4039 dilecte,
867 3973 1226 4028 testimonium
1250 3971 1402 4038 illud,
1427 3971 1567 4041 quod
1584 3971 1656 4024 ait
1684 3988 1697 4025 :
1729 3969 1796 4024 Et
1819 3970 1982 4024 omnis

394 4069 541 4120 homo
587 4083 686 4120 non
723 4066 816 4119 erit
865 4065 918 4118 in
976 4063 1298 4117 tabernaculo
1337 4061 1624 4125 testimonii,
1673 4060 1984 4130 ingrediente

390 4159 504 4227 ipso
520 4158 586 4210 ad
606 4157 915 4226 expiandum
942 4157 995 4209 in
1017 4165 1191 4210 saneta
1221 4162 1510 4208 sanctorum
1527 4193 1540 4218 ,
1571 4151 1728 4206 donec
1755 4151 1984 4222 egredia-

393 4261 474 4304 tur
498 4249 680 4323 (Levit.
716 4251 800 4303 16.
835 4251 945 4318 17).
966 4248 1215 4318 Apparuit
1243 4256 1412 4300 autem
1436 4245 1514 4299 illi
1537 4244 1746 4314 angelus
1769 4242 1981 4297 Domini

350 4353 352 4356 ’
392 4353 530 4398 stans
555 4359 584 4394 a
611 4341 802 4395 dextris
830 4341 1006 4393 altaris
1051 4339 1240 4392 incensi
1275 4337 1422 4408 (Luc.
1472 4337 1523 4390 1.
1556 4335 1669 4404 11).
1706 4333 1820 4388 Νοη
1846 4333 1980 4388 dixit

392 4437 576 4491 altaris
618 4433 1027 4500 sacriﬁciorum,
1079 4431 1172 4488 sed
1199 4432 1374 4485 altaris
1423 4431 1613 4484 incensi
1649 4443 1668 4482 :
1699 4437 1978 4498 prepterea

391 4529 534 4599 quod
584 4528 751 4582 altare
793 4526 1174 4581 sacrificiorum
1239 4534 1294 4579 et
1356 4523 1786 4579 holocaustorum
1847 4519 1979 4574 foris

392 4629 556 4686 esset,
590 4621 731 4673 intus
769 4632 895 4672 vero
923 4616 1144 4681 incensi,
1169 4625 1225 4668 nt
1273 4613 1352 4668 vel
1379 4613 1521 4674 hinc,
1555 4612 1696 4682 quod
1752 4612 1849 4680 ipsi
1878 4611 1978 4664 soli

389 4714 814 4780 conspiceretur,
847 4719 901 4764 et
932 4707 1072 4777 quod
1131 4707 1333 4760 dicatur
1376 4705 1601 4775 pOpUIUS
1631 4703 1802 4774 ipsum
1849 4701 1979 4756 foris

348 4795 364 4812 ”
390 4816 750 4872 exspectasse,
783 4799 1120 4856 manifestum
1141 4797 1347 4862 evadat,
1377 4798 1428 4851 in
1453 4805 1631 4852 sancta
1672 4805 1974 4849 sanctorum

389 4893 568 4962 ipsum
598 4893 897 4960 ingressum
928 4891 1112 4945 fuisse.
1140 4888 1206 4942 Et
1237 4889 1463 4942 turbatus
1484 4897 1558 4942 est
1583 4887 1862 4941 Zacharias
1899 4885 1976 4938 ui-

390 4985 535 5050 dens,
553 4994 600 5038 et
614 4986 763 5036 timor
783 4982 961 5036 cecidit
976 4998 1128 5049 super
1147 4981 1335 5051 ipsum.
1365 4979 1506 5034 Dixit
1530 4988 1697 5032 autem
1718 4979 1787 5031 ad
1809 4978 1977 5046 ipsum

389 5075 599 5145 angelus
620 5089 640 5128 :
665 5071 748 5127 Ne
769 5073 965 5137 timeas,
989 5071 1242 5135 Zucharia
1261 5086 1280 5136 ;
1300 5071 1540 5134 quoniam
1580 5070 1754 5122 audita
1779 5077 1852 5123 est
1891 5069 1980 5122 de-

391 5167 614 5237 precatio
640 5176 747 5232 tua,
789 5173 836 5220 et
875 5181 1005 5220 uxor
1028 5174 1116 5219 tua
1143 5161 1371 5217 Elizabet
1398 5161 1560 5231 pariet
1589 5159 1678 5214 tibi
1703 5161 1886 5230 ﬁlium,
1931 5169 1979 5213 et

388 5258 584 5313 vocabis
603 5273 782 5312 nomen
811 5259 919 5328 ejus
941 5255 1196 5310 Joannem
1217 5253 1324 5324 (Ib.
1351 5251 1570 5326 12.15).
1589 5252 1655 5307 Et
1683 5262 1796 5307 erat
1838 5251 1977 5321 plebs

388 5359 684 5420 exspectans
711 5347 1015 5402 Zachariam
1050 5362 1068 5400 :
1097 5355 1144 5400 et
1183 5345 1529 5412 mirabantur,
1567 5344 1703 5414 quod
1755 5344 1978 5398 tardaret
2035 5349 2041 5360 ‘

386 5441 563 5507 ipsein
592 5440 798 5511 templo.
819 5440 1066 5512 Egressus
1099 5449 1267 5491 autem
1297 5438 1557 5503 innuebat,
1591 5452 1747 5514 neque
1780 5445 1977 5507 poterat

389 5533 526 5602 loqui
541 5533 667 5602 ipsis
689 5533 796 5604 (Ib.
824 5531 912 5585 21.
942 5530 1228 5599 2‘2).Vides
1258 5529 1393 5584 intra
1418 5529 1593 5584 velum
1615 5526 1976 5583 fuisse‘lTunc

391 5625 550 5694 igitur
579 5626 721 5680 hunc
761 5627 938 5679 Ianum
972 5623 1212 5677 nuntium
1262 5621 1492 5692 accepit.
1521 5620 1753 5691 Tempus
1797 5629 1974 5676 autem

391 5725 501 5770 tum
527 5723 644 5769 erat
663 5714 781 5769 festi
809 5715 1293 5770 Tabernaculorum
1337 5723 1393 5770 et
1415 5714 1608 5784 jejunii
1642 5732 1655 5770 :
1701 5713 1803 5769 hoc
1829 5714 1973 5774 enim
2035 5743 2040 5746 -

391 5807 478 5860 illa
522 5807 682 5858 verba
734 5805 832 5858 sibi
880 5806 1107 5870 volunt,
1157 5806 1504 5860 Ilumitiabitis
1545 5807 1742 5862 animas
1791 5816 1976 5862 vestras

395 5897 576 5967 (Leuit.
611 5897 696 5952 16.
743 5895 860 5966 29),
915 5897 1074 5968 idque
1127 5915 1152 5952 a
1205 5899 1403 5956 Judzeis
1435 5899 1532 5956 sub
1564 5900 1720 5956 linem
1769 5900 1970 5957 mensis

1128 467 1185 523 S.
1225 463 1501 520 JOANNIS
1539 463 2012 520 CIIRYSOSTOMI
2053 463 2372 521 ARCHIEP.
2414 465 2953 525 CONSTANTINOP.

3576 465 3679 522 358

2089 577 2437 646 Septembris,
2460 582 2603 650 quod
2618 589 2672 636 et
2692 596 2786 637 vos
2808 582 3094 646 testamini,
3117 582 3506 638 celebrabatur.
3533 584 3681 638 Tunc

2083 670 2225 724 enim
2276 670 2448 740 longis
2484 672 2823 742 copiosisque
2865 673 3194 728 orationibus
3235 675 3290 728 in
3332 673 3552 732 Judaos
3597 691 3678 728 ust

2081 776 2283 826 sumus,
2314 762 2672 832 importunum
2699 779 2882 819 eorum
2911 765 3170 835 jejunium
3192 773 3532 823 accusantes.
3561 766 3676 822 Hoc

2081 870 2209 925 ergo
2235 864 2475 925 tempore
2497 857 2655 911 etiam
2683 857 2921 914 Elizabet
2948 875 3079 913 uxor
3099 859 3376 914 Zacharize
3399 865 3673 932 concepit.

2081 945 2148 1000 Et
2195 945 2500 1001 occultabat
2551 963 2608 1002 se
2646 950 2917 1005 mensibus
2969 951 3242 1021 quinque,
3296 952 3522 1007 dicens:
3575 953 3670 1009 Sic

2079 1038 2205 1091 mihi
2227 1039 2345 1106 fecit
2399 1038 2651 1095 Dominus
2685 1042 2738 1094 in
2781 1042 2978 1106 diebus,
3025 1045 3203 1112 quibus
3223 1047 3444 1115 respwit
3469 1049 3682 1118 auferre

2081 1130 2406 1200 opprobrium
2424 1148 2588 1185 meum
2607 1134 2738 1186 inter
2765 1133 2989 1188 homines
3012 1133 3164 1205 (Luc.
3191 1134 3244 1190 1.
3265 1137 3382 1206 25).
3405 1136 3676 1192 Ceterum

2081 1234 2439 1292 opportunum
2471 1240 2615 1280 nunc
2649 1225 2880 1294 videtur,
2913 1236 2970 1281 ut
2995 1228 3339 1283 ostendamus
3391 1239 3676 1298 prseterea,

2081 1330 2202 1369 cum
2234 1325 2448 1370 sextum
2477 1316 2588 1386 jam
2620 1332 2857 1372 mensem
2900 1318 3011 1387 ipsa
3036 1318 3293 1373 Joannem
3323 1319 3375 1374 in
3409 1331 3565 1374 utero
3582 1336 3685 1391 ge-

2082 1416 2266 1472 staret,
2291 1407 2508 1462 Mariam
2533 1410 2711 1464 laitum
2733 1410 2799 1465 de
2819 1413 3173 1480 conceptione.
3190 1427 3283 1466 sua
3308 1415 3556 1468 nuntium
3581 1429 3674 1468 ae-

2082 1497 2308 1566 cepisse.
2345 1499 2570 1565 Quando
2591 1501 2731 1554 enim
2758 1502 2899 1554 venit
2927 1501 2992 1555 ad
3022 1517 3143 1556 eam
3170 1501 3407 1570 Gabriel,
3430 1513 3486 1558 et
3505 1504 3672 1559 dixit:

2084 1587 2168 1642 Ne
2195 1590 2389 1654 timeas,
2421 1590 2878 1658 Maria;invcnisti
2897 1594 3029 1646 enim
3049 1595 3267 1664 gratiam
3307 1595 3450 1661 apud
3475 1595 3671 1650 Deum.

2087 1678 2156 1733 Et
2181 1695 2291 1733 ecce
2320 1680 2576 1750 concipias
2625 1681 2680 1735 in
2706 1691 2865 1747 utero,
2898 1691 2945 1736 et
2961 1684 3128 1752 paries
3161 1685 3347 1752 lilium,
3378 1693 3428 1738 et
3473 1687 3680 1740 vocabis

2084 1787 2265 1828 nomen
2289 1774 2400 1843 ejus
2425 1773 2605 1827 Iesum
2635 1772 2784 1844 (Luc.
2819 1775 2870 1827 1.
2903 1774 2991 1828 50.
3025 1775 3140 1846 51).
3167 1775 3409 1845 Cumque
3434 1777 3548 1846 ipsa
3574 1775 3685 1834 hoc

2084 1877 2333 1920 sermone
2361 1865 2682 1932 turbaretur,
2713 1864 3036 1935 modumque
3056 1865 3176 1936 ejus
3202 1866 3279 1920 rei
3294 1866 3506 1921 discere
3526 1883 3681 1936 qua-

2086 1964 2248 2021 reret,
2303 1956 2637 2026 respondens
2681 1959 2901 2028 angelus
2949 1957 3082 2012 dixit
3128 1958 3197 2012 ad
3245 1973 3407 2013 eam:
3449 1959 3684 2030 Spiritus

2085 2057 2290 2102 sanctus
2317 2049 2633 2117 superveniet
2651 2049 2705 2103 in
2726 2059 2791 2114 te,
2824 2058 2870 2102 et
2891 2053 3050 2102 uirtus
3075 2049 3324 2103 Altissimi
3357 2050 3689 2106 obnmbrabit

2088 2139 2178 2191 tibi
2204 2156 2222 2193 :
2247 2139 2458 2210 ideoque
2487 2149 2536 2194 et
2559 2141 2694 2211 quod
2715 2149 2948 2194 nascetur
2972 2156 3037 2194 ea:
3065 2151 3112 2194 te
3136 2151 3388 2207 sanctum,
3414 2141 3689 2196 vocabitur

2090 2227 2253 2284 Filius
2265 2227 2377 2286 Dei.
2394 2231 2465 2286 Et
2486 2245 2597 2285 ecce
2623 2229 2852 2284 Elizabet
2874 2240 3090 2302 cognata
3115 2241 3220 2297 tua,
3245 2243 3293 2285 et
3317 2233 3432 2300 ipsa
3451 2235 3688 2306 concepit

2087 2321 2253 2388 ﬁlium
2281 2324 2333 2374 in
2385 2331 2644 2376 senectute
2679 2338 2773 2376 sua
2797 2337 2816 2376 :
2846 2331 2893 2376 et
2935 2323 3016 2376 hic
3045 2324 3231 2377 mensis
3270 2333 3346 2377 est
3373 2334 3548 2379 sextus
3578 2327 3682 2392 illi,

2087 2425 2202 2479 qua:
2225 2418 2442 2464 vocatur
2491 2413 2694 2474 sterilis,
2740 2414 2860 2480 quia
2898 2429 2997 2466 non
3045 2413 3140 2465 erit
3181 2414 3489 2483 impossibile
3542 2415 3688 2485 apud

2089 2501 2255 2556 Deum
2304 2518 2450 2556 omne
2474 2502 2675 2556 verbum
2722 2501 2880 2569 (Ibid.
2911 2504 3123 2572 55—37).
3154 2504 3306 2571 Quod
3333 2505 3376 2559 si
3402 2521 3533 2576 ergo
3565 2517 3690 2575 post

2086 2608 2325 2646 mensem
2355 2593 2658 2662 Gorpimum
2687 2609 2780 2648 seu
2810 2595 3175 2663 Septembrem
3221 2595 3463 2650 Elizabet
3480 2613 3681 2653 conce-

2089 2684 2187 2755 pit,
2222 2693 2277 2737 ut
2307 2694 2578 2738 ostensum
2607 2694 2688 2739 est
2717 2703 2730 2738 :
2760 2685 3110 2740 adnumerare
3130 2696 3343 2756 Oportet
3367 2701 3462 2742 sex
3496 2689 3566 2742 ab
3608 2703 3681 2744 eo

2089 2775 2434 2830 intermedios
2470 2791 2682 2830 menses
2713 2791 2724 2828 :
2755 2786 2878 2830 sunt
2898 2785 3075 2830 autem
3103 2776 3180 2844 bi,
3228 2777 3679 2847 llyperbereuens

2089 2866 2205 2920 sive
2247 2865 2498 2930 October,
2548 2866 2675 2920 Dius
2720 2867 2832 2921 sive
2883 2866 3204 2933 November,
3251 2869 3555 2938 Appellamus
3583 2885 3685 2925 seu

2090 2956 2402 3023 December,
2427 2956 2728 3010 Audonaaus
2750 2972 2842 3012 seu
2868 2957 3170 3024 Januarius,
3199 2959 3428 3014 Peritius
3453 2976 3549 3016 seu
3578 2961 3684 3016 Fe-

2089 3046 2354 3113 bruarius,
2385 3047 2606 3119 Dystrus
2625 3064 2719 3102 seu
2747 3047 2983 3102 Martius.

2163 3139 2515 3210 Conceptionis
2561 3140 2743 3193 mensis
2791 3140 3098 3209 primus.—
3137 3139 3318 3211 Itaque
3360 3150 3486 3212 post
3535 3143 3682 3197 hunc

2089 3243 2298 3288 sextum
2327 3247 2566 3288 mensem
2593 3233 2914 3302 principium
2942 3235 3310 3304 conceptionis
3335 3237 3540 3304 accepit
3571 3237 3685 3290 Ma-

2088 3324 2168 3379 ria
2199 3339 2214 3378 :
2246 3338 2277 3378 a
2315 3337 2424 3394 quo
2451 3323 2496 3378 si
2540 3338 2738 3378 novem
2765 3337 2978 3379 menses
3005 3339 3374 3390 numeremus,
3417 3328 3600 3397 utique
3623 3329 3683 3382 in

2091 3425 2409 3486 prmsentem
2431 3415 2576 3472 hunc
2605 3414 3240 3485 mensemdeveniemus.
3269 3416 3369 3471 Est
3392 3418 3551 3488 igitur
3571 3420 3686 3489 pri-

2091 3521 2211 3561 mus
2226 3505 2592 3576 conceptionis
2611 3506 2814 3562 mensis
2835 3506 3032 3575 Aprilis
3051 3507 3166 3560 sive
3182 3505 3465 3572 Xanticus,
3483 3508 3683 3565 deinde

2090 3597 2411 3652 Artemisius
2453 3611 2547 3652 seu
2586 3595 2776 3663 Maius,
2794 3596 2983 3652 Desius
3023 3597 3142 3652 sive
3165 3596 3379 3664 Junius,
3411 3597 3683 3653 Panemus

2089 3690 2202 3746 sive
2245 3689 2440 3756 Julius,
2473 3689 2657 3756 Loius,
2686 3689 2801 3744 sive
2829 3689 3120 3759 Augustus,
3152 3688 3435 3760 Gorpiaeus
3459 3705 3554 3745 seu
3582 3692 3682 3747 Se-

2090 3781 2351 3850 ptember,
2415 3779 2885 3852 llyperberetaeus,
2929 3780 3042 3834 sive
3087 3777 3340 3847 October,
3388 3781 3514 3836 Dius
3565 3781 3681 3836 sive

2088 3873 2407 3938 November,
2467 3872 2772 3943 Appellmus
2836 3886 2930 3925 seu
2989 3870 3300 3925 December.
3368 3873 3544 3942 Atque
3593 3871 3680 3927 hic

2091 3965 2290 4020 mensis
2317 3973 2420 4030 est,
2449 3980 2606 4035 quem
2637 3971 2956 4033 prarsentem
3000 3962 3278 4028 habemus,
3308 3977 3415 4032 quo
3441 3973 3498 4018 et
3537 3965 3680 4019 hunc

2089 4059 2231 4114 diem
2253 4058 2607 4114 celebramus.
2639 4057 2708 4112 Ut
2735 4063 2912 4111 autem
2939 4055 3079 4126 quod
3106 4055 3228 4109 dico
3252 4056 3411 4110 etiam
3439 4057 3675 4124 apertius

2087 4151 2241 4205 vobis
2271 4151 2572 4218 clariusque
2610 4149 2816 4212 evadat,
2849 4147 3079 4202 breviter
3121 4146 3236 4202 hare
3278 4163 3487 4201 rursum
3517 4164 3674 4217 repe-

2090 4252 2226 4306 tens,
2255 4242 2524 4296 dilectioni
2557 4251 2747 4296 vestrae
2779 4241 3090 4295 edisseram.
3121 4240 3296 4295 Semel
3332 4241 3384 4294 in
3422 4255 3566 4294 anno
3591 4241 3674 4294 in-

2088 4333 2428 4404 grediebatur
2456 4332 2600 4387 solus
2627 4347 2868 4386 summus
2893 4330 3146 4386 sacerdos
3173 4331 3224 4384 in
3257 4341 3438 4384 sancta
3467 4341 3677 4386 sancto-

2088 4441 2226 4487 rum,
2277 4425 2435 4494 idque
2489 4424 2737 4492 Gorpizeo
2783 4439 2875 4478 seu
2924 4423 3222 4492 Septembri
3272 4438 3474 4478 mense.
3527 4423 3676 4478 Tunc

2090 4518 2359 4587 ingressus
2401 4524 2483 4572 est
2524 4516 2808 4570 Zacharias
2855 4517 2905 4569 in
2949 4525 3128 4569 sancta
3181 4524 3524 4582 sanctorum,
3555 4525 3679 4570 tunc

2087 4611 2330 4666 nuntium
2374 4610 2442 4666 de
2487 4609 2708 4665 Joannis
2760 4611 3034 4665 nativitate
3084 4609 3287 4664 habuit.
3334 4610 3486 4666 Illinc
3509 4612 3672 4666 abiit:

2087 4712 2212 4758 tunc
2241 4718 2372 4756 uxor
2397 4703 2514 4771 ejus
2543 4702 2806 4770 concepit.
2857 4702 2983 4755 Post
3028 4716 3268 4756 mensem
3316 4711 3496 4757 autem
3540 4703 3676 4758 Gor-

2085 4794 2278 4864 pimum
2317 4809 2412 4849 seu
2451 4793 2839 4862 Septembrem,
2885 4808 3002 4847 cum
3049 4805 3254 4847 sextum
3281 4795 3391 4862 jam
3439 4809 3677 4850 mensem

2085 4887 2202 4956 ipsa
2252 4887 2305 4941 in
2351 4895 2507 4941 utero
2537 4885 2778 4950 haberet,
2811 4885 2899 4955 qui
2947 4885 3150 4940 scilicet
3177 4895 3260 4940 est
3310 4887 3538 4957 Dystrus
3586 4902 3678 4942 seu

2084 4977 2321 5042 Martius,
2353 4977 2467 5047 ipsa
2491 4975 2725 5047 denique
2761 4975 2923 5030 Maria
2957 4977 3220 5046 concepit.
3249 4978 3293 5030 A
3321 4976 3554 5032 Xantico
3584 4992 3678 5034 seu

2084 5071 2254 5141 Aprili
2294 5070 2454 5142 igitur
2479 5069 2806 5140 incipiendo,
2841 5084 3033 5124 novem
3080 5083 3291 5124 menses
3333 5070 3378 5122 si
3424 5085 3674 5126 numere-

2085 5178 2221 5230 mus,
2253 5163 2304 5216 in
2347 5170 2666 5231 prmsentem
2711 5159 3028 5228 incidemus,
3055 5174 3162 5231 quo
3206 5159 3464 5215 Dominus
3495 5169 3675 5216 noster

2083 5255 2239 5312 Jesus
2263 5253 2508 5309 Christus
2541 5261 2698 5308 natus
2725 5261 2828 5308 est.

2155 5346 2209 5402 6.
2249 5346 2423 5416 Atque
2458 5345 2639 5401 omnia
2672 5344 2908 5415 quidem,
2935 5358 3055 5414 qua:
3083 5343 3151 5399 de
3195 5344 3297 5399 hoc
3321 5342 3410 5399 die
3452 5343 3674 5400 dicenda

2084 5447 2256 5506 erant,
2294 5440 2447 5494 vobis
2484 5437 2741 5494 hactenus
2779 5437 3145 5507 exposuimus.
3178 5436 3349 5492 Unum
3395 5445 3600 5491 tantum
3628 5436 3673 5490 si

2084 5547 2228 5587 nunc
2273 5531 2550 5595 addidero,
2578 5529 2805 5584 orationi
2832 5544 2968 5585 mete
3014 5528 3174 5584 linem
3219 5528 3528 5598 imponam;
3559 5542 3675 5600 qua

2083 5622 2286 5691 majora
2325 5631 2476 5686 sunt,
2521 5619 2791 5676 communi
2841 5619 3045 5674 doctori
3086 5618 3307 5674 dicenda
3343 5619 3674 5690 relinquens.

2155 5711 2185 5766 I
2190 5711 2401 5778 nfideles
2428 5711 2724 5767 Christiana
2749 5711 2988 5781 dogmata
3016 5709 3268 5773 irrident;
3306 5707 3676 5766 Hereticorttm

2085 5805 2287 5860 delicta.
2323 5835 2392 5846 —
2434 5804 2695 5872 Quoniam
2746 5802 2889 5858 enim
2942 5801 3094 5856 multi
3138 5800 3512 5868 ethnicorum,
3559 5819 3678 5860 cum

2094 5898 2313 5955 audiunt
2345 5898 2510 5956 Deum
2542 5897 2591 5952 in
2624 5911 2784 5953 carne
2810 5904 3013 5966 natum,
3046 5894 3266 5952 irrident
3309 5909 3430 5966 nos,
3458 5906 3514 5952 et
3548 5899 3686 5957 inse
