3862 6232
341 316 446 374 569

341 433 568 498 πολλοὺς
602 431 716 486 τῶν
738 432 1118 505 ἀφελεστὲρων
1152 433 1440 504 θορυϐοῦσι
1487 434 1582 487 καὶ
1621 433 1910 504 ταράττου-

343 540 450 578 σιν·
489 525 790 594 ἀναγκαῖον
841 525 935 577 καὶ
979 522 1117 594 πρὸς
1166 523 1430 587 ἐκείνους,
1482 524 1576 577 καὶ
1631 523 1768 594 πρὸς
1793 522 1919 586 τοὺς

340 613 778 684 ταραττομένους
824 614 1020 676 εἰπεῖν,
1059 612 1201 667 ὥστε
1253 613 1329 685 μὴ
1374 612 1720 684 Θορυϐεῖσθαί
1767 629 1919 678 ποτε,

343 705 451 758 ὑπὸ
478 704 725 776 ἀφρόνων
745 702 1044 776 ἀνθρώπων
1066 704 1549 777 ἀναπειθομένους,
1571 705 1710 776 μήτε
1729 704 1924 775 ταράτ-

342 797 535 852 τεσθαι
555 799 617 850 ἐκ
642 797 735 851 τοῦ
751 798 858 852 τῶν
882 798 1126 852 ἀπίστων
1145 797 1400 867 γέλωτος.
1421 797 1532 851 Kal
1557 795 1668 868 γὰρ
1682 794 1754 850 τὰ
1767 791 1923 868 [563]

346 889 532 943 παιδία
557 888 626 942 τὰ
661 890 832 964 μικρὰ
862 889 1124 954 πολλάκις
1151 890 1306 962 γελᾷ,
1326 887 1925 959 σπουδαιολογουμένων

347 980 621 1052 ἡμῶνκαὶ
649 985 779 1054 περὶ
820 982 929 1036 τῶν
977 983 1295 1052 ἀναγκαίων
1335 981 1774 1054 ἀσχολουμένων·
1810 979 1925 1032 ἀλλ’

345 1074 406 1125 οὐ
441 1073 539 1144 τῆς
564 1073 671 1127 τῶν
703 1073 1029 1144 γελωμένων
1074 1075 1419 1147 πραγμάτων
1462 1071 1762 1134 εὐτελείας,
1789 1069 1926 1124 ἀλλὰ

346 1163 447 1232 τῆς
475 1162 584 1216 τῶν
612 1163 895 1231 γελώντων
921 1164 1106 1228 ἀνοίας
1153 1165 1451 1236 τεκμήριον
1487 1163 1516 1216 ὁ
1541 1161 1714 1231 γέλως
1753 1159 1926 1214 ἐστίν.

348 1251 530 1326 Ὅπερ
552 1249 645 1308 οῦν
675 1254 771 1307 καὶ
823 1255 917 1308 ἐπὶ
956 1254 1066 1309 τῶν
1110 1255 1380 1325 Ἐλλήνων
1428 1253 1574 1306 ἔστιν
1619 1253 1816 1315 εἰπεῖν,
1845 1251 1928 1304 ὅτι

349 1346 556 1399 παίδων
613 1346 970 1418 ἀνοητότερον
1019 1347 1206 1418 σχεδὸν
1235 1345 1567 1416 διακείμενοι
1589 1385 1602 1402 .
1627 1343 1696 1397 τά
1728 1342 1929 1414 φρίκης

348 1436 477 1501 ἄξια
507 1435 602 1489 καὶ
631 1435 827 1490 πολλοῦ
856 1435 1132 1508 θαύματος
1159 1436 1398 1507 γέμοντα
1427 1434 1766 1506 διασύρουσι,
1787 1432 1854 1485 τὰ
1873 1431 1929 1486 δὲ

350 1526 566 1597 ἀληθῶς
593 1529 976 1598 καταγέλαστα
1002 1527 1329 1601 σεμνύνουσι
1355 1528 1450 1581 καὶ
1469 1524 1928 1596 περιστέλλουσιν.

363 1617 506 1670 Ἀλλ’
535 1619 688 1689 ὅμως
721 1621 816 1672 καὶ
846 1620 917 1673 τὰ
945 1621 1194 1691 ἡμέτερα
1226 1618 1361 1691 παρ’
1392 1617 1623 1681 ἐκείνοις
1647 1614 1933 1685 γελώμενα

352 1709 446 1761 ἐπὶ
470 1711 571 1780 τῆς
603 1710 810 1774 οἰκείας
835 1711 1161 1782 σεμνότητος
1187 1710 1360 1781 μένει,
1394 1708 1543 1762 οὐδὲν
1573 1707 1682 1762 ἀπὸ
1713 1705 1808 1759 τοῦ
1837 1705 1930 1773 γέ-

353 1801 523 1865 λωτος
539 1802 764 1855 ἐκείνων
787 1805 867 1867 εἰς
885 1803 982 1874 τὴν
1005 1802 1213 1857 ἑαυτῶν
1239 1801 1740 1873 παραϐλαπτόμενα
1754 1797 1930 1863 δόξαν·

358 1891 452 1942 καὶ
473 1889 544 1944 τά
569 1891 750 1947 αὐτῶν
767 1892 1104 1963 πανταχόθεν
1129 1892 1587 1964 περιστελλόμενα
1610 1889 1710 1960 τὴν
1729 1887 1934 1941 οἰκείαν

357 1981 750 2058 ἀσχημοσύνην
803 1983 1159 2038 ἐνδείκνυται.
1210 1983 1338 2046 Πῶς
1381 1982 1490 2054 γὰρ
1546 1981 1648 2034 οὐκ
1700 1980 1936 2051 ἐσχάτης

361 2073 768 2146 παραπληξίας,
792 2075 989 2140 αὐτοὺς
1026 2075 1126 2147 μὲν
1153 2073 1462 2138 εὐολίσθους
1489 2073 1832 2144 ὑπάρχοντας
1856 2072 1936 2136 εἱς

359 2165 545 2230 λίθους
575 2166 671 2220 καὶ
704 2165 838 2233 ξύλα
874 2167 969 2220 καὶ
1003 2166 1197 2236 εὐτελῆ
1226 2165 1389 2231 ξόανα
1431 2165 1559 2229 τοὺς
1589 2162 1799 2218 ἑαυτῶν
1827 2164 1940 2216 εἰσι-

359 2257 595 2326 άγοντας
615 2257 794 2324 θεοὺς,
813 2257 909 2311 καὶ
935 2257 1187 2329 καθάπερ
1209 2259 1268 2311 ἐν
1285 2255 1645 2328 δεσμωτηρίῳ
1663 2255 1771 2308 τινὶ
1798 2255 1936 2308 ἀπο-

359 2349 659 2414 κλείοντας,
685 2348 852 2420 μηδὲν
887 2349 1112 2422 αἰσχρὸν
1139 2348 1390 2420 ἡγεῖσθαι
1423 2349 1560 2419 μήτε
1581 2350 1774 2410 ποιεῖν,
1800 2349 1938 2418 μήτε

358 2440 562 2510 λέγειν·
592 2442 726 2512 ἡμῖν
758 2440 817 2494 δέ
845 2441 1099 2510 ἐγκαλεῖν
1129 2440 1380 2510 λέγουσιν
1399 2482 1414 2505 ,
1465 2440 1549 2494 δτι
1587 2439 1714 2492 ναὸν
1760 2437 1940 2509 ἐαυτῷ

361 2535 782 2600 κατασκευάσας
809 2536 839 2589 δ
867 2535 1002 2600 Θεὸς
1025 2534 1203 2600 ζῶντα
1235 2535 1301 2588 ἐκ
1323 2533 1643 2605 Πνεύματος
1666 2533 1845 2601 ἁγίου,
1871 2531 1939 2588 δι’

362 2626 529 2704 αὑτοῦ
567 2627 668 2698 τὴν
699 2629 848 2682 οίκου
858 2627 1026 2699 μένην
1064 2625 1344 2698 ώφέλησε;
1371 2625 1482 2680 Kal
1506 2627 1658 2679 ποῖον
1690 2624 1942 2696 ἔγκλημα

361 2717 557 2783 τοῦτος
584 2717 649 2772 Εἰ
671 2715 783 2790 γάρ
818 2717 1066 2788 αἰσχρὸν,
1097 2717 1154 2769 ἐν
1195 2715 1522 2788 ἀνθρωπίνῳ
1570 2713 1784 2782 σώματι
1811 2712 1943 2766 Θεὸν

363 2807 607 2878 οἰκῆσαι,
631 2805 811 2878 πολλῷ
837 2806 1038 2878 μᾶλλον
1075 2805 1134 2858 ἐν
1155 2804 1290 2875 λίθῳ
1323 2804 1418 2858 καὶ
1443 2803 1608 2874 ξύλῳ,
1639 2803 1734 2856 καὶ
1755 2801 1945 2856 τοσοῦο

364 2914 478 2965 1θον,
507 2900 632 2954 ὅσον
669 2897 817 2962 λίθος
854 2897 950 2952 καὶ
985 2895 1142 2963 ξύλον
1191 2896 1515 2968 ἀτιμότερον
1554 2894 1866 2965 ἀνθρώπου,
1897 2895 1946 2946 εἰ

370 2989 448 3064 μὴ
480 2990 590 3061 άρα
622 2992 718 3044 καὶ
737 2989 848 3044 τῶν
871 2989 1212 3061 ἀναισθήτων
1233 2988 1438 3042 τούτων
1460 2985 1603 3040 ὑλῶν
1631 2985 1946 3040 εὐτελέστε-

373 3099 465 3152 ρον
491 3083 552 3135 τὸ
575 3082 732 3150 γένος
752 3080 914 3153 ήμῶν
948 3082 1132 3145 αὐτοῖς
1160 3077 1300 3133 εἶναι
1321 3079 1492 3133 δοκεῖ.
1523 3077 1690 3132 Αὐτοὶ
1717 3077 1830 3148 γάρ
1853 3077 1949 3132 καὶ

369 3175 452 3239 εἰς
499 3173 787 3246 αἰλούρους
844 3173 940 3229 καὶ
973 3172 1164 3237 κύνας,
1216 3171 1403 3226 πολλοὶ
1429 3172 1486 3226 δὲ
1517 3171 1626 3224 τῶν
1659 3170 1951 3243 αἱρετικῶν

371 3268 465 3335 καὶ
495 3269 576 3331 είς
621 3266 702 3320 ἔτι
761 3265 967 3320 τούτων
1011 3265 1313 3337 ἀτιμότερα
1347 3263 1443 3318 τοῦ
1497 3262 1633 3318 Θεοῦ
1691 3263 1953 3332 κατάγειν

368 3357 612 3429 τολμῶσι
669 3359 772 3428 τὴν
821 3357 1032 3412 οὐσίαν.
1074 3358 1269 3429 Ἡμεῖς
1313 3356 1372 3412 δὲ
1431 3358 1637 3410 τούτων
1673 3357 1772 3427 μὲν
1802 3355 1953 3409 οὐδὲν

367 3447 491 3507 οὐτε
543 3449 798 3522 λέγομεν,
829 3449 954 3505 οὐτε
998 3449 1232 3505 ἀκοῦσαί
1279 3467 1409 3505 ποτε
1449 3449 1516 3504 ἀν
1548 3445 1950 3519 ἁνασχοίμεθα·

373 3543 549 3598 ἐκεῖνο
585 3542 641 3596 δέ
671 3560 873 3614 φαμεν,
907 3542 989 3596 δτι
1027 3541 1278 3614 καθαρὰν
1317 3543 1498 3614 σάρκα
1533 3541 1629 3595 καὶ
1665 3541 1828 3609 ἁγίαν
1861 3539 1956 3594 καὶ

374 3633 606 3704 ἄμωμον
633 3632 730 3686 καὶ
753 3631 998 3704 ἁμαρτίᾳ
1025 3632 1212 3703 ἁπάσῃ
1244 3632 1621 3702 γεγενημένην
1650 3630 1850 3685 ἄϐατον
1890 3632 1956 3684 ἐκ

375 3723 714 3793 παρθενικῆς
737 3724 950 3795 μήτρας
973 3721 1229 3778 ἀνέλαϐεν
1251 3722 1544 3794 όΧριστὸς,
1563 3722 1656 3775 καὶ
1680 3722 1740 3776 τὸ
1759 3723 1957 3776 οἰκεῖον

374 3813 721 3886 διωρθώσατο
769 3814 1017 3896 πλάσμα.
1048 3815 1310 3869 Κάκεῖνοι
1346 3813 1466 3886 μὲν,
1514 3815 1610 3868 καὶ
1632 3815 1679 3868 οἱ
1708 3813 1779 3868 τά
1809 3813 1948 3868 αὐτά

376 3905 702 3970 ἀσεϐοῦντες
726 3905 911 3970 αὐτοῖς
949 3906 1275 3978 Μανιχαῖοι,
1323 3908 1404 3970 εἰς
1446 3905 1616 3970 κύνας
1653 3905 1748 3960 καὶ
1797 3905 1961 3976 πιθή-

378 4014 509 4062 κους
532 3996 627 4052 καὶ
647 3997 813 4070 θηρία
841 3998 1158 4054 παντοδαπά
1179 3999 1279 4071 τήν
1307 3998 1496 4053 οὐσίαν
1526 3999 1836 4066 εἰσάγοντες
1862 3997 1958 4052 τοῦ

378 4086 516 4141 Θεοῦ
552 4087 690 4159 (τὴν
713 4088 826 4159 γάρ
852 4088 1032 4161 ψυχὴν
1053 4087 1264 4152 τούτοις
1302 4089 1507 4144 άπασιν
1540 4088 1608 4141 ἐκ
1643 4088 1742 4158 τῆς
1771 4087 1960 4151 οὐσίας

378 4178 595 4248 ἐκείνης
621 4175 760 4233 εἷναί
791 4180 1071 4249 φασιν),οὐ
1090 4180 1403 4252 φρίττουσιν
1433 4179 1554 4233 οὐδέ
1581 4179 1958 4245 καταδύονται,

377 4271 530 4342 ἡμᾶς
556 4271 613 4323 δὲ
640 4270 834 4336 ἀνάξια
857 4269 952 4324 τοῦ
977 4271 1112 4325 Θεοῦ
1167 4271 1349 4340 λέγειν
1401 4271 1587 4342 φασὶν,
1632 4272 1714 4326 ὃτι
1757 4271 1964 4327 τούτων

385 4361 486 4432 μὲν
512 4359 666 4414 οὐδὲν
693 4358 818 4413 οὐτε
842 4361 922 4424 εἰς
954 4359 1080 4414 νοῦν
1109 4361 1293 4414 λαϐεῖν
1323 4361 1648 4432 ἀνεχόμεθα·
1673 4361 1702 4416 δ
1721 4361 1779 4414 δὲ
1808 4361 1960 4432 αὑτῷ

383 4452 593 4525 πρέπον
621 4448 690 4523 ἦν
737 4453 833 4506 καὶ
880 4453 1187 4525 προσῆκον,
1238 4451 1490 4524 λέγομεν,
1523 4454 1605 4508 δτι
1652 4453 1715 4507 τὸ
1761 4455 1961 4506 οἰκεῖον

384 4545 544 4614 ἔργον
577 4543 746 4598 ἐλθὼν
794 4542 1142 4615 διωρθώσατο
1169 4542 1246 4614 τῷ
1287 4543 1389 4613 τῆς
1423 4543 1732 4615 γεννήσεως
1759 4541 1964 4613 ταύτης

385 4635 591 4706 τρόπῳ.
619 4636 685 4688 Τί
725 4635 936 4704 λέγεις,
967 4634 1088 4688 εἰπέ
1133 4652 1245 4706 μοι,
1284 4628 1329 4688 ὦ
1372 4633 1668 4705 ἄνθρωπε;
1719 4634 1828 4706 Τήν
1857 4634 1968 4688 τῶν

385 4726 727 4798 ἀνδροφόνων
762 4727 942 4798 ψυχὴν
970 4727 1065 4781 καὶ
1118 4726 1219 4797 τὴν
1264 4725 1373 4778 τῶν
1402 4727 1612 4798 γοήτων
1643 4726 1740 4797 τῆς
1781 4726 1970 4790 οὐσίας

387 4815 530 4872 εἶναι
557 4816 732 4886 λέγων
781 4819 875 4871 τοῦ
923 4816 1082 4881 Θεοῦ,
1133 4819 1264 4890 ἡμῖν
1311 4817 1514 4888 τολμᾷς
1570 4817 1853 4884 ἐγκαλεῖν,
1887 4818 1970 4871 ὃτι

389 4911 592 4967 τούτων
613 4911 712 4980 μὲν
733 4911 886 4964 οὐδὲν
914 4912 1238 4983 ἀνεχόμεθα,
1271 4911 1396 4966 οὐτε
1435 4910 1777 4981 ὑπομένομεν
1805 4909 1972 4963 ἀκοῦ-

393 5021 484 5061 σαι
518 5003 830 5074 λεγόμενον,
855 5003 992 5058 ἀλλά
1017 5006 1110 5059 καὶ
1133 5004 1260 5068 τοὺς
1291 5004 1549 5074 λέγοντας
1582 5002 1836 5066 ἀσεϐείας
1855 5001 1974 5074 κρί-

392 5114 558 5168 νομεν
598 5095 880 5168 μετόχους·
907 5097 1082 5149 ἐκεῖνο
1105 5097 1165 5150 δέ
1186 5114 1386 5167 φαμεν,
1409 5096 1490 5150 ὅτι
1523 5096 1648 5150 ναὸν
1673 5094 1828 5164 ἆγιον
1847 5095 1976 5148 ἐαυ-

396 5187 475 5258 τῷ
508 5187 925 5250 κατασκευάσας
959 5188 988 5239 ὁ
1013 5185 1166 5250 Θεὸς,
1194 5185 1262 5239 δι’
1289 5186 1498 5240 ἐκείνου
1536 5185 1636 5256 τὴν
1675 5186 1784 5239 τῶν
1810 5186 1973 5256 οὑραο

395 5275 501 5330 νῶν
533 5276 809 5332 πολιτείαν
854 5278 934 5340 εἰς
974 5277 1066 5343 τὸν
1112 5276 1224 5345 βίον
1259 5278 1522 5349 εἰσήγαγε
1558 5277 1649 5331 τὸν
1689 5277 1971 5349 ἡμέτερον.

397 5369 507 5424 Kal
557 5369 677 5434 πῶς
699 5371 799 5424 οὐκ
859 5369 926 5424 ἂν
971 5368 1118 5441 εἴητε
1158 5369 1366 5441 μυρίων
1397 5369 1644 5423 θανάτων
1693 5368 1854 5433 ἄξιοι,
1883 5367 1978 5421 καὶ

399 5460 541 5532 ὑπὲρ
567 5461 674 5515 τῶν
701 5462 1086 5534 ἐγκλημάτων,
1113 5456 1187 5518 ῶν
1221 5463 1352 5533 ήμῖν
1382 5461 1682 5530 ἐγκαλεῖτε,
1717 5462 1810 5514 καὶ
1836 5460 1975 5532 ὑπὲρ

403 5553 517 5606 τῶν
563 5554 944 5634 ἀσεϐημάτων,
985 5550 1062 5610 ῶν
1099 5554 1420 5617 ἀσεϐοῦντες
1478 5554 1540 5607 οὐ
1603 5552 1876 5619 παύεσθε;
1917 5553 1979 5606 Εἰ

478 5749 492 5769 ¹
520 5754 635 5806 Hec
663 5756 824 5819 verba,
852 5761 932 5806 οὐκ
961 5762 1091 5822 αὐτὸ,
1122 5775 1215 5811 nou
1240 5762 1386 5811 habet
1415 5758 1641 5817 Satilius.

1029 317 1087 372 S.
1127 316 1413 373 JOANNIS
1449 312 1934 372 CHRYSOSTOHI
1975 312 2290 371 ABCHIEP.
2331 305 2878 368 CONSTANTINOP.

3513 301 3613 357 360

2020 433 2131 504 γάρ
2159 433 2405 504 ἀπρεπὲς
2431 427 2571 500 Θεῷ,
2601 425 2759 497 σῶμα
2793 423 3011 491 οἰκῆσαι
3048 420 3290 493 καθαρὸν
3321 418 3423 472 καὶ
3457 417 3613 488 ἀμω-

2027 544 2144 596 μον,
2186 524 2261 587 ὡς
2309 523 2468 592 ὑμεῖς
2514 520 2722 588 λέγετε·
2755 516 2888 571 πολύ
2944 513 3141 586 μᾶλλον
3168 510 3610 582 ἀπρεπέστερον,

1984 678 2000 692 ο
2023 619 2084 671 τὸ
2115 616 2210 670 τοῦ
2243 614 2458 686 γόητος,
2486 612 2547 666 τὸ
2567 610 2661 665 τοῦ
2683 628 2746 664 τυ
2757 605 3066 681 μϐωρύχου,
3092 603 3155 659 τὸ
3181 603 3275 658 τοῦ
3307 601 3538 675 λῃστοῦ,
3555 599 3614 654 τὸ

2029 710 2122 764 τοῦ
2145 707 2401 778 πιθήκου,
2421 705 2482 760 τὸ
2505 704 2598 758 τοῦ
2633 703 2816 766 κυνὸς,
2852 702 2952 754 οὐκ
2973 697 3104 754 αὐτὸ
3128 710 3155 739 ι
3190 696 3250 750 τὸ
3284 693 3443 769 [364]
3458 695 3615 763 ἅγιον

2031 804 2126 857 καὶ
2158 803 2388 873 ἄμωμον
2418 799 2514 853 καὶ
2547 799 2604 851 ἐν
2637 797 2786 868 δεξιᾷ
2808 795 2905 849 τοῦ
2944 793 3155 866 Πατρὸς
3180 791 3276 846 νῦν
3300 789 3616 861 καθεζόμε-

2027 912 2139 949 νον.
2174 892 2313 947 Ποία
2339 889 2448 963 γὰρ
2496 888 2561 943 ἂν
2590 887 2765 959 βλάϐη
2791 887 2868 958 τῷ
2897 884 3016 956 Θεῷ
3055 883 3250 954 γένοιτ’
3273 881 3341 936 ἂν
3370 881 3483 936 ἀπὸ
3512 880 3616 952 τῆς

2029 984 2340 1055 οἰκονομίας
2370 981 2594 1052 ταύτης,
2624 979 2658 1051 ἦ
2690 980 2818 1032 ποία
2848 977 3034 1049 κηλίς;
3075 977 3187 1047 Οὐχ
3215 976 3378 1046 ὁρᾶτε
3402 973 3618 1028 τουτονὶ

2027 1079 2118 1132 τὸν
2147 1077 2318 1148 ἥλιον,
2353 1069 2415 1129 οὑ
2441 1075 2501 1128 τὸ
2549 1072 2710 1144 σῶμά
2756 1074 2903 1125 ἐστιν
2949 1069 3204 1141 αἰσθητὸν
3235 1068 3332 1123 καὶ
3367 1065 3619 1138 φθαρτὸν

2028 1166 2120 1219 καὶ
2152 1164 2433 1236 ἐπίκηρον,
2465 1161 2567 1216 κᾶν
2609 1161 2867 1232 μυριάκις
2901 1161 3306 1228 ἀποπνίγωνται
3349 1157 3619 1228 Ἕλληνες

2031 1257 2122 1310 καὶ
2141 1257 2432 1325 Μανιχαῶι
2454 1252 2627 1306 ταῦτα
2659 1252 2985 1317 ἀκούοντες;
3017 1252 3130 1321 Οὐχ
3161 1247 3314 1315 οὗτος
3339 1250 3398 1304 δὲ
3430 1251 3617 1320 μόνον,

2030 1348 2164 1400 ἀλλὰ
2187 1347 2281 1399 καὶ
2310 1347 2404 1415 γῆ,
2437 1345 2532 1398 καὶ
2563 1344 2824 1409 θάλασσα,
2860 1344 2954 1398 καὶ
3000 1345 3148 1396 πᾶσα
3183 1341 3370 1404 ἁπλῶς
3409 1343 3444 1412 ή
3476 1344 3620 1412 ὀρω-

2035 1440 2172 1510 μένη
2199 1438 2397 1504 κτίσις,
2430 1440 2497 1508 τῇ
2539 1438 2862 1507 ματαιότητι
2889 1434 3274 1488 ὑποτέτακται.
3309 1433 3422 1486 Kal
3448 1433 3622 1486 ἄκουε

2032 1531 2241 1588 Παύλου
2298 1528 2454 1583 τοῦτο
2485 1527 2789 1599 δηλοῦντος,
2843 1529 2900 1580 ἐν
2933 1521 3016 1590 οἷς
3046 1543 3199 1599 φησι·
3236 1525 3316 1595 Τῇ
3341 1526 3455 1595 γὰρ
3501 1541 3624 1594 μαι

2032 1622 2291 1688 ταιότητι
2337 1622 2376 1688 ἡ
2424 1621 2622 1686 κτίσις
2671 1617 2959 1688 ὑπετάγη.
2997 1620 3108 1688 οὐχ
3160 1618 3409 1682 ἑκοῦσα,
3453 1616 3626 1672 ἀλλὰ

2032 1714 2131 1768 διὰ
2169 1714 2277 1766 τὸν
2302 1712 2684 1777 ὑποτάξαντα
2726 1711 2818 1763 ἐπ’
2871 1709 3094 1764 ἐλπίδι.
3127 1706 3261 1762 Εῐτα
3311 1709 3511 1780 δηλῶν,
3564 1708 3625 1762 τί

2035 1805 2165 1858 ποτέ
2191 1805 2329 1869 ἐστι,
2357 1804 2675 1874 ματαιότητι
2709 1803 3072 1872 ὑποταγῆναι,
3101 1801 3371 1870 ἐπήγαγε,
3412 1801 3622 1870 λέγων·

2037 1900 2167 1952 "0n
2192 1898 2288 1951 καί
2307 1895 2464 1964 αὑτή
2493 1899 2532 1966 ἡ
2555 1897 2753 1962 κτίσις
2777 1893 3319 1963 ἐλευθερωθήσεται
3348 1894 3469 1948 ἀπὸ
3502 1892 3626 1961 τῆς

2035 1991 2317 2057 δουλείας
2358 1989 2468 2058 τῆς
2483 1988 2708 2059 φθορᾶς
2735 1991 2822 2053 εἰς
2847 1987 2963 2056 τὴν
3007 1988 3356 2056 ἐλευθερίαν
3375 1986 3490 2054 τῆς
3518 1986 3628 2040 δό-

2037 2083 2150 2150 ξης
2182 2082 2302 2136 τῶν
2317 2083 2541 2136 τέκνων
2564 2080 2670 2135 τοῦ
2697 2079 3038 2134 Θεοῦ.Ὤστε
3064 2079 3160 2132 νῦν
3191 2079 3457 2150 ἐπίκηρός
3475 2079 3626 2141 ἐστι,

2037 2178 2133 2231 καὶ
2184 2176 2396 2247 φθαρτή
2429 2175 2566 2228 ἐστι·
2601 2173 2662 2226 τὸ
2685 2173 2794 2244 γὰρ
2830 2174 2896 2244 τῇ
2943 2171 3120 2244 φθορᾷ
3167 2171 3436 2224 δουλεύειν
3464 2171 3629 2224 οὐδὲν

2039 2267 2223 2338 ἔτερόν
2238 2268 2407 2331 ἐστιν,
2437 2265 2472 2337 ἢ
2503 2265 2742 2336 φθαρτὸν
2775 2260 2934 2317 εἶναι.
2963 2264 3027 2316 Εἰ
3049 2263 3228 2315 τοίνυν
3250 2265 3279 2315 ὁ
3300 2262 3475 2332 ⁴ἣλιος,
3517 2262 3632 2314 36':-

2045 2377 2124 2431 μα
2156 2358 2394 2431 φθαρτὸν
2431 2357 2529 2426 ῶν,
2574 2355 2855 2428 πανταχοῦ
2888 2356 2986 2419 τὰς
3018 2356 3244 2419 ἀκτῖνας
3277 2356 3494 2426 ἀφίησι,
3525 2356 3630 2407 καὶ

2043 2451 2325 2524 βορϐόροις
2351 2449 2447 2504 καὶ
2464 2449 2760 2521 μολυσμοῖς
2786 2447 2879 2501 καὶ
2908 2447 3122 2511 πολλοῖς
3153 2447 3333 2511 ἄλλοις
3355 2447 3632 2511 τοιούτοις

2040 2542 2243 2615 ὁμιλῶν
2281 2543 2592 2614 πράγμασι,
2627 2540 2778 2595 οὐδὲν
2811 2540 2920 2594 ἀπὸ
2943 2539 3046 2610 τῆς
3095 2539 3312 2610 ὁμιλίας
3353 2539 3464 2593 τῶν
3515 2557 3632 2593 σω-

2046 2635 2232 2706 μάτων
2254 2646 2280 2675 ι
2315 2635 2396 2697 εἰς
2410 2632 2507 2704 τήν
2535 2633 2743 2686 οἰκείαν
2769 2631 3120 2702 καθαρότητα
3149 2630 3634 2702 παραϐλάπτεται,

2043 2725 2183 2781 ἀλλά
2215 2725 2311 2779 καὶ
2339 2722 2589 2795 καθαράς
2619 2722 2897 2776 συστέλλει
2926 2721 3026 2786 τὰς
3055 2723 3280 2784 ἀκτῖνας
3315 2720 3498 2785 πάλιν,
3528 2723 3637 2791 τῆς

2044 2819 2253 2882 οἰκείας
2281 2817 2482 2889 ἀρετῆς
2514 2817 2729 2880 πολλοῖς
2749 2815 2858 2869 τῶν
2889 2813 3308 2884 ὑποδεξαμένων
3335 2812 3496 2867 αὐτὸν
3524 2830 3640 2866 σω-

2050 2909 2234 2981 μάτων
2261 2907 2596 2980 μεταδιδοὺς,
2620 2906 2722 2977 τῆς
2736 2904 2794 2958 δὲ
2821 2904 3083 2968 δυσωδίας
3108 2905 3204 2957 καὶ
3226 2903 3325 2956 τοῦ
3349 2902 3642 2974 μολυσμοῦ

2047 2999 2170 3054 οὐδὲ
2197 2999 2260 3052 τὸ
2283 2999 2444 3069 τυχὸν
2476 2998 2637 3062 αὐτὸς
2670 2995 3127 3068 προσλαμϐάνων·
3161 2994 3341 3066 πολλῷ
3383 2995 3585 3066 μᾶλλον
3607 2997 3642 3048 ὁ

2047 3092 2147 3162 τῆς
2172 3090 2515 3162 δικαιοσύνης
2554 3089 2727 3160 ἥλιος,
2758 3091 2786 3142 ό
2838 3087 2949 3142 τῶν
2997 3087 3304 3156 ἀσωμάτων
3346 3086 3640 3157 δυνάμεων

2049 3182 2347 3252 Δεσπότης,
2399 3183 2480 3245 εἰς
2517 3179 2765 3251 καθαρὰν
2800 3179 2980 3250 σάρκα
3006 3176 3198 3242 ἐλθὼν,
3227 3177 3288 3231 οὐ
3324 3177 3481 3248 μόνον
3531 3176 3642 3230 οὐκ

2052 3273 2344 3347 ἐμολύνθη,
2369 3273 2505 3328 ἀλλὰ
2531 3273 2627 3327 καί⁹
2651 3271 2818 3342 αὐτὴν
2851 3269 3056 3340 ταύτην
3079 3266 3494 3340 καθαρωτέραν,
3537 3266 3642 3319 καὶ

2053 3366 2360 3438 ἀγιωτέραν
2388 3366 2702 3436 εἰργάσατο.
2726 3362 2912 3416 Ταῦτα
2937 3358 3032 3415 οῦν
3060 3361 3279 3415 ἅπαντα
3303 3357 3639 3420 ἐννοοῦντες,

2053 3462 2148 3515 καὶ
2183 3458 2609 3531 μνημονεύοντες
2645 3457 2745 3526 τῆς
2774 3456 2959 3526 φωνῆς
2987 3455 3087 3527 τῆς
3123 3453 3414 3524 λεγούσης·
3450 3453 3643 3506 Ἐνοι-

2054 3550 2224 3619 κήσω
2256 3551 2327 3604 ἐν
2375 3549 2599 3614 αὐτοῖς,
2647 3548 2747 3602 καί
2793 3545 3276 3618 ἐμπεριπατήσω·
3320 3546 3415 3599 καὶ
3450 3545 3640 3608 πάλιν,

2069 3643 2267 3714 Ὑμεῖς
2282 3643 2430 3708 ναὸς
2453 3641 2602 3696 Θεοῦ
2625 3640 2785 3706 ἐστε,
2817 3641 2917 3694 καὶ
2950 3639 3019 3693 τὸ
3067 3640 3313 3709 Πνεῦμα
3344 3637 3450 3692 τοῦ
3487 3636 3642 3692 Θεοῦ

2056 3734 2276 3789 ἐνοικεῖ
2301 3735 2371 3787 ὲν
2396 3731 2558 3802 ὑμῖν,
2592 3730 2686 3785 καὶ
2717 3732 2882 3803 ήμεῖς
2923 3728 3062 3801 πρὸς
3100 3729 3342 3792 ἐκείνους
3367 3729 3642 3798 λέγωμεν,

2058 3824 2152 3876 καὶ
2172 3825 2242 3875 τὰ
2261 3821 2594 3891 ἀναίσχυντα
2612 3820 2718 3873 τῶν
2735 3817 2948 3872 ἀσεϐῶν
2973 3817 3414 3890 ἀποφράττωμεν
3440 3817 3644 3888 στόμα-

2057 3927 2148 3975 τα,
2179 3909 2275 3964 καὶ
2302 3910 2395 3963 ἐπὶ
2443 3910 2556 3972 τοῖς
2588 3905 2884 3979 ήμετέροις
2916 3904 3146 3974 ἀγαθοῖς
3191 3903 3642 3975 εὐφραινώμεθα,

2059 3997 2272 4052 καὶτὸν
2305 3995 2657 4068 σαρκωθὲντα
2703 3993 2837 4048 Θεὸν
2878 3992 3191 4063 δοξάζωμεν
3221 3992 3362 4063 ὑπὲρ
3409 3991 3508 4063 τῆς
3556 4008 3646 4045 το-

2065 4084 2268 4156 σαύτης
2298 4084 2779 4154 συγκαταϐάσεως,
2821 4082 2917 4135 καὶ
2955 4080 3099 4134 κατά
3131 4079 3360 4148 δύναμιν
3379 4078 3478 4148 τὴν
3505 4079 3647 4151 ήμε-

2062 4175 2248 4245 τέραν,
2278 4173 2433 4240 ἀξίαν
2476 4171 2768 4242 ἀποδῶμεν
2807 4169 2956 4240 αὐτῷ
2979 4170 3074 4222 καὶ
3103 4168 3204 4238 τὴν
3228 4166 3395 4238 τιμὴν
3417 4167 3514 4220 καὶ
3543 4167 3650 4238 τήν

2065 4261 2320 4334 ἀμοιϐήν·
2350 4258 2467 4330 Θεῷ
2495 4259 2552 4312 δὲ
2587 4256 2795 4330 ἀμοιϐὴ
2830 4255 3061 4327 οὐδεμία
3090 4257 3223 4326 παρ’
3253 4253 3413 4324 ἡμῶν
3447 4253 3649 4323 γένοιτ⁹

2065 4349 2152 4416 ἂν,
2180 4349 2292 4402 ἀλλ’
2321 4349 2354 4419 ἢ
2393 4349 2552 4419 μόνον
2579 4347 2614 4418 ή
2640 4344 2886 4416 σωτηρία
2911 4348 2946 4414 ή
2955 4342 3072 4415 μῶν
3104 4343 3200 4396 καὶ
3225 4342 3336 4395 τῶν
3365 4341 3648 4414 ἡμετέρων

2066 4439 2273 4512 ψυχῶν.
2309 4439 2404 4492 xal
2427 4439 2462 4509 ἡ
2495 4436 2622 4509 περὶ
2649 4435 2747 4506 τὴν
2777 4435 2980 4506 ἀρετὴν
3015 4431 3322 4502 ἐπιμέλεια.

2132 4527 2197 4592 ζ’.
2217 4527 2302 4599 Μὴ
2327 4527 2503 4581 τοίνυν
2528 4523 2814 4596 γενώμεθα
2835 4520 3150 4592 ἀγνώμονες
3173 4520 3303 4593 περὶ
3318 4520 3409 4574 τὸν
3427 4519 3653 4592 εὐεργέα

2067 4634 2187 4688 την,
2216 4614 2352 4670 ἀλλά
2377 4614 2446 4668 τὰ
2477 4612 2619 4667 κατὰ
2645 4611 2872 4679 δύναμιν
2896 4609 3135 4666 ἅπαντες
3168 4608 3385 4662 ἅπαντα
3411 4607 3652 4675 εἰσενέγ-

2072 4724 2278 4779 κωμεν,
2310 4705 2514 4768 πίστιν,
2546 4703 2758 4766 ἐλπίδα,
2793 4701 3040 4773 ἀγάπην,
3088 4699 3463 4772 σωφροσύνην,
3497 4699 3654 4769 ἐλεη-

2075 4800 2332 4872 μοσύνην,
2359 4795 2683 4866 φιλοξενίαν.
2708 4795 2818 4849 Kal
2843 4793 2873 4847 δ
2895 4792 3086 4865 πρώην
3101 4794 3246 4864 ὑμᾶς
3279 4792 3652 4864 παρεκάλεσα.

2070 4891 2228 4948 τοῦτο
2250 4891 2343 4946 καὶ
2368 4889 2482 4956 νῦν,
2513 4887 2606 4942 καὶ
2635 4887 2722 4941 ἀεὶ⁵
2753 4886 3090 4959 παρακαλῶν
3129 4887 3191 4938 οὐ
3232 4884 3538 4956 παύσομαι.
3587 4884 3655 4938 Τί

2070 4986 2128 5040 δέ
2151 4982 2310 5038 τοῦτὸ
2351 4983 2504 5046 itm;
2554 4978 2856 5041 Μέλλοντες
2907 4976 3190 5048 προσιέναι
3221 4979 3289 5048 τῇ
3324 4980 3529 5048 φρικτῇ
3556 4977 3656 5032 καὶ

2073 5079 2196 5150 θείᾳ
2211 5076 2383 5148 ταύτῃ
2407 5072 2655 5146 τραπέζῃ
2689 5070 2782 5126 καὶ
2816 5071 2936 5142 ἰερᾷ
2971 5069 3352 5141 μυσταγωγία,
3379 5068 3520 5140 μετά
3549 5067 3651 5138 φό-

2075 5171 2171 5224 ϐου
2194 5169 2289 5224 καὶ
2312 5167 2515 5240 τρόμου
2547 5165 2705 5219 τοῦτο
2752 5166 2978 5226 ποιεῖτε,
3016 5161 3154 5233 μετά
3193 5159 3440 5234 καθαροῦ
3476 5177 3656 5214 συνει-

2074 5262 2244 5323 δότος,
2280 5259 2416 5331 μετὰ
2440 5257 2690 5330 νηστείας
2712 5255 2805 5312 καὶ
2833 5255 3159 5327 προσευχῆς.
3185 5253 3260 5326 μὴ
3277 5253 3660 5324 θορυϐοῦντες,

2080 5351 2215 5422 μηδέ
2246 5347 2610 5414 λακτίζοντες,
2636 5347 2771 5418 μηδέ
2791 5345 3056 5410 ὠθοῦντες
3085 5345 3210 5410 τοὺς
3228 5343 3475 5415 πλησίον·
3493 5344 3662 5414 ἰσχάς

2079 5462 2176 5517 της
2201 5443 2308 5516 γάρ
2334 5442 2488 5496 τοῦτο
2511 5441 2831 5513 παρανοίας,
2868 5441 2963 5493 καὶ
2991 5439 3447 5510 καταφρονήσεως
3479 5437 3543 5490 οὐ
3561 5438 3662 5506 τῆς

2079 5537 2364 5610 τυχούσης.
2401 5536 2492 5590 Διὸ
2517 5535 2611 5588 καὶ
2651 5533 2851 5602 πολλὴν
2883 5531 3034 5604 [565]
3066 5532 3261 5599 ἐπάγει
3305 5533 3419 5593 τοῖς
3489 5528 3665 5584 ταῦτα

2145 5753 2172 5802 b
2195 5753 2306 5805 Mss.
2322 5752 2415 5801 ἀπὸ
2435 5751 2517 5799 τοῦ
2541 5747 2784 5814 μολυσμοῦ
2808 5748 3093 5808 σωματικῶν
3115 5744 3288 5809 ρώπων.
