  <div class='ocr_page' id='page_1' title='image "/cluster/home/n/w/nwhite01/storage/ocr_20150623/49/mdp.39015028539461/358.png"; bbox 0 0 3862 6232; ppageno 0'>
   <div class='ocr_carea' id='block_1_1' title="bbox 150 437 257 494">
    <p class='ocr_par' dir='ltr' id='par_1_1' title="bbox 150 437 257 494">
     <span class='ocr_line' id='line_1_1' title="bbox 150 437 257 494; baseline -0.019 0"><span class='ocrx_word' id='word_1_1' title='bbox 150 437 257 494; x_wconf 73' lang='grc'><strong>359</strong></span> 
     </span>
    </p>
   </div>
   <div class='ocr_carea' id='block_1_2' title="bbox 129 528 1712 618">
    <p class='ocr_par' dir='ltr' id='par_1_2' title="bbox 129 528 1712 618">
     <span class='ocr_line' id='line_1_2' title="bbox 129 528 1712 618; baseline -0.011 -11"><span class='ocrx_word' id='word_1_2' title='bbox 129 560 362 618; x_wconf 85' lang='lat' dir='ltr'><strong>ctantur,</strong></span> <span class='ocrx_word' id='word_1_3' title='bbox 393 549 693 618; x_wconf 86' lang='lat' dir='ltr'><strong>multosque</strong></span> <span class='ocrx_word' id='word_1_4' title='bbox 731 561 797 602; x_wconf 75' lang='lat' dir='ltr'><strong>ex</strong></span> <span class='ocrx_word' id='word_1_5' title='bbox 838 528 1247 614; x_wconf 76' lang='lat' dir='ltr'><strong>sunpliciorlbus</strong></span> <span class='ocrx_word' id='word_1_6' title='bbox 1297 540 1509 596; x_wconf 89' lang='lat' dir='ltr'><strong>turbant</strong></span> <span class='ocrx_word' id='word_1_7' title='bbox 1553 549 1712 608; x_wconf 80' lang='lat' dir='ltr'><strong>atque</strong></span> 
     </span>
    </p>
   </div>
   <div class='ocr_carea' id='block_1_3' title="bbox 131 627 1711 712">
    <p class='ocr_par' dir='ltr' id='par_1_3' title="bbox 131 627 1711 712">
     <span class='ocr_line' id='line_1_3' title="bbox 131 627 1711 712; baseline -0.009 -16"><span class='ocrx_word' id='word_1_8' title='bbox 131 643 460 712; x_wconf 88' lang='lat' dir='ltr'><strong>inquietant:</strong></span> <span class='ocrx_word' id='word_1_9' title='bbox 480 655 617 710; x_wconf 90' lang='lat' dir='ltr'><strong>opus</strong></span> <span class='ocrx_word' id='word_1_10' title='bbox 639 648 741 702; x_wconf 89' lang='lat' dir='ltr'><strong>est,</strong></span> <span class='ocrx_word' id='word_1_11' title='bbox 765 652 886 691; x_wconf 92' lang='lat' dir='ltr'><strong>cum</strong></span> <span class='ocrx_word' id='word_1_12' title='bbox 912 635 977 690; x_wconf 91' lang='lat' dir='ltr'><strong>ad</strong></span> <span class='ocrx_word' id='word_1_13' title='bbox 1000 636 1160 705; x_wconf 84' lang='lat' dir='ltr'><strong>ipsos,</strong></span> <span class='ocrx_word' id='word_1_14' title='bbox 1184 645 1293 689; x_wconf 84' lang='lat' dir='ltr'><strong>tum</strong></span> <span class='ocrx_word' id='word_1_15' title='bbox 1318 631 1385 687; x_wconf 86' lang='lat' dir='ltr'><strong>ad</strong></span> <span class='ocrx_word' id='word_1_16' title='bbox 1409 627 1711 700; x_wconf 98' lang='lat' dir='ltr'><strong>huiusmodi</strong></span> 
     </span>
    </p>
   </div>
   <div class='ocr_carea' id='block_1_4' title="bbox 129 716 1714 800">
    <p class='ocr_par' dir='ltr' id='par_1_4' title="bbox 129 716 1714 800">
     <span class='ocr_line' id='line_1_4' title="bbox 129 716 1714 800; baseline -0.004 -21"><span class='ocrx_word' id='word_1_17' title='bbox 129 732 220 800; x_wconf 79' lang='lat' dir='ltr'><strong>qui</strong></span> <span class='ocrx_word' id='word_1_18' title='bbox 268 731 416 785; x_wconf 92' lang='lat' dir='ltr'><strong>hisce</strong></span> <span class='ocrx_word' id='word_1_19' title='bbox 469 729 768 790; x_wconf 89' lang='lat' dir='ltr'><strong>turbantur,</strong></span> <span class='ocrx_word' id='word_1_20' title='bbox 819 739 1119 781; x_wconf 85' lang='lat' dir='ltr'><strong>sermonem</strong></span> <span class='ocrx_word' id='word_1_21' title='bbox 1168 724 1425 792; x_wconf 71' lang='lat' dir='ltr'><strong>dirigere,</strong></span> <span class='ocrx_word' id='word_1_22' title='bbox 1482 735 1550 774; x_wconf 91' lang='lat' dir='ltr'><strong>ne</strong></span> <span class='ocrx_word' id='word_1_23' title='bbox 1590 716 1714 788; x_wconf 91' lang='lat' dir='ltr'><strong>quid</strong></span> 
     </span>
    </p>
   </div>
   <div class='ocr_carea' id='block_1_5' title="bbox 137 814 1714 891">
    <p class='ocr_par' dir='ltr' id='par_1_5' title="bbox 137 814 1714 891">
     <span class='ocr_line' id='line_1_5' title="bbox 137 814 1714 891; baseline -0.009 -15"><span class='ocrx_word' id='word_1_24' title='bbox 137 837 388 891; x_wconf 88' lang='lat' dir='ltr'><strong>umquam</strong></span> <span class='ocrx_word' id='word_1_25' title='bbox 444 821 646 875; x_wconf 90' lang='lat' dir='ltr'><strong>insanis</strong></span> <span class='ocrx_word' id='word_1_26' title='bbox 692 816 995 873; x_wconf 89' lang='lat' dir='ltr'><strong>hominibus</strong></span> <span class='ocrx_word' id='word_1_27' title='bbox 1032 814 1432 884; x_wconf 88' lang='lat' dir='ltr'><strong>acquiescentes</strong></span> <span class='ocrx_word' id='word_1_28' title='bbox 1474 823 1714 865; x_wconf 89' lang='lat' dir='ltr'><strong>commo-</strong></span> 
     </span>
    </p>
   </div>
   <div class='ocr_carea' id='block_1_6' title="bbox 140 901 1712 980">
    <p class='ocr_par' dir='ltr' id='par_1_6' title="bbox 140 901 1712 980">
     <span class='ocr_line' id='line_1_6' title="bbox 140 901 1712 980; baseline -0.006 -15"><span class='ocrx_word' id='word_1_29' title='bbox 140 923 386 980; x_wconf 84' lang='lat' dir='ltr'><strong>veantur,</strong></span> <span class='ocrx_word' id='word_1_30' title='bbox 417 921 510 968; x_wconf 91' lang='lat' dir='ltr'><strong>aut</strong></span> <span class='ocrx_word' id='word_1_31' title='bbox 548 913 824 967; x_wconf 89' lang='lat' dir='ltr'><strong>turbentur</strong></span> <span class='ocrx_word' id='word_1_32' title='bbox 847 925 915 964; x_wconf 79' lang='lat' dir='ltr'><strong>ex</strong></span> <span class='ocrx_word' id='word_1_33' title='bbox 939 906 1242 978; x_wconf 89' lang='lat' dir='ltr'><strong>huiusmodi</strong></span> <span class='ocrx_word' id='word_1_34' title='bbox 1271 904 1558 960; x_wconf 90' lang='lat' dir='ltr'><strong>inﬁdelium</strong></span> <span class='ocrx_word' id='word_1_35' title='bbox 1590 901 1712 957; x_wconf 89' lang='lat' dir='ltr'><strong>irri-</strong></span> 
     </span>
    </p>
   </div>
   <div class='ocr_carea' id='block_1_7' title="bbox 133 996 1714 1074">
    <p class='ocr_par' dir='ltr' id='par_1_7' title="bbox 133 996 1714 1074">
     <span class='ocr_line' id='line_1_7' title="bbox 133 996 1714 1074; baseline -0.006 -14"><span class='ocrx_word' id='word_1_36' title='bbox 133 1005 306 1060; x_wconf 87' lang='lat' dir='ltr'><strong>sione.</strong></span> <span class='ocrx_word' id='word_1_37' title='bbox 330 1005 463 1060; x_wconf 89' lang='lat' dir='ltr'><strong>Nam</strong></span> <span class='ocrx_word' id='word_1_38' title='bbox 493 1012 548 1060; x_wconf 91' lang='lat' dir='ltr'><strong>et</strong></span> <span class='ocrx_word' id='word_1_39' title='bbox 575 1003 724 1074; x_wconf 88' lang='lat' dir='ltr'><strong>parvi</strong></span> <span class='ocrx_word' id='word_1_40' title='bbox 763 1003 912 1074; x_wconf 91' lang='lat' dir='ltr'><strong>pueri</strong></span> <span class='ocrx_word' id='word_1_41' title='bbox 951 1016 1039 1056; x_wconf 91' lang='lat' dir='ltr'><strong>res</strong></span> <span class='ocrx_word' id='word_1_42' title='bbox 1061 1001 1248 1065; x_wconf 88' lang='lat' dir='ltr'><strong>serias,</strong></span> <span class='ocrx_word' id='word_1_43' title='bbox 1280 1006 1436 1069; x_wconf 83' lang='lat' dir='ltr'><strong>atque</strong></span> <span class='ocrx_word' id='word_1_44' title='bbox 1461 996 1596 1052; x_wconf 89' lang='lat' dir='ltr'><strong>adeo</strong></span> <span class='ocrx_word' id='word_1_45' title='bbox 1620 1011 1714 1051; x_wconf 87' lang='lat' dir='ltr'><strong>ne-</strong></span> 
     </span>
    </p>
   </div>
   <div class='ocr_carea' id='block_1_8' title="bbox 130 1088 1710 1166">
    <p class='ocr_par' dir='ltr' id='par_1_8' title="bbox 130 1088 1710 1166">
     <span class='ocr_line' id='line_1_8' title="bbox 130 1088 1710 1166; baseline -0.008 -15"><span class='ocrx_word' id='word_1_46' title='bbox 130 1098 392 1152; x_wconf 83' lang='lat' dir='ltr'><strong>cessarias</strong></span> <span class='ocrx_word' id='word_1_47' title='bbox 431 1112 572 1166; x_wconf 69' lang='lat' dir='ltr'><strong>saepe</strong></span> <span class='ocrx_word' id='word_1_48' title='bbox 613 1095 767 1150; x_wconf 91' lang='lat' dir='ltr'><strong>nobis</strong></span> <span class='ocrx_word' id='word_1_49' title='bbox 793 1093 1111 1164; x_wconf 73' lang='lat' dir='ltr'><strong>agitantibus</strong></span> <span class='ocrx_word' id='word_1_50' title='bbox 1150 1090 1325 1146; x_wconf 90' lang='lat' dir='ltr'><strong>ridere</strong></span> <span class='ocrx_word' id='word_1_51' title='bbox 1364 1088 1573 1142; x_wconf 84' lang='lat' dir='ltr'><strong>solent:</strong></span> <span class='ocrx_word' id='word_1_52' title='bbox 1605 1102 1710 1140; x_wconf 89' lang='lat' dir='ltr'><strong>non</strong></span> 
     </span>
    </p>
   </div>
   <div class='ocr_carea' id='block_1_9' title="bbox 132 1185 1713 1253">
    <p class='ocr_par' dir='ltr' id='par_1_9' title="bbox 132 1185 1713 1253">
     <span class='ocr_line' id='line_1_9' title="bbox 132 1185 1713 1253; baseline -0.006 -13"><span class='ocrx_word' id='word_1_53' title='bbox 132 1198 313 1242; x_wconf 91' lang='lat' dir='ltr'><strong>tamen</strong></span> <span class='ocrx_word' id='word_1_54' title='bbox 343 1187 538 1242; x_wconf 90' lang='lat' dir='ltr'><strong>idcirco</strong></span> <span class='ocrx_word' id='word_1_55' title='bbox 566 1187 706 1244; x_wconf 85' lang='lat' dir='ltr'><strong>risus</strong></span> <span class='ocrx_word' id='word_1_56' title='bbox 745 1185 831 1239; x_wconf 88' lang='lat' dir='ltr'><strong>hic</strong></span> <span class='ocrx_word' id='word_1_57' title='bbox 857 1191 1222 1253; x_wconf 79' lang='lat' dir='ltr'><strong>argumentum</strong></span> <span class='ocrx_word' id='word_1_58' title='bbox 1253 1189 1335 1235; x_wconf 91' lang='lat' dir='ltr'><strong>est</strong></span> <span class='ocrx_word' id='word_1_59' title='bbox 1364 1192 1566 1243; x_wconf 91' lang='lat' dir='ltr'><strong>rerum,</strong></span> <span class='ocrx_word' id='word_1_60' title='bbox 1594 1192 1713 1245; x_wconf 80' lang='lat' dir='ltr'><strong>quze</strong></span> 
     </span>
    </p>
   </div>
   <div class='ocr_carea' id='block_1_10' title="bbox 133 1268 1710 1344">
    <p class='ocr_par' dir='ltr' id='par_1_10' title="bbox 133 1268 1710 1344">
     <span class='ocr_line' id='line_1_10' title="bbox 133 1268 1710 1344; baseline -0.009 -11"><span class='ocrx_word' id='word_1_61' title='bbox 133 1280 393 1344; x_wconf 86' lang='lat' dir='ltr'><strong>ridentur,</strong></span> <span class='ocrx_word' id='word_1_62' title='bbox 423 1277 658 1344; x_wconf 83' lang='lat' dir='ltr'><strong>vilitatis,</strong></span> <span class='ocrx_word' id='word_1_63' title='bbox 690 1275 783 1330; x_wconf 87' lang='lat' dir='ltr'><strong>sed</strong></span> <span class='ocrx_word' id='word_1_64' title='bbox 817 1290 1024 1338; x_wconf 89' lang='lat' dir='ltr'><strong>eorum,</strong></span> <span class='ocrx_word' id='word_1_65' title='bbox 1049 1272 1138 1342; x_wconf 91' lang='lat' dir='ltr'><strong>qui</strong></span> <span class='ocrx_word' id='word_1_66' title='bbox 1165 1271 1358 1335; x_wconf 87' lang='lat' dir='ltr'><strong>rident,</strong></span> <span class='ocrx_word' id='word_1_67' title='bbox 1388 1268 1710 1324; x_wconf 87' lang='lat' dir='ltr'><strong>stoliditatis.</strong></span> 
     </span>
    </p>
   </div>
   <div class='ocr_carea' id='block_1_11' title="bbox 129 1360 1712 1438">
    <p class='ocr_par' dir='ltr' id='par_1_11' title="bbox 129 1360 1712 1438">
     <span class='ocr_line' id='line_1_11' title="bbox 129 1360 1712 1438; baseline -0.008 -12"><span class='ocrx_word' id='word_1_68' title='bbox 129 1371 281 1438; x_wconf 84' lang='lat' dir='ltr'><strong>Quod</strong></span> <span class='ocrx_word' id='word_1_69' title='bbox 327 1371 464 1425; x_wconf 86' lang='lat' dir='ltr'><strong>idem</strong></span> <span class='ocrx_word' id='word_1_70' title='bbox 494 1369 648 1423; x_wconf 90' lang='lat' dir='ltr'><strong>nobis</strong></span> <span class='ocrx_word' id='word_1_71' title='bbox 681 1367 748 1422; x_wconf 91' lang='lat' dir='ltr'><strong>de</strong></span> <span class='ocrx_word' id='word_1_72' title='bbox 790 1366 936 1421; x_wconf 91' lang='lat' dir='ltr'><strong>hisce</strong></span> <span class='ocrx_word' id='word_1_73' title='bbox 975 1364 1201 1421; x_wconf 85' lang='lat' dir='ltr'><strong>ethnicis</strong></span> <span class='ocrx_word' id='word_1_74' title='bbox 1228 1363 1405 1418; x_wconf 87' lang='lat' dir='ltr'><strong>dicere</strong></span> <span class='ocrx_word' id='word_1_75' title='bbox 1431 1361 1587 1415; x_wconf 89' lang='lat' dir='ltr'><strong>licet:</strong></span> <span class='ocrx_word' id='word_1_76' title='bbox 1621 1360 1712 1429; x_wconf 89' lang='lat' dir='ltr'><strong>qui</strong></span> 
     </span>
    </p>
   </div>
   <div class='ocr_carea' id='block_1_12' title="bbox 131 1450 1709 1532">
    <p class='ocr_par' dir='ltr' id='par_1_12' title="bbox 131 1450 1709 1532">
     <span class='ocr_line' id='line_1_12' title="bbox 131 1450 1709 1532; baseline -0.01 -14"><span class='ocrx_word' id='word_1_77' title='bbox 131 1463 312 1532; x_wconf 88' lang='lat' dir='ltr'><strong>pueris</strong></span> <span class='ocrx_word' id='word_1_78' title='bbox 342 1463 474 1530; x_wconf 88' lang='lat' dir='ltr'><strong>ipsis</strong></span> <span class='ocrx_word' id='word_1_79' title='bbox 513 1475 676 1530; x_wconf 85' lang='lat' dir='ltr'><strong>prope</strong></span> <span class='ocrx_word' id='word_1_80' title='bbox 715 1458 1035 1512; x_wconf 78' lang='lat' dir='ltr'><strong>amantiores</strong></span> <span class='ocrx_word' id='word_1_81' title='bbox 1072 1471 1192 1510; x_wconf 91' lang='lat' dir='ltr'><strong>eum</strong></span> <span class='ocrx_word' id='word_1_82' title='bbox 1221 1455 1346 1519; x_wconf 90' lang='lat' dir='ltr'><strong>sint,</strong></span> <span class='ocrx_word' id='word_1_83' title='bbox 1378 1468 1441 1508; x_wconf 91' lang='lat' dir='ltr'><strong>ea</strong></span> <span class='ocrx_word' id='word_1_84' title='bbox 1469 1450 1709 1516; x_wconf 88' lang='lat' dir='ltr'><strong>irrident,</strong></span> 
     </span>
    </p>
   </div>
   <div class='ocr_carea' id='block_1_13' title="bbox 127 1544 1710 1625">
    <p class='ocr_par' dir='ltr' id='par_1_13' title="bbox 127 1544 1710 1625">
     <span class='ocr_line' id='line_1_13' title="bbox 127 1544 1710 1625; baseline -0.01 -14"><span class='ocrx_word' id='word_1_85' title='bbox 127 1572 248 1625; x_wconf 83' lang='lat' dir='ltr'><strong>qu:e</strong></span> <span class='ocrx_word' id='word_1_86' title='bbox 277 1555 524 1625; x_wconf 90' lang='lat' dir='ltr'><strong>religioso</strong></span> <span class='ocrx_word' id='word_1_87' title='bbox 564 1551 792 1622; x_wconf 90' lang='lat' dir='ltr'><strong>quodam</strong></span> <span class='ocrx_word' id='word_1_88' title='bbox 838 1551 1061 1603; x_wconf 90' lang='lat' dir='ltr'><strong>horrore</strong></span> <span class='ocrx_word' id='word_1_89' title='bbox 1103 1557 1262 1616; x_wconf 88' lang='lat' dir='ltr'><strong>atque</strong></span> <span class='ocrx_word' id='word_1_90' title='bbox 1289 1545 1433 1598; x_wconf 90' lang='lat' dir='ltr'><strong>omni</strong></span> <span class='ocrx_word' id='word_1_91' title='bbox 1478 1544 1710 1598; x_wconf 89' lang='lat' dir='ltr'><strong>admira-</strong></span> 
     </span>
    </p>
   </div>
   <div class='ocr_carea' id='block_1_14' title="bbox 127 1633 1738 1716">
    <p class='ocr_par' dir='ltr' id='par_1_14' title="bbox 127 1633 1738 1716">
     <span class='ocr_line' id='line_1_14' title="bbox 127 1633 1738 1716; baseline -0.01 -15"><span class='ocrx_word' id='word_1_92' title='bbox 127 1649 278 1701; x_wconf 91' lang='lat' dir='ltr'><strong>tione</strong></span> <span class='ocrx_word' id='word_1_93' title='bbox 322 1646 476 1716; x_wconf 91' lang='lat' dir='ltr'><strong>plena</strong></span> <span class='ocrx_word' id='word_1_94' title='bbox 524 1653 680 1708; x_wconf 90' lang='lat' dir='ltr'><strong>sunt,</strong></span> <span class='ocrx_word' id='word_1_95' title='bbox 717 1643 805 1696; x_wconf 90' lang='lat' dir='ltr'><strong>illa</strong></span> <span class='ocrx_word' id='word_1_96' title='bbox 857 1649 1054 1705; x_wconf 89' lang='lat' dir='ltr'><strong>autem,</strong></span> <span class='ocrx_word' id='word_1_97' title='bbox 1088 1654 1203 1708; x_wconf 80' lang='lat' dir='ltr'><strong>qua:</strong></span> <span class='ocrx_word' id='word_1_98' title='bbox 1256 1651 1440 1690; x_wconf 83' lang='lat' dir='ltr'><strong>revera</strong></span> <span class='ocrx_word' id='word_1_99' title='bbox 1491 1633 1712 1688; x_wconf 91' lang='lat' dir='ltr'><strong>ridenda</strong></span> <span class='ocrx_word' id='word_1_100' title='bbox 1731 1695 1738 1698; x_wconf 17' lang='grc' dir='ltr'><strong><em>ῃ</em></strong></span> 
     </span>
    </p>
   </div>
   <div class='ocr_carea' id='block_1_15' title="bbox 126 1727 1710 1807">
    <p class='ocr_par' dir='ltr' id='par_1_15' title="bbox 126 1727 1710 1807">
     <span class='ocr_line' id='line_1_15' title="bbox 126 1727 1710 1807; baseline -0.011 -13"><span class='ocrx_word' id='word_1_101' title='bbox 126 1749 302 1804; x_wconf 90' lang='lat' dir='ltr'><strong>erant,</strong></span> <span class='ocrx_word' id='word_1_102' title='bbox 353 1736 630 1807; x_wconf 89' lang='lat' dir='ltr'><strong>magniﬁce</strong></span> <span class='ocrx_word' id='word_1_103' title='bbox 675 1733 936 1788; x_wconf 81' lang='lat' dir='ltr'><strong>extollunt</strong></span> <span class='ocrx_word' id='word_1_104' title='bbox 989 1739 1146 1799; x_wconf 86' lang='lat' dir='ltr'><strong>atque</strong></span> <span class='ocrx_word' id='word_1_105' title='bbox 1195 1736 1473 1784; x_wconf 80' lang='lat' dir='ltr'><strong>exornant.</strong></span> <span class='ocrx_word' id='word_1_106' title='bbox 1519 1727 1710 1780; x_wconf 88' lang='lat' dir='ltr'><strong>Vermn</strong></span> 
     </span>
    </p>
   </div>
   <div class='ocr_carea' id='block_1_16' title="bbox 127 1819 1708 1892">
    <p class='ocr_par' dir='ltr' id='par_1_16' title="bbox 127 1819 1708 1892">
     <span class='ocr_line' id='line_1_16' title="bbox 127 1819 1708 1892; baseline -0.009 -8"><span class='ocrx_word' id='word_1_107' title='bbox 127 1833 273 1885; x_wconf 89' lang='lat' dir='ltr'><strong>enim</strong></span> <span class='ocrx_word' id='word_1_108' title='bbox 306 1844 434 1884; x_wconf 86' lang='lat' dir='ltr'><strong>vero</strong></span> <span class='ocrx_word' id='word_1_109' title='bbox 461 1837 514 1882; x_wconf 88' lang='lat' dir='ltr'><strong>et</strong></span> <span class='ocrx_word' id='word_1_110' title='bbox 541 1835 719 1880; x_wconf 90' lang='lat' dir='ltr'><strong>nostra</strong></span> <span class='ocrx_word' id='word_1_111' title='bbox 762 1826 833 1878; x_wconf 89' lang='lat' dir='ltr'><strong>ita</strong></span> <span class='ocrx_word' id='word_1_112' title='bbox 863 1823 930 1877; x_wconf 90' lang='lat' dir='ltr'><strong>ab</strong></span> <span class='ocrx_word' id='word_1_113' title='bbox 956 1823 1084 1892; x_wconf 90' lang='lat' dir='ltr'><strong>ipsis</strong></span> <span class='ocrx_word' id='word_1_114' title='bbox 1113 1822 1267 1876; x_wconf 84' lang='lat' dir='ltr'><strong>irrisa</strong></span> <span class='ocrx_word' id='word_1_115' title='bbox 1297 1821 1350 1874; x_wconf 89' lang='lat' dir='ltr'><strong>in</strong></span> <span class='ocrx_word' id='word_1_116' title='bbox 1379 1819 1589 1889; x_wconf 86' lang='lat' dir='ltr'><strong>propria</strong></span> <span class='ocrx_word' id='word_1_117' title='bbox 1615 1832 1708 1872; x_wconf 88' lang='lat' dir='ltr'><strong>sua</strong></span> 
     </span>
    </p>
   </div>
   <div class='ocr_carea' id='block_1_17' title="bbox 129 1911 1711 1987">
    <p class='ocr_par' dir='ltr' id='par_1_17' title="bbox 129 1911 1711 1987">
     <span class='ocr_line' id='line_1_17' title="bbox 129 1911 1711 1987; baseline -0.009 -11"><span class='ocrx_word' id='word_1_118' title='bbox 129 1922 478 1977; x_wconf 89' lang='lat' dir='ltr'><strong>nihilominus</strong></span> <span class='ocrx_word' id='word_1_119' title='bbox 506 1918 783 1987; x_wconf 87' lang='lat' dir='ltr'><strong>majestate</strong></span> <span class='ocrx_word' id='word_1_120' title='bbox 828 1915 1134 1984; x_wconf 87' lang='lat' dir='ltr'><strong>perdurant,</strong></span> <span class='ocrx_word' id='word_1_121' title='bbox 1166 1913 1312 1966; x_wconf 92' lang='lat' dir='ltr'><strong>nullo</strong></span> <span class='ocrx_word' id='word_1_122' title='bbox 1355 1927 1449 1980; x_wconf 89' lang='lat' dir='ltr'><strong>per</strong></span> <span class='ocrx_word' id='word_1_123' title='bbox 1478 1911 1711 1980; x_wconf 90' lang='lat' dir='ltr'><strong>ipsorum</strong></span> 
     </span>
    </p>
   </div>
   <div class='ocr_carea' id='block_1_18' title="bbox 130 1999 1713 2078">
    <p class='ocr_par' dir='ltr' id='par_1_18' title="bbox 130 1999 1713 2078">
     <span class='ocr_line' id='line_1_18' title="bbox 130 1999 1713 2078; baseline -0.008 -12"><span class='ocrx_word' id='word_1_124' title='bbox 130 2016 323 2076; x_wconf 90' lang='lat' dir='ltr'><strong>risum,</strong></span> <span class='ocrx_word' id='word_1_125' title='bbox 369 2010 508 2078; x_wconf 88' lang='lat' dir='ltr'><strong>quod</strong></span> <span class='ocrx_word' id='word_1_126' title='bbox 559 2007 623 2061; x_wconf 90' lang='lat' dir='ltr'><strong>ad</strong></span> <span class='ocrx_word' id='word_1_127' title='bbox 676 2005 1030 2076; x_wconf 63' lang='lat' dir='ltr'><strong>praestantiam</strong></span> <span class='ocrx_word' id='word_1_128' title='bbox 1079 2018 1229 2057; x_wconf 91' lang='lat' dir='ltr'><strong>suam</strong></span> <span class='ocrx_word' id='word_1_129' title='bbox 1281 2001 1493 2064; x_wconf 74' lang='lat' dir='ltr'><strong>attinet,</strong></span> <span class='ocrx_word' id='word_1_130' title='bbox 1519 1999 1713 2054; x_wconf 86' lang='lat' dir='ltr'><strong>damno</strong></span> 
     </span>
    </p>
   </div>
   <div class='ocr_carea' id='block_1_19' title="bbox 126 2092 1710 2172">
    <p class='ocr_par' dir='ltr' id='par_1_19' title="bbox 126 2092 1710 2172">
     <span class='ocr_line' id='line_1_19' title="bbox 126 2092 1710 2172; baseline -0.009 -14"><span class='ocrx_word' id='word_1_131' title='bbox 126 2113 354 2172; x_wconf 88' lang='lat' dir='ltr'><strong>accepto</strong></span> <span class='ocrx_word' id='word_1_132' title='bbox 381 2118 394 2155; x_wconf 91' lang='lat'><strong>:</strong></span> <span class='ocrx_word' id='word_1_133' title='bbox 424 2110 478 2154; x_wconf 95' lang='lat' dir='ltr'><strong>et</strong></span> <span class='ocrx_word' id='word_1_134' title='bbox 502 2101 736 2168; x_wconf 90' lang='lat' dir='ltr'><strong>ipsorum</strong></span> <span class='ocrx_word' id='word_1_135' title='bbox 760 2105 963 2159; x_wconf 88' lang='lat' dir='ltr'><strong>contra,</strong></span> <span class='ocrx_word' id='word_1_136' title='bbox 997 2095 1118 2148; x_wconf 91' lang='lat' dir='ltr'><strong>licet</strong></span> <span class='ocrx_word' id='word_1_137' title='bbox 1149 2100 1424 2156; x_wconf 81' lang='lat' dir='ltr'><strong>exornata,</strong></span> <span class='ocrx_word' id='word_1_138' title='bbox 1455 2092 1710 2160; x_wconf 84' lang='lat' dir='ltr'><strong>privatam</strong></span> 
     </span>
    </p>
   </div>
   <div class='ocr_carea' id='block_1_20' title="bbox 127 2180 1710 2258">
    <p class='ocr_par' dir='ltr' id='par_1_20' title="bbox 127 2180 1710 2258">
     <span class='ocr_line' id='line_1_20' title="bbox 127 2180 1710 2258; baseline -0.008 -12"><span class='ocrx_word' id='word_1_139' title='bbox 127 2208 285 2247; x_wconf 89' lang='lat' dir='ltr'><strong>suam</strong></span> <span class='ocrx_word' id='word_1_140' title='bbox 339 2188 716 2258; x_wconf 89' lang='lat' dir='ltr'><strong>turpitudinem</strong></span> <span class='ocrx_word' id='word_1_141' title='bbox 777 2185 1021 2256; x_wconf 89' lang='lat' dir='ltr'><strong>produnt.</strong></span> <span class='ocrx_word' id='word_1_142' title='bbox 1069 2183 1256 2237; x_wconf 88' lang='lat' dir='ltr'><strong>Nonne</strong></span> <span class='ocrx_word' id='word_1_143' title='bbox 1302 2183 1442 2236; x_wconf 90' lang='lat' dir='ltr'><strong>enim</strong></span> <span class='ocrx_word' id='word_1_144' title='bbox 1491 2180 1710 2234; x_wconf 82' lang='lat' dir='ltr'><strong>extremi</strong></span> 
     </span>
    </p>
   </div>
   <div class='ocr_carea' id='block_1_21' title="bbox 129 2272 1708 2355">
    <p class='ocr_par' dir='ltr' id='par_1_21' title="bbox 129 2272 1708 2355">
     <span class='ocr_line' id='line_1_21' title="bbox 129 2272 1708 2355; baseline -0.009 -16"><span class='ocrx_word' id='word_1_145' title='bbox 129 2283 410 2355; x_wconf 83' lang='lat' dir='ltr'><strong>cujusdam</strong></span> <span class='ocrx_word' id='word_1_146' title='bbox 441 2281 671 2351; x_wconf 91' lang='lat' dir='ltr'><strong>stuporis</strong></span> <span class='ocrx_word' id='word_1_147' title='bbox 695 2289 798 2344; x_wconf 91' lang='lat' dir='ltr'><strong>est,</strong></span> <span class='ocrx_word' id='word_1_148' title='bbox 831 2278 948 2332; x_wconf 91' lang='lat' dir='ltr'><strong>illos</strong></span> <span class='ocrx_word' id='word_1_149' title='bbox 974 2289 1195 2330; x_wconf 91' lang='lat' dir='ltr'><strong>errones</strong></span> <span class='ocrx_word' id='word_1_150' title='bbox 1224 2275 1277 2328; x_wconf 93' lang='lat' dir='ltr'><strong>in</strong></span> <span class='ocrx_word' id='word_1_151' title='bbox 1297 2273 1519 2344; x_wconf 87' lang='lat' dir='ltr'><strong>lapides,</strong></span> <span class='ocrx_word' id='word_1_152' title='bbox 1550 2272 1708 2341; x_wconf 86' lang='lat' dir='ltr'><strong>ligna,</strong></span> 
     </span>
    </p>
   </div>
   <div class='ocr_carea' id='block_1_22' title="bbox 130 2366 1710 2449">
    <p class='ocr_par' dir='ltr' id='par_1_22' title="bbox 130 2366 1710 2449">
     <span class='ocr_line' id='line_1_22' title="bbox 130 2366 1710 2449; baseline -0.012 -12"><span class='ocrx_word' id='word_1_153' title='bbox 130 2394 188 2438; x_wconf 93' lang='lat' dir='ltr'><strong>et</strong></span> <span class='ocrx_word' id='word_1_154' title='bbox 238 2382 366 2436; x_wconf 81' lang='lat' dir='ltr'><strong>vilia</strong></span> <span class='ocrx_word' id='word_1_155' title='bbox 409 2381 558 2449; x_wconf 91' lang='lat' dir='ltr'><strong>signa</strong></span> <span class='ocrx_word' id='word_1_156' title='bbox 582 2377 713 2432; x_wconf 89' lang='lat' dir='ltr'><strong>deos</strong></span> <span class='ocrx_word' id='word_1_157' title='bbox 756 2390 881 2429; x_wconf 89' lang='lat' dir='ltr'><strong>suos</strong></span> <span class='ocrx_word' id='word_1_158' title='bbox 924 2372 1254 2435; x_wconf 90' lang='lat' dir='ltr'><strong>inducentes,</strong></span> <span class='ocrx_word' id='word_1_159' title='bbox 1283 2376 1337 2423; x_wconf 86' lang='lat' dir='ltr'><strong>et</strong></span> <span class='ocrx_word' id='word_1_160' title='bbox 1365 2379 1630 2436; x_wconf 85' lang='lat' dir='ltr'><strong>tamquam</strong></span> <span class='ocrx_word' id='word_1_161' title='bbox 1660 2366 1710 2419; x_wconf 89' lang='lat' dir='ltr'><strong>in</strong></span> 
     </span>
    </p>
   </div>
   <div class='ocr_carea' id='block_1_23' title="bbox 128 2457 1712 2541">
    <p class='ocr_par' dir='ltr' id='par_1_23' title="bbox 128 2457 1712 2541">
     <span class='ocr_line' id='line_1_23' title="bbox 128 2457 1712 2541; baseline -0.013 -11"><span class='ocrx_word' id='word_1_162' title='bbox 128 2489 352 2529; x_wconf 87' lang='lat' dir='ltr'><strong>carcere</strong></span> <span class='ocrx_word' id='word_1_163' title='bbox 389 2472 635 2541; x_wconf 89' lang='lat' dir='ltr'><strong>quopiam</strong></span> <span class='ocrx_word' id='word_1_164' title='bbox 676 2466 1072 2527; x_wconf 90' lang='lat' dir='ltr'><strong>concludentes,</strong></span> <span class='ocrx_word' id='word_1_165' title='bbox 1104 2461 1235 2516; x_wconf 89' lang='lat' dir='ltr'><strong>nihil</strong></span> <span class='ocrx_word' id='word_1_166' title='bbox 1264 2469 1438 2514; x_wconf 90' lang='lat' dir='ltr'><strong>tamen</strong></span> <span class='ocrx_word' id='word_1_167' title='bbox 1469 2457 1712 2511; x_wconf 87' lang='lat' dir='ltr'><strong>arbitrari</strong></span> 
     </span>
    </p>
   </div>
   <div class='ocr_carea' id='block_1_24' title="bbox 129 2555 1711 2633">
    <p class='ocr_par' dir='ltr' id='par_1_24' title="bbox 129 2555 1711 2633">
     <span class='ocr_line' id='line_1_24' title="bbox 129 2555 1711 2633; baseline -0.011 -14"><span class='ocrx_word' id='word_1_168' title='bbox 129 2581 192 2619; x_wconf 91' lang='lat' dir='ltr'><strong>se</strong></span> <span class='ocrx_word' id='word_1_169' title='bbox 223 2573 378 2633; x_wconf 90' lang='lat' dir='ltr'><strong>turpe</strong></span> <span class='ocrx_word' id='word_1_170' title='bbox 402 2570 492 2616; x_wconf 88' lang='lat' dir='ltr'><strong>aut</strong></span> <span class='ocrx_word' id='word_1_171' title='bbox 519 2560 702 2615; x_wconf 88' lang='lat' dir='ltr'><strong>dicere</strong></span> <span class='ocrx_word' id='word_1_172' title='bbox 730 2566 822 2612; x_wconf 89' lang='lat' dir='ltr'><strong>aut</strong></span> <span class='ocrx_word' id='word_1_173' title='bbox 857 2555 1072 2610; x_wconf 84' lang='lat' dir='ltr'><strong>facere:</strong></span> <span class='ocrx_word' id='word_1_174' title='bbox 1115 2567 1214 2606; x_wconf 91' lang='lat' dir='ltr'><strong>nos</strong></span> <span class='ocrx_word' id='word_1_175' title='bbox 1240 2559 1413 2605; x_wconf 89' lang='lat' dir='ltr'><strong>autem</strong></span> <span class='ocrx_word' id='word_1_176' title='bbox 1442 2563 1711 2613; x_wconf 83' lang='lat' dir='ltr'><strong>accusare,</strong></span> 
     </span>
    </p>
   </div>
   <div class='ocr_carea' id='block_1_25' title="bbox 129 2641 1713 2726">
    <p class='ocr_par' dir='ltr' id='par_1_25' title="bbox 129 2641 1713 2726">
     <span class='ocr_line' id='line_1_25' title="bbox 129 2641 1713 2726; baseline -0.012 -17"><span class='ocrx_word' id='word_1_177' title='bbox 129 2654 279 2726; x_wconf 88' lang='lat' dir='ltr'><strong>quod</strong></span> <span class='ocrx_word' id='word_1_178' title='bbox 325 2666 647 2715; x_wconf 89' lang='lat' dir='ltr'><strong>asseramus,</strong></span> <span class='ocrx_word' id='word_1_179' title='bbox 696 2649 858 2702; x_wconf 90' lang='lat' dir='ltr'><strong>Deum</strong></span> <span class='ocrx_word' id='word_1_180' title='bbox 907 2646 1006 2700; x_wconf 89' lang='lat' dir='ltr'><strong>sibi</strong></span> <span class='ocrx_word' id='word_1_181' title='bbox 1055 2643 1310 2712; x_wconf 86' lang='lat' dir='ltr'><strong>templum</strong></span> <span class='ocrx_word' id='word_1_182' title='bbox 1358 2641 1534 2693; x_wconf 89' lang='lat' dir='ltr'><strong>vivum</strong></span> <span class='ocrx_word' id='word_1_183' title='bbox 1581 2653 1713 2692; x_wconf 91' lang='lat' dir='ltr'><strong>cou-</strong></span> 
     </span>
    </p>
   </div>
   <div class='ocr_carea' id='block_1_26' title="bbox 129 2733 1714 2812">
    <p class='ocr_par' dir='ltr' id='par_1_26' title="bbox 129 2733 1714 2812">
     <span class='ocr_line' id='line_1_26' title="bbox 129 2733 1714 2812; baseline -0.011 -11"><span class='ocrx_word' id='word_1_184' title='bbox 129 2745 396 2802; x_wconf 77' lang='lat' dir='ltr'><strong>struxisse</strong></span> <span class='ocrx_word' id='word_1_185' title='bbox 421 2759 488 2799; x_wconf 81' lang='lat' dir='ltr'><strong>ex</strong></span> <span class='ocrx_word' id='word_1_186' title='bbox 512 2742 710 2812; x_wconf 91' lang='lat' dir='ltr'><strong>Spiritu</strong></span> <span class='ocrx_word' id='word_1_187' title='bbox 741 2749 946 2800; x_wconf 89' lang='lat' dir='ltr'><strong>saneto,</strong></span> <span class='ocrx_word' id='word_1_188' title='bbox 979 2751 1074 2805; x_wconf 88' lang='lat' dir='ltr'><strong>per</strong></span> <span class='ocrx_word' id='word_1_189' title='bbox 1102 2733 1246 2805; x_wconf 91' lang='lat' dir='ltr'><strong>quod</strong></span> <span class='ocrx_word' id='word_1_190' title='bbox 1292 2733 1406 2787; x_wconf 91' lang='lat' dir='ltr'><strong>orbi</strong></span> <span class='ocrx_word' id='word_1_191' title='bbox 1454 2743 1714 2786; x_wconf 91' lang='lat' dir='ltr'><strong>terrarum</strong></span> 
     </span>
    </p>
   </div>
   <div class='ocr_carea' id='block_1_27' title="bbox 131 2824 1712 2904">
    <p class='ocr_par' dir='ltr' id='par_1_27' title="bbox 131 2824 1712 2904">
     <span class='ocr_line' id='line_1_27' title="bbox 131 2824 1712 2904; baseline -0.011 -13"><span class='ocrx_word' id='word_1_192' title='bbox 131 2836 390 2892; x_wconf 87' lang='lat' dir='ltr'><strong>universo</strong></span> <span class='ocrx_word' id='word_1_193' title='bbox 419 2831 660 2904; x_wconf 85' lang='lat' dir='ltr'><strong>profuit?</strong></span> <span class='ocrx_word' id='word_1_194' title='bbox 702 2831 764 2884; x_wconf 87' lang='lat' dir='ltr'><strong>Et</strong></span> <span class='ocrx_word' id='word_1_195' title='bbox 792 2825 1086 2896; x_wconf 89' lang='lat' dir='ltr'><strong>cuiusmodi</strong></span> <span class='ocrx_word' id='word_1_196' title='bbox 1115 2824 1326 2878; x_wconf 89' lang='lat' dir='ltr'><strong>tandem</strong></span> <span class='ocrx_word' id='word_1_197' title='bbox 1367 2825 1468 2878; x_wconf 87' lang='lat' dir='ltr'><strong>hoc</strong></span> <span class='ocrx_word' id='word_1_198' title='bbox 1493 2837 1712 2878; x_wconf 87' lang='lat' dir='ltr'><strong>accusa-</strong></span> 
     </span>
    </p>
   </div>
   <div class='ocr_carea' id='block_1_28' title="bbox 132 2915 1716 2995">
    <p class='ocr_par' dir='ltr' id='par_1_28' title="bbox 132 2915 1716 2995">
     <span class='ocr_line' id='line_1_28' title="bbox 132 2915 1716 2995; baseline -0.006 -12"><span class='ocrx_word' id='word_1_199' title='bbox 132 2929 303 2983; x_wconf 88' lang='lat' dir='ltr'><strong>tionis</strong></span> <span class='ocrx_word' id='word_1_200' title='bbox 339 2922 539 2995; x_wconf 88' lang='lat' dir='ltr'><strong>genus?</strong></span> <span class='ocrx_word' id='word_1_201' title='bbox 586 2922 642 2976; x_wconf 89' lang='lat' dir='ltr'><strong>Si</strong></span> <span class='ocrx_word' id='word_1_202' title='bbox 687 2920 827 2976; x_wconf 88' lang='lat' dir='ltr'><strong>enim</strong></span> <span class='ocrx_word' id='word_1_203' title='bbox 873 2927 1025 2994; x_wconf 81' lang='lat' dir='ltr'><strong>turpe</strong></span> <span class='ocrx_word' id='word_1_204' title='bbox 1065 2925 1146 2979; x_wconf 86' lang='lat' dir='ltr'><strong>est</strong></span> <span class='ocrx_word' id='word_1_205' title='bbox 1176 2915 1338 2976; x_wconf 88' lang='lat' dir='ltr'><strong>Deum</strong></span> <span class='ocrx_word' id='word_1_206' title='bbox 1386 2915 1439 2974; x_wconf 91' lang='lat' dir='ltr'><strong>in</strong></span> <span class='ocrx_word' id='word_1_207' title='bbox 1485 2918 1716 2974; x_wconf 88' lang='lat' dir='ltr'><strong>humano</strong></span> 
     </span>
    </p>
   </div>
   <div class='ocr_carea' id='block_1_29' title="bbox 133 3009 1713 3093">
    <p class='ocr_par' dir='ltr' id='par_1_29' title="bbox 133 3009 1713 3093">
     <span class='ocr_line' id='line_1_29' title="bbox 133 3009 1713 3093; baseline -0.011 -14"><span class='ocrx_word' id='word_1_208' title='bbox 133 3037 366 3093; x_wconf 84' lang='lat' dir='ltr'><strong>corpore</strong></span> <span class='ocrx_word' id='word_1_209' title='bbox 409 3020 666 3081; x_wconf 84' lang='lat' dir='ltr'><strong>habitare,</strong></span> <span class='ocrx_word' id='word_1_210' title='bbox 713 3016 881 3070; x_wconf 90' lang='lat' dir='ltr'><strong>multo</strong></span> <span class='ocrx_word' id='word_1_211' title='bbox 911 3014 1077 3084; x_wconf 89' lang='lat' dir='ltr'><strong>magis</strong></span> <span class='ocrx_word' id='word_1_212' title='bbox 1124 3013 1176 3066; x_wconf 91' lang='lat' dir='ltr'><strong>in</strong></span> <span class='ocrx_word' id='word_1_213' title='bbox 1220 3012 1362 3080; x_wconf 89' lang='lat' dir='ltr'><strong>ligno</strong></span> <span class='ocrx_word' id='word_1_214' title='bbox 1407 3019 1462 3064; x_wconf 90' lang='lat' dir='ltr'><strong>et</strong></span> <span class='ocrx_word' id='word_1_215' title='bbox 1509 3009 1713 3080; x_wconf 89' lang='lat' dir='ltr'><strong>lapide:</strong></span> 
     </span>
    </p>
   </div>
   <div class='ocr_carea' id='block_1_30' title="bbox 133 3101 1716 3177">
    <p class='ocr_par' dir='ltr' id='par_1_30' title="bbox 133 3101 1716 3177">
     <span class='ocr_line' id='line_1_30' title="bbox 133 3101 1716 3177; baseline -0.008 -9"><span class='ocrx_word' id='word_1_216' title='bbox 133 3129 270 3168; x_wconf 85' lang='lat' dir='ltr'><strong>sane</strong></span> <span class='ocrx_word' id='word_1_217' title='bbox 311 3121 455 3166; x_wconf 88' lang='lat' dir='ltr'><strong>tanto</strong></span> <span class='ocrx_word' id='word_1_218' title='bbox 499 3108 722 3177; x_wconf 86' lang='lat' dir='ltr'><strong>turpius,</strong></span> <span class='ocrx_word' id='word_1_219' title='bbox 749 3116 948 3177; x_wconf 88' lang='lat' dir='ltr'><strong>quanto</strong></span> <span class='ocrx_word' id='word_1_220' title='bbox 990 3104 1122 3172; x_wconf 88' lang='lat' dir='ltr'><strong>lapis</strong></span> <span class='ocrx_word' id='word_1_221' title='bbox 1151 3114 1204 3157; x_wconf 91' lang='lat' dir='ltr'><strong>et</strong></span> <span class='ocrx_word' id='word_1_222' title='bbox 1254 3103 1452 3171; x_wconf 82' lang='lat' dir='ltr'><strong>lignum</strong></span> <span class='ocrx_word' id='word_1_223' title='bbox 1501 3101 1716 3156; x_wconf 89' lang='lat' dir='ltr'><strong>homine</strong></span> 
     </span>
    </p>
   </div>
   <div class='ocr_carea' id='block_1_31' title="bbox 135 3197 1718 3268">
    <p class='ocr_par' dir='ltr' id='par_1_31' title="bbox 135 3197 1718 3268">
     <span class='ocr_line' id='line_1_31' title="bbox 135 3197 1718 3268; baseline -0.008 -10"><span class='ocrx_word' id='word_1_224' title='bbox 135 3206 296 3258; x_wconf 81' lang='lat' dir='ltr'><strong>vilius</strong></span> <span class='ocrx_word' id='word_1_225' title='bbox 325 3222 336 3258; x_wconf 95' lang='lat'><strong>:</strong></span> <span class='ocrx_word' id='word_1_226' title='bbox 370 3202 471 3257; x_wconf 88' lang='lat' dir='ltr'><strong>nisi</strong></span> <span class='ocrx_word' id='word_1_227' title='bbox 517 3201 653 3255; x_wconf 81' lang='lat' dir='ltr'><strong>forte</strong></span> <span class='ocrx_word' id='word_1_228' title='bbox 681 3201 792 3268; x_wconf 91' lang='lat' dir='ltr'><strong>ipsa</strong></span> <span class='ocrx_word' id='word_1_229' title='bbox 820 3197 1041 3252; x_wconf 89' lang='lat' dir='ltr'><strong>materia</strong></span> <span class='ocrx_word' id='word_1_230' title='bbox 1073 3211 1260 3250; x_wconf 90' lang='lat' dir='ltr'><strong>sensus</strong></span> <span class='ocrx_word' id='word_1_231' title='bbox 1298 3201 1516 3262; x_wconf 82' lang='lat' dir='ltr'><strong>experte</strong></span> <span class='ocrx_word' id='word_1_232' title='bbox 1552 3207 1718 3262; x_wconf 83' lang='lat' dir='ltr'><strong>genus</strong></span> 
     </span>
    </p>
   </div>
   <div class='ocr_carea' id='block_1_32' title="bbox 137 3283 1716 3360">
    <p class='ocr_par' dir='ltr' id='par_1_32' title="bbox 137 3283 1716 3360">
     <span class='ocr_line' id='line_1_32' title="bbox 137 3283 1716 3360; baseline -0.008 -10"><span class='ocrx_word' id='word_1_233' title='bbox 137 3302 383 3350; x_wconf 89' lang='lat' dir='ltr'><strong>nostrum</strong></span> <span class='ocrx_word' id='word_1_234' title='bbox 414 3290 669 3360; x_wconf 82' lang='lat' dir='ltr'><strong>abiectius</strong></span> <span class='ocrx_word' id='word_1_235' title='bbox 705 3289 807 3343; x_wconf 91' lang='lat' dir='ltr'><strong>illis</strong></span> <span class='ocrx_word' id='word_1_236' title='bbox 849 3302 967 3342; x_wconf 89' lang='lat' dir='ltr'><strong>esse</strong></span> <span class='ocrx_word' id='word_1_237' title='bbox 1002 3286 1255 3340; x_wconf 89' lang='lat' dir='ltr'><strong>videatur.</strong></span> <span class='ocrx_word' id='word_1_238' title='bbox 1290 3284 1425 3352; x_wconf 89' lang='lat' dir='ltr'><strong>Quin</strong></span> <span class='ocrx_word' id='word_1_239' title='bbox 1467 3284 1624 3338; x_wconf 89' lang='lat' dir='ltr'><strong>etiam</strong></span> <span class='ocrx_word' id='word_1_240' title='bbox 1664 3283 1716 3337; x_wconf 89' lang='lat' dir='ltr'><strong>in</strong></span> 
     </span>
    </p>
   </div>
   <div class='ocr_carea' id='block_1_33' title="bbox 134 3373 1719 3450">
    <p class='ocr_par' dir='ltr' id='par_1_33' title="bbox 134 3373 1719 3450">
     <span class='ocr_line' id='line_1_33' title="bbox 134 3373 1719 3450; baseline -0.009 -10"><span class='ocrx_word' id='word_1_241' title='bbox 134 3386 274 3442; x_wconf 79' lang='lat' dir='ltr'><strong>feles</strong></span> <span class='ocrx_word' id='word_1_242' title='bbox 300 3394 354 3439; x_wconf 90' lang='lat' dir='ltr'><strong>et</strong></span> <span class='ocrx_word' id='word_1_243' title='bbox 381 3398 540 3438; x_wconf 90' lang='lat' dir='ltr'><strong>canes</strong></span> <span class='ocrx_word' id='word_1_244' title='bbox 570 3381 690 3450; x_wconf 89' lang='lat' dir='ltr'><strong>ipsi,</strong></span> <span class='ocrx_word' id='word_1_245' title='bbox 722 3379 872 3433; x_wconf 90' lang='lat' dir='ltr'><strong>multi</strong></span> <span class='ocrx_word' id='word_1_246' title='bbox 909 3387 1086 3432; x_wconf 88' lang='lat' dir='ltr'><strong>autem</strong></span> <span class='ocrx_word' id='word_1_247' title='bbox 1128 3375 1495 3430; x_wconf 83' lang='lat' dir='ltr'><strong>haereticorum</strong></span> <span class='ocrx_word' id='word_1_248' title='bbox 1535 3375 1589 3428; x_wconf 91' lang='lat' dir='ltr'><strong>in</strong></span> <span class='ocrx_word' id='word_1_249' title='bbox 1617 3373 1719 3427; x_wconf 89' lang='lat' dir='ltr'><strong>alia</strong></span> 
     </span>
    </p>
   </div>
   <div class='ocr_carea' id='block_1_34' title="bbox 133 3467 1717 3547">
    <p class='ocr_par' dir='ltr' id='par_1_34' title="bbox 133 3467 1717 3547">
     <span class='ocr_line' id='line_1_34' title="bbox 133 3467 1717 3547; baseline -0.009 -14"><span class='ocrx_word' id='word_1_250' title='bbox 133 3478 361 3547; x_wconf 86' lang='lat' dir='ltr'><strong>insuper</strong></span> <span class='ocrx_word' id='word_1_251' title='bbox 402 3475 546 3529; x_wconf 89' lang='lat' dir='ltr'><strong>hisce</strong></span> <span class='ocrx_word' id='word_1_252' title='bbox 589 3471 1016 3544; x_wconf 86' lang='lat' dir='ltr'><strong>iguominiosiora</strong></span> <span class='ocrx_word' id='word_1_253' title='bbox 1063 3469 1260 3523; x_wconf 88' lang='lat' dir='ltr'><strong>audent</strong></span> <span class='ocrx_word' id='word_1_254' title='bbox 1302 3468 1391 3521; x_wconf 90' lang='lat' dir='ltr'><strong>Dei</strong></span> <span class='ocrx_word' id='word_1_255' title='bbox 1433 3467 1717 3521; x_wconf 89' lang='lat' dir='ltr'><strong>essentiam</strong></span> 
     </span>
    </p>
   </div>
   <div class='ocr_carea' id='block_1_35' title="bbox 136 3559 1719 3631">
    <p class='ocr_par' dir='ltr' id='par_1_35' title="bbox 136 3559 1719 3631">
     <span class='ocr_line' id='line_1_35' title="bbox 136 3559 1719 3631; baseline -0.009 -6"><span class='ocrx_word' id='word_1_256' title='bbox 136 3570 436 3626; x_wconf 87' lang='lat' dir='ltr'><strong>habitatum</strong></span> <span class='ocrx_word' id='word_1_257' title='bbox 479 3566 788 3620; x_wconf 88' lang='lat' dir='ltr'><strong>immittere.</strong></span> <span class='ocrx_word' id='word_1_258' title='bbox 819 3562 968 3631; x_wconf 86' lang='lat' dir='ltr'><strong>Quod</strong></span> <span class='ocrx_word' id='word_1_259' title='bbox 994 3576 1091 3616; x_wconf 91' lang='lat' dir='ltr'><strong>nos</strong></span> <span class='ocrx_word' id='word_1_260' title='bbox 1132 3576 1304 3630; x_wconf 91' lang='lat' dir='ltr'><strong>neque</strong></span> <span class='ocrx_word' id='word_1_261' title='bbox 1344 3559 1587 3622; x_wconf 90' lang='lat' dir='ltr'><strong>dicimus,</strong></span> <span class='ocrx_word' id='word_1_262' title='bbox 1621 3573 1719 3612; x_wconf 80' lang='lat' dir='ltr'><strong>ne-</strong></span> 
     </span>
    </p>
   </div>
   <div class='ocr_carea' id='block_1_36' title="bbox 135 3647 1720 3733">
    <p class='ocr_par' dir='ltr' id='par_1_36' title="bbox 135 3647 1720 3733">
     <span class='ocr_line' id='line_1_36' title="bbox 135 3647 1720 3733; baseline -0.011 -16"><span class='ocrx_word' id='word_1_263' title='bbox 135 3677 250 3732; x_wconf 88' lang='lat' dir='ltr'><strong>que</strong></span> <span class='ocrx_word' id='word_1_264' title='bbox 278 3659 516 3714; x_wconf 88' lang='lat' dir='ltr'><strong>dicentes</strong></span> <span class='ocrx_word' id='word_1_265' title='bbox 536 3654 817 3724; x_wconf 88' lang='lat' dir='ltr'><strong>aliquando</strong></span> <span class='ocrx_word' id='word_1_266' title='bbox 840 3653 1022 3706; x_wconf 89' lang='lat' dir='ltr'><strong>audire</strong></span> <span class='ocrx_word' id='word_1_267' title='bbox 1060 3651 1433 3704; x_wconf 90' lang='lat' dir='ltr'><strong>sustineamus.</strong></span> <span class='ocrx_word' id='word_1_268' title='bbox 1465 3649 1568 3733; x_wconf 81' lang='lat' dir='ltr'><strong>Sed</strong></span> <span class='ocrx_word' id='word_1_269' title='bbox 1592 3647 1720 3701; x_wconf 90' lang='lat' dir='ltr'><strong>illud</strong></span> 
     </span>
    </p>
   </div>
   <div class='ocr_carea' id='block_1_37' title="bbox 139 3738 1720 3810">
    <p class='ocr_par' dir='ltr' id='par_1_37' title="bbox 139 3738 1720 3810">
     <span class='ocr_line' id='line_1_37' title="bbox 139 3738 1720 3810; baseline -0.01 -5"><span class='ocrx_word' id='word_1_270' title='bbox 139 3760 352 3807; x_wconf 86' lang='lat' dir='ltr'><strong>tantum</strong></span> <span class='ocrx_word' id='word_1_271' title='bbox 393 3746 703 3810; x_wconf 89' lang='lat' dir='ltr'><strong>asserimus,</strong></span> <span class='ocrx_word' id='word_1_272' title='bbox 743 3742 1009 3797; x_wconf 89' lang='lat' dir='ltr'><strong>Christum</strong></span> <span class='ocrx_word' id='word_1_273' title='bbox 1055 3755 1267 3794; x_wconf 87' lang='lat' dir='ltr'><strong>carnem</strong></span> <span class='ocrx_word' id='word_1_274' title='bbox 1295 3738 1564 3804; x_wconf 87' lang='lat' dir='ltr'><strong>mundam,</strong></span> <span class='ocrx_word' id='word_1_275' title='bbox 1597 3752 1720 3791; x_wconf 82' lang='lat' dir='ltr'><strong>san-</strong></span> 
     </span>
    </p>
   </div>
   <div class='ocr_carea' id='block_1_38' title="bbox 139 3830 1721 3908">
    <p class='ocr_par' dir='ltr' id='par_1_38' title="bbox 139 3830 1721 3908">
     <span class='ocr_line' id='line_1_38' title="bbox 139 3830 1721 3908; baseline -0.009 -11"><span class='ocrx_word' id='word_1_276' title='bbox 139 3853 320 3906; x_wconf 89' lang='lat' dir='ltr'><strong>ctam,</strong></span> <span class='ocrx_word' id='word_1_277' title='bbox 368 3836 886 3908; x_wconf 86' lang='lat' dir='ltr'><strong>irreprehensihilem</strong></span> <span class='ocrx_word' id='word_1_278' title='bbox 929 3840 1247 3904; x_wconf 87' lang='lat' dir='ltr'><strong>peccatoque</strong></span> <span class='ocrx_word' id='word_1_279' title='bbox 1289 3830 1434 3886; x_wconf 91' lang='lat' dir='ltr'><strong>omni</strong></span> <span class='ocrx_word' id='word_1_280' title='bbox 1481 3831 1721 3885; x_wconf 83' lang='lat' dir='ltr'><strong>inacces-</strong></span> 
     </span>
    </p>
   </div>
   <div class='ocr_carea' id='block_1_39' title="bbox 139 3921 1726 3999">
    <p class='ocr_par' dir='ltr' id='par_1_39' title="bbox 139 3921 1726 3999">
     <span class='ocr_line' id='line_1_39' title="bbox 139 3921 1726 3999; baseline -0.009 -11"><span class='ocrx_word' id='word_1_281' title='bbox 139 3949 282 3998; x_wconf 87' lang='lat' dir='ltr'><strong>sam,</strong></span> <span class='ocrx_word' id='word_1_282' title='bbox 317 3947 382 3986; x_wconf 79' lang='lat' dir='ltr'><strong>ex</strong></span> <span class='ocrx_word' id='word_1_283' title='bbox 410 3929 646 3999; x_wconf 86' lang='lat' dir='ltr'><strong>virgineo</strong></span> <span class='ocrx_word' id='word_1_284' title='bbox 674 3935 825 3980; x_wconf 91' lang='lat' dir='ltr'><strong>utero</strong></span> <span class='ocrx_word' id='word_1_285' title='bbox 874 3925 1220 3996; x_wconf 90' lang='lat' dir='ltr'><strong>prodeuntem</strong></span> <span class='ocrx_word' id='word_1_286' title='bbox 1246 3921 1615 3990; x_wconf 88' lang='lat' dir='ltr'><strong>assumpsisse,</strong></span> <span class='ocrx_word' id='word_1_287' title='bbox 1646 3928 1726 3974; x_wconf 91' lang='lat' dir='ltr'><strong>at-</strong></span> 
     </span>
    </p>
   </div>
   <div class='ocr_carea' id='block_1_40' title="bbox 139 4009 1720 4092">
    <p class='ocr_par' dir='ltr' id='par_1_40' title="bbox 139 4009 1720 4092">
     <span class='ocr_line' id='line_1_40' title="bbox 139 4009 1720 4092; baseline -0.008 -16"><span class='ocrx_word' id='word_1_288' title='bbox 139 4037 253 4092; x_wconf 87' lang='lat' dir='ltr'><strong>que</strong></span> <span class='ocrx_word' id='word_1_289' title='bbox 278 4021 350 4074; x_wconf 88' lang='lat' dir='ltr'><strong>ita</strong></span> <span class='ocrx_word' id='word_1_290' title='bbox 378 4033 531 4074; x_wconf 79' lang='lat' dir='ltr'><strong>suum</strong></span> <span class='ocrx_word' id='word_1_291' title='bbox 572 4017 878 4086; x_wconf 87' lang='lat' dir='ltr'><strong>ﬁgmentum</strong></span> <span class='ocrx_word' id='word_1_292' title='bbox 907 4023 1256 4069; x_wconf 89' lang='lat' dir='ltr'><strong>restaurasse.</strong></span> <span class='ocrx_word' id='word_1_293' title='bbox 1285 4013 1362 4066; x_wconf 86' lang='lat' dir='ltr'><strong>Ac</strong></span> <span class='ocrx_word' id='word_1_294' title='bbox 1387 4011 1461 4064; x_wconf 88' lang='lat' dir='ltr'><strong>illi</strong></span> <span class='ocrx_word' id='word_1_295' title='bbox 1487 4009 1720 4080; x_wconf 88' lang='lat' dir='ltr'><strong>quidem,</strong></span> 
     </span>
    </p>
   </div>
   <div class='ocr_carea' id='block_1_41' title="bbox 143 4101 1720 4182">
    <p class='ocr_par' dir='ltr' id='par_1_41' title="bbox 143 4101 1720 4182">
     <span class='ocr_line' id='line_1_41' title="bbox 143 4101 1720 4182; baseline -0.01 -13"><span class='ocrx_word' id='word_1_296' title='bbox 143 4121 205 4170; x_wconf 91' lang='lat' dir='ltr'><strong>et</strong></span> <span class='ocrx_word' id='word_1_297' title='bbox 230 4111 322 4182; x_wconf 88' lang='lat' dir='ltr'><strong>qui</strong></span> <span class='ocrx_word' id='word_1_298' title='bbox 347 4112 459 4180; x_wconf 89' lang='lat' dir='ltr'><strong>pari</strong></span> <span class='ocrx_word' id='word_1_299' title='bbox 485 4124 604 4163; x_wconf 92' lang='lat' dir='ltr'><strong>cum</strong></span> <span class='ocrx_word' id='word_1_300' title='bbox 634 4108 761 4176; x_wconf 90' lang='lat' dir='ltr'><strong>ipsis</strong></span> <span class='ocrx_word' id='word_1_301' title='bbox 789 4106 1064 4176; x_wconf 90' lang='lat' dir='ltr'><strong>impietate</strong></span> <span class='ocrx_word' id='word_1_302' title='bbox 1089 4104 1403 4173; x_wconf 89' lang='lat' dir='ltr'><strong>delinquunt</strong></span> <span class='ocrx_word' id='word_1_303' title='bbox 1426 4101 1720 4168; x_wconf 70' lang='lat' dir='ltr'><strong>Manichaai,</strong></span> 
     </span>
    </p>
   </div>
   <div class='ocr_carea' id='block_1_42' title="bbox 144 4193 1723 4266">
    <p class='ocr_par' dir='ltr' id='par_1_42' title="bbox 144 4193 1723 4266">
     <span class='ocr_line' id='line_1_42' title="bbox 144 4193 1723 4266; baseline -0.008 -7"><span class='ocrx_word' id='word_1_304' title='bbox 144 4206 204 4259; x_wconf 91' lang='lat' dir='ltr'><strong>in</strong></span> <span class='ocrx_word' id='word_1_305' title='bbox 241 4217 403 4257; x_wconf 89' lang='lat' dir='ltr'><strong>canes</strong></span> <span class='ocrx_word' id='word_1_306' title='bbox 441 4210 496 4255; x_wconf 92' lang='lat' dir='ltr'><strong>et</strong></span> <span class='ocrx_word' id='word_1_307' title='bbox 536 4200 720 4252; x_wconf 85' lang='lat' dir='ltr'><strong>simias</strong></span> <span class='ocrx_word' id='word_1_308' title='bbox 761 4196 1006 4266; x_wconf 82' lang='lat' dir='ltr'><strong>ferasque</strong></span> <span class='ocrx_word' id='word_1_309' title='bbox 1044 4196 1218 4250; x_wconf 91' lang='lat' dir='ltr'><strong>omnis</strong></span> <span class='ocrx_word' id='word_1_310' title='bbox 1257 4196 1468 4264; x_wconf 81' lang='lat' dir='ltr'><strong>generis</strong></span> <span class='ocrx_word' id='word_1_311' title='bbox 1495 4193 1723 4247; x_wconf 80' lang='lat' dir='ltr'><strong>divinam</strong></span> 
     </span>
    </p>
   </div>
   <div class='ocr_carea' id='block_1_43' title="bbox 144 4284 1727 4351">
    <p class='ocr_par' dir='ltr' id='par_1_43' title="bbox 144 4284 1727 4351">
     <span class='ocr_line' id='line_1_43' title="bbox 144 4284 1727 4351; baseline -0.008 -1"><span class='ocrx_word' id='word_1_312' title='bbox 144 4296 440 4351; x_wconf 87' lang='lat' dir='ltr'><strong>essentiam</strong></span> <span class='ocrx_word' id='word_1_313' title='bbox 471 4291 779 4347; x_wconf 90' lang='lat' dir='ltr'><strong>inducentes</strong></span> <span class='ocrx_word' id='word_1_314' title='bbox 810 4306 823 4343; x_wconf 92' lang='lat'><strong>:</strong></span> <span class='ocrx_word' id='word_1_315' title='bbox 858 4288 1087 4342; x_wconf 89' lang='lat' dir='ltr'><strong>animam</strong></span> <span class='ocrx_word' id='word_1_316' title='bbox 1115 4287 1257 4341; x_wconf 91' lang='lat' dir='ltr'><strong>enim</strong></span> <span class='ocrx_word' id='word_1_317' title='bbox 1285 4285 1531 4342; x_wconf 90' lang='lat' dir='ltr'><strong>omnibus</strong></span> <span class='ocrx_word' id='word_1_318' title='bbox 1559 4284 1641 4338; x_wconf 90' lang='lat' dir='ltr'><strong>his</strong></span> <span class='ocrx_word' id='word_1_319' title='bbox 1661 4299 1727 4339; x_wconf 71' lang='lat' dir='ltr'><strong>ex</strong></span> 
     </span>
    </p>
   </div>
   <div class='ocr_carea' id='block_1_44' title="bbox 145 4375 1726 4447">
    <p class='ocr_par' dir='ltr' id='par_1_44' title="bbox 145 4375 1726 4447">
     <span class='ocr_line' id='line_1_44' title="bbox 145 4375 1726 4447; baseline -0.008 -5"><span class='ocrx_word' id='word_1_320' title='bbox 145 4386 240 4442; x_wconf 86' lang='lat' dir='ltr'><strong>illa</strong></span> <span class='ocrx_word' id='word_1_321' title='bbox 271 4384 501 4439; x_wconf 86' lang='lat' dir='ltr'><strong>essentia</strong></span> <span class='ocrx_word' id='word_1_322' title='bbox 528 4397 648 4437; x_wconf 86' lang='lat' dir='ltr'><strong>esse</strong></span> <span class='ocrx_word' id='word_1_323' title='bbox 672 4380 886 4442; x_wconf 89' lang='lat' dir='ltr'><strong>dicunt;</strong></span> <span class='ocrx_word' id='word_1_324' title='bbox 929 4394 1034 4433; x_wconf 92' lang='lat' dir='ltr'><strong>non</strong></span> <span class='ocrx_word' id='word_1_325' title='bbox 1074 4377 1292 4431; x_wconf 91' lang='lat' dir='ltr'><strong>horrent</strong></span> <span class='ocrx_word' id='word_1_326' title='bbox 1320 4392 1493 4447; x_wconf 88' lang='lat' dir='ltr'><strong>neque</strong></span> <span class='ocrx_word' id='word_1_327' title='bbox 1530 4375 1726 4431; x_wconf 86' lang='lat' dir='ltr'><strong>erube-</strong></span> 
     </span>
    </p>
   </div>
   <div class='ocr_carea' id='block_1_45' title="bbox 146 4465 1729 4539">
    <p class='ocr_par' dir='ltr' id='par_1_45' title="bbox 146 4465 1729 4539">
     <span class='ocr_line' id='line_1_45' title="bbox 146 4465 1729 4539; baseline -0.008 -6"><span class='ocrx_word' id='word_1_328' title='bbox 146 4484 348 4532; x_wconf 87' lang='lat' dir='ltr'><strong>scunt:</strong></span> <span class='ocrx_word' id='word_1_329' title='bbox 385 4489 480 4527; x_wconf 94' lang='lat' dir='ltr'><strong>nos</strong></span> <span class='ocrx_word' id='word_1_330' title='bbox 505 4487 631 4526; x_wconf 88' lang='lat' dir='ltr'><strong>vero</strong></span> <span class='ocrx_word' id='word_1_331' title='bbox 658 4472 771 4526; x_wconf 92' lang='lat' dir='ltr'><strong>Deo</strong></span> <span class='ocrx_word' id='word_1_332' title='bbox 799 4469 1010 4539; x_wconf 87' lang='lat' dir='ltr'><strong>indigna</strong></span> <span class='ocrx_word' id='word_1_333' title='bbox 1037 4468 1214 4523; x_wconf 88' lang='lat' dir='ltr'><strong>dicere</strong></span> <span class='ocrx_word' id='word_1_334' title='bbox 1242 4468 1408 4532; x_wconf 90' lang='lat' dir='ltr'><strong>aiunt,</strong></span> <span class='ocrx_word' id='word_1_335' title='bbox 1448 4467 1569 4536; x_wconf 89' lang='lat' dir='ltr'><strong>quia</strong></span> <span class='ocrx_word' id='word_1_336' title='bbox 1597 4465 1729 4520; x_wconf 90' lang='lat' dir='ltr'><strong>nihil</strong></span> 
     </span>
    </p>
   </div>
   <div class='ocr_carea' id='block_1_46' title="bbox 147 4560 1728 4634">
    <p class='ocr_par' dir='ltr' id='par_1_46' title="bbox 147 4560 1728 4634">
     <span class='ocr_line' id='line_1_46' title="bbox 147 4560 1728 4634; baseline -0.006 -11"><span class='ocrx_word' id='word_1_337' title='bbox 147 4571 348 4624; x_wconf 88' lang='lat' dir='ltr'><strong>horum</strong></span> <span class='ocrx_word' id='word_1_338' title='bbox 371 4581 438 4619; x_wconf 92' lang='lat' dir='ltr'><strong>ne</strong></span> <span class='ocrx_word' id='word_1_339' title='bbox 456 4563 773 4633; x_wconf 88' lang='lat' dir='ltr'><strong>cogitatione</strong></span> <span class='ocrx_word' id='word_1_340' title='bbox 802 4563 1015 4634; x_wconf 91' lang='lat' dir='ltr'><strong>quidem</strong></span> <span class='ocrx_word' id='word_1_341' title='bbox 1041 4560 1385 4622; x_wconf 89' lang='lat' dir='ltr'><strong>admittimus,</strong></span> <span class='ocrx_word' id='word_1_342' title='bbox 1408 4560 1501 4614; x_wconf 91' lang='lat' dir='ltr'><strong>sed</strong></span> <span class='ocrx_word' id='word_1_343' title='bbox 1527 4568 1728 4614; x_wconf 90' lang='lat' dir='ltr'><strong>tantum</strong></span> 
     </span>
    </p>
   </div>
   <div class='ocr_carea' id='block_1_47' title="bbox 145 4635 1727 4729">
    <p class='ocr_par' dir='ltr' id='par_1_47' title="bbox 145 4635 1727 4729">
     <span class='ocr_line' id='line_1_47' title="bbox 145 4635 1727 4729; baseline -0.004 -16"><span class='ocrx_word' id='word_1_344' title='bbox 145 4658 300 4729; x_wconf 84' lang='lat' dir='ltr'><strong>quod</strong></span> <span class='ocrx_word' id='word_1_345' title='bbox 354 4657 462 4710; x_wconf 89' lang='lat' dir='ltr'><strong>Deo</strong></span> <span class='ocrx_word' id='word_1_346' title='bbox 500 4657 823 4710; x_wconf 89' lang='lat' dir='ltr'><strong>conveniens</strong></span> <span class='ocrx_word' id='word_1_347' title='bbox 868 4663 1024 4723; x_wconf 88' lang='lat' dir='ltr'><strong>atque</strong></span> <span class='ocrx_word' id='word_1_348' title='bbox 1073 4635 1286 4708; x_wconf 35' lang='lat' dir='ltr'><strong>decens.</strong></span> <span class='ocrx_word' id='word_1_349' title='bbox 1312 4659 1427 4706; x_wconf 89' lang='lat' dir='ltr'><strong>erat</strong></span> <span class='ocrx_word' id='word_1_350' title='bbox 1469 4652 1727 4706; x_wconf 87' lang='lat' dir='ltr'><strong>dicimus:</strong></span> 
     </span>
    </p>
   </div>
   <div class='ocr_carea' id='block_1_48' title="bbox 148 4741 1730 4820">
    <p class='ocr_par' dir='ltr' id='par_1_48' title="bbox 148 4741 1730 4820">
     <span class='ocr_line' id='line_1_48' title="bbox 148 4741 1730 4820; baseline -0.006 -14"><span class='ocrx_word' id='word_1_351' title='bbox 148 4762 350 4820; x_wconf 87' lang='lat' dir='ltr'><strong>nempe</strong></span> <span class='ocrx_word' id='word_1_352' title='bbox 386 4747 556 4815; x_wconf 87' lang='lat' dir='ltr'><strong>ipsum</strong></span> <span class='ocrx_word' id='word_1_353' title='bbox 593 4745 894 4810; x_wconf 86' lang='lat' dir='ltr'><strong>advenisse,</strong></span> <span class='ocrx_word' id='word_1_354' title='bbox 949 4754 1002 4799; x_wconf 90' lang='lat' dir='ltr'><strong>et</strong></span> <span class='ocrx_word' id='word_1_355' title='bbox 1041 4744 1141 4798; x_wconf 91' lang='lat' dir='ltr'><strong>hoc</strong></span> <span class='ocrx_word' id='word_1_356' title='bbox 1178 4741 1533 4814; x_wconf 81' lang='lat' dir='ltr'><strong>generationis</strong></span> <span class='ocrx_word' id='word_1_357' title='bbox 1571 4742 1730 4806; x_wconf 85' lang='lat' dir='ltr'><strong>modo</strong></span> 
     </span>
    </p>
   </div>
   <div class='ocr_carea' id='block_1_49' title="bbox 149 4835 1730 4912">
    <p class='ocr_par' dir='ltr' id='par_1_49' title="bbox 149 4835 1730 4912">
     <span class='ocr_line' id='line_1_49' title="bbox 149 4835 1730 4912; baseline -0.005 -16"><span class='ocrx_word' id='word_1_358' title='bbox 149 4840 432 4912; x_wconf 81' lang='lat' dir='ltr'><strong>proprium</strong></span> <span class='ocrx_word' id='word_1_359' title='bbox 459 4853 612 4892; x_wconf 86' lang='lat' dir='ltr'><strong>suum</strong></span> <span class='ocrx_word' id='word_1_360' title='bbox 641 4853 773 4907; x_wconf 86' lang='lat' dir='ltr'><strong>Opus</strong></span> <span class='ocrx_word' id='word_1_361' title='bbox 802 4845 1146 4892; x_wconf 83' lang='lat' dir='ltr'><strong>restaurasse.</strong></span> <span class='ocrx_word' id='word_1_362' title='bbox 1169 4836 1304 4904; x_wconf 86' lang='lat' dir='ltr'><strong>Quid</strong></span> <span class='ocrx_word' id='word_1_363' title='bbox 1325 4836 1441 4890; x_wconf 80' lang='lat' dir='ltr'><strong>ais?</strong></span> <span class='ocrx_word' id='word_1_364' title='bbox 1467 4836 1550 4890; x_wconf 89' lang='lat' dir='ltr'><strong>die</strong></span> <span class='ocrx_word' id='word_1_365' title='bbox 1580 4835 1730 4892; x_wconf 84' lang='lat' dir='ltr'><strong>mihi.</strong></span> 
     </span>
    </p>
   </div>
   <div class='ocr_carea' id='block_1_50' title="bbox 147 4926 1730 4999">
    <p class='ocr_par' dir='ltr' id='par_1_50' title="bbox 147 4926 1730 4999">
     <span class='ocr_line' id='line_1_50' title="bbox 147 4926 1730 4999; baseline -0.005 -11"><span class='ocrx_word' id='word_1_366' title='bbox 147 4932 332 4993; x_wconf 82' lang='lat' dir='ltr'><strong>Tune,</strong></span> <span class='ocrx_word' id='word_1_367' title='bbox 352 4929 443 4999; x_wconf 91' lang='lat' dir='ltr'><strong>qui</strong></span> <span class='ocrx_word' id='word_1_368' title='bbox 487 4928 868 4983; x_wconf 88' lang='lat' dir='ltr'><strong>homicidarum</strong></span> <span class='ocrx_word' id='word_1_369' title='bbox 917 4937 970 4982; x_wconf 91' lang='lat' dir='ltr'><strong>et</strong></span> <span class='ocrx_word' id='word_1_370' title='bbox 1017 4927 1456 4996; x_wconf 69' lang='lat' dir='ltr'><strong>praestigiatorum</strong></span> <span class='ocrx_word' id='word_1_371' title='bbox 1500 4926 1730 4980; x_wconf 89' lang='lat' dir='ltr'><strong>animam</strong></span> 
     </span>
    </p>
   </div>
   <div class='ocr_carea' id='block_1_51' title="bbox 149 5017 1734 5087">
    <p class='ocr_par' dir='ltr' id='par_1_51' title="bbox 149 5017 1734 5087">
     <span class='ocr_line' id='line_1_51' title="bbox 149 5017 1734 5087; baseline -0.003 -10"><span class='ocrx_word' id='word_1_372' title='bbox 149 5024 356 5077; x_wconf 71' lang='lat' dir='ltr'><strong>divina:</strong></span> <span class='ocrx_word' id='word_1_373' title='bbox 379 5021 626 5076; x_wconf 79' lang='lat' dir='ltr'><strong>essentiae</strong></span> <span class='ocrx_word' id='word_1_374' title='bbox 651 5034 772 5074; x_wconf 89' lang='lat' dir='ltr'><strong>esse</strong></span> <span class='ocrx_word' id='word_1_375' title='bbox 796 5019 1008 5084; x_wconf 82' lang='lat' dir='ltr'><strong>asseris,</strong></span> <span class='ocrx_word' id='word_1_376' title='bbox 1033 5034 1132 5074; x_wconf 88' lang='lat' dir='ltr'><strong>nos</strong></span> <span class='ocrx_word' id='word_1_377' title='bbox 1153 5033 1404 5074; x_wconf 87' lang='lat' dir='ltr'><strong>accusare</strong></span> <span class='ocrx_word' id='word_1_378' title='bbox 1431 5019 1617 5086; x_wconf 82' lang='lat' dir='ltr'><strong>audes,</strong></span> <span class='ocrx_word' id='word_1_379' title='bbox 1645 5017 1734 5087; x_wconf 91' lang='lat' dir='ltr'><strong>qui</strong></span> 
     </span>
    </p>
   </div>
   <div class='ocr_carea' id='block_1_52' title="bbox 149 5109 1728 5182">
    <p class='ocr_par' dir='ltr' id='par_1_52' title="bbox 149 5109 1728 5182">
     <span class='ocr_line' id='line_1_52' title="bbox 149 5109 1728 5182; baseline -0.004 -12"><span class='ocrx_word' id='word_1_380' title='bbox 149 5117 355 5171; x_wconf 85' lang='lat' dir='ltr'><strong>horum</strong></span> <span class='ocrx_word' id='word_1_381' title='bbox 384 5112 595 5182; x_wconf 89' lang='lat' dir='ltr'><strong>quidem</strong></span> <span class='ocrx_word' id='word_1_382' title='bbox 638 5110 770 5165; x_wconf 93' lang='lat' dir='ltr'><strong>nihil</strong></span> <span class='ocrx_word' id='word_1_383' title='bbox 797 5127 903 5165; x_wconf 90' lang='lat' dir='ltr'><strong>non</strong></span> <span class='ocrx_word' id='word_1_384' title='bbox 930 5110 1089 5166; x_wconf 89' lang='lat' dir='ltr'><strong>modo</strong></span> <span class='ocrx_word' id='word_1_385' title='bbox 1115 5125 1220 5164; x_wconf 90' lang='lat' dir='ltr'><strong>nou</strong></span> <span class='ocrx_word' id='word_1_386' title='bbox 1251 5109 1469 5165; x_wconf 80' lang='lat' dir='ltr'><strong>ierimus</strong></span> <span class='ocrx_word' id='word_1_387' title='bbox 1493 5119 1582 5163; x_wconf 86' lang='lat' dir='ltr'><strong>aut</strong></span> <span class='ocrx_word' id='word_1_388' title='bbox 1603 5124 1728 5164; x_wconf 85' lang='lat' dir='ltr'><strong>sus-</strong></span> 
     </span>
    </p>
   </div>
   <div class='ocr_carea' id='block_1_53' title="bbox 151 5201 1736 5272">
    <p class='ocr_par' dir='ltr' id='par_1_53' title="bbox 151 5201 1736 5272">
     <span class='ocr_line' id='line_1_53' title="bbox 151 5201 1736 5272; baseline -0.004 -11"><span class='ocrx_word' id='word_1_389' title='bbox 151 5209 394 5261; x_wconf 83' lang='lat' dir='ltr'><strong>tinemus</strong></span> <span class='ocrx_word' id='word_1_390' title='bbox 434 5202 618 5258; x_wconf 88' lang='lat' dir='ltr'><strong>audire</strong></span> <span class='ocrx_word' id='word_1_391' title='bbox 641 5244 657 5271; x_wconf 95' lang='lat'><strong>,</strong></span> <span class='ocrx_word' id='word_1_392' title='bbox 687 5202 781 5257; x_wconf 86' lang='lat' dir='ltr'><strong>sed</strong></span> <span class='ocrx_word' id='word_1_393' title='bbox 809 5203 899 5272; x_wconf 90' lang='lat' dir='ltr'><strong>qui</strong></span> <span class='ocrx_word' id='word_1_394' title='bbox 937 5203 1023 5256; x_wconf 89' lang='lat' dir='ltr'><strong>illa</strong></span> <span class='ocrx_word' id='word_1_395' title='bbox 1052 5202 1254 5270; x_wconf 89' lang='lat' dir='ltr'><strong>dicunt,</strong></span> <span class='ocrx_word' id='word_1_396' title='bbox 1280 5201 1469 5270; x_wconf 81' lang='lat' dir='ltr'><strong>impios</strong></span> <span class='ocrx_word' id='word_1_397' title='bbox 1490 5216 1611 5257; x_wconf 84' lang='lat' dir='ltr'><strong>esse</strong></span> <span class='ocrx_word' id='word_1_398' title='bbox 1645 5201 1736 5270; x_wconf 88' lang='lat' dir='ltr'><strong>ju-</strong></span> 
     </span>
    </p>
   </div>
   <div class='ocr_carea' id='block_1_54' title="bbox 151 5293 1735 5367">
    <p class='ocr_par' dir='ltr' id='par_1_54' title="bbox 151 5293 1735 5367">
     <span class='ocr_line' id='line_1_54' title="bbox 151 5293 1735 5367; baseline -0.005 -12"><span class='ocrx_word' id='word_1_399' title='bbox 151 5297 437 5355; x_wconf 84' lang='lat' dir='ltr'><strong>dicamus?</strong></span> <span class='ocrx_word' id='word_1_400' title='bbox 461 5296 598 5365; x_wconf 89' lang='lat' dir='ltr'><strong>Quid</strong></span> <span class='ocrx_word' id='word_1_401' title='bbox 627 5296 784 5367; x_wconf 80' lang='lat' dir='ltr'><strong>igitur</strong></span> <span class='ocrx_word' id='word_1_402' title='bbox 804 5295 1067 5350; x_wconf 80' lang='lat' dir='ltr'><strong>dicimus?</strong></span> <span class='ocrx_word' id='word_1_403' title='bbox 1093 5294 1222 5349; x_wconf 89' lang='lat' dir='ltr'><strong>Illud</strong></span> <span class='ocrx_word' id='word_1_404' title='bbox 1248 5293 1529 5349; x_wconf 90' lang='lat' dir='ltr'><strong>nimirum:</strong></span> <span class='ocrx_word' id='word_1_405' title='bbox 1571 5294 1735 5347; x_wconf 83' lang='lat' dir='ltr'><strong>Deum</strong></span> 
     </span>
    </p>
   </div>
   <div class='ocr_carea' id='block_1_55' title="bbox 155 5387 1734 5457">
    <p class='ocr_par' dir='ltr' id='par_1_55' title="bbox 155 5387 1734 5457">
     <span class='ocr_line' id='line_1_55' title="bbox 155 5387 1734 5457; baseline -0.005 -7"><span class='ocrx_word' id='word_1_406' title='bbox 155 5400 471 5455; x_wconf 81' lang='lat' dir='ltr'><strong>constructo</strong></span> <span class='ocrx_word' id='word_1_407' title='bbox 518 5398 704 5445; x_wconf 89' lang='lat' dir='ltr'><strong>sancto</strong></span> <span class='ocrx_word' id='word_1_408' title='bbox 749 5387 853 5443; x_wconf 89' lang='lat' dir='ltr'><strong>hoc</strong></span> <span class='ocrx_word' id='word_1_409' title='bbox 889 5387 992 5443; x_wconf 85' lang='lat' dir='ltr'><strong>sibi</strong></span> <span class='ocrx_word' id='word_1_410' title='bbox 1032 5388 1250 5457; x_wconf 89' lang='lat' dir='ltr'><strong>templo,</strong></span> <span class='ocrx_word' id='word_1_411' title='bbox 1276 5403 1372 5457; x_wconf 88' lang='lat' dir='ltr'><strong>per</strong></span> <span class='ocrx_word' id='word_1_412' title='bbox 1397 5387 1623 5455; x_wconf 83' lang='lat' dir='ltr'><strong>idipsum</strong></span> <span class='ocrx_word' id='word_1_413' title='bbox 1668 5401 1734 5442; x_wconf 80' lang='lat' dir='ltr'><strong>ex</strong></span> 
     </span>
    </p>
   </div>
   <div class='ocr_carea' id='block_1_56' title="bbox 164 5477 1736 5550">
    <p class='ocr_par' dir='ltr' id='par_1_56' title="bbox 164 5477 1736 5550">
     <span class='ocr_line' id='line_1_56' title="bbox 164 5477 1736 5550; baseline -0.006 -10"><span class='ocrx_word' id='word_1_414' title='bbox 164 5485 305 5540; x_wconf 72' lang='lat' dir='ltr'><strong>caelo</strong></span> <span class='ocrx_word' id='word_1_415' title='bbox 363 5483 630 5538; x_wconf 69' lang='lat' dir='ltr'><strong>caelestem</strong></span> <span class='ocrx_word' id='word_1_416' title='bbox 679 5480 958 5550; x_wconf 85' lang='lat' dir='ltr'><strong>quemdam</strong></span> <span class='ocrx_word' id='word_1_417' title='bbox 1011 5495 1187 5534; x_wconf 91' lang='lat' dir='ltr'><strong>rerum</strong></span> <span class='ocrx_word' id='word_1_418' title='bbox 1234 5489 1427 5534; x_wconf 89' lang='lat' dir='ltr'><strong>statum</strong></span> <span class='ocrx_word' id='word_1_419' title='bbox 1474 5479 1526 5532; x_wconf 92' lang='lat' dir='ltr'><strong>in</strong></span> <span class='ocrx_word' id='word_1_420' title='bbox 1573 5477 1736 5531; x_wconf 88' lang='lat' dir='ltr'><strong>vitam</strong></span> 
     </span>
    </p>
   </div>
   <div class='ocr_carea' id='block_1_57' title="bbox 168 5567 1740 5639">
    <p class='ocr_par' dir='ltr' id='par_1_57' title="bbox 168 5567 1740 5639">
     <span class='ocr_line' id='line_1_57' title="bbox 168 5567 1740 5639; baseline -0.006 -9"><span class='ocrx_word' id='word_1_421' title='bbox 168 5583 410 5630; x_wconf 87' lang='lat' dir='ltr'><strong>nostram</strong></span> <span class='ocrx_word' id='word_1_422' title='bbox 437 5571 716 5627; x_wconf 78' lang='lat' dir='ltr'><strong>invexisse.</strong></span> <span class='ocrx_word' id='word_1_423' title='bbox 743 5570 811 5625; x_wconf 88' lang='lat' dir='ltr'><strong>Et</strong></span> <span class='ocrx_word' id='word_1_424' title='bbox 832 5569 1010 5639; x_wconf 89' lang='lat' dir='ltr'><strong>quidni</strong></span> <span class='ocrx_word' id='word_1_425' title='bbox 1035 5569 1225 5624; x_wconf 88' lang='lat' dir='ltr'><strong>merito</strong></span> <span class='ocrx_word' id='word_1_426' title='bbox 1262 5567 1452 5622; x_wconf 83' lang='lat' dir='ltr'><strong>millies</strong></span> <span class='ocrx_word' id='word_1_427' title='bbox 1475 5581 1574 5622; x_wconf 86' lang='lat' dir='ltr'><strong>vos</strong></span> <span class='ocrx_word' id='word_1_428' title='bbox 1596 5567 1740 5636; x_wconf 83' lang='lat' dir='ltr'><strong>capi-</strong></span> 
     </span>
    </p>
   </div>
   <div class='ocr_carea' id='block_1_58' title="bbox 163 5659 1742 5727">
    <p class='ocr_par' dir='ltr' id='par_1_58' title="bbox 163 5659 1742 5727">
     <span class='ocr_line' id='line_1_58' title="bbox 163 5659 1742 5727; baseline -0.004 -9"><span class='ocrx_word' id='word_1_429' title='bbox 163 5665 234 5720; x_wconf 86' lang='lat' dir='ltr'><strong>tis</strong></span> <span class='ocrx_word' id='word_1_430' title='bbox 259 5661 567 5722; x_wconf 88' lang='lat' dir='ltr'><strong>damnandi.</strong></span> <span class='ocrx_word' id='word_1_431' title='bbox 599 5669 710 5716; x_wconf 87' lang='lat' dir='ltr'><strong>tum</strong></span> <span class='ocrx_word' id='word_1_432' title='bbox 737 5661 807 5715; x_wconf 90' lang='lat' dir='ltr'><strong>ob</strong></span> <span class='ocrx_word' id='word_1_433' title='bbox 845 5659 1254 5722; x_wconf 88' lang='lat' dir='ltr'><strong>accusationem,</strong></span> <span class='ocrx_word' id='word_1_434' title='bbox 1281 5671 1384 5726; x_wconf 89' lang='lat' dir='ltr'><strong>qua</strong></span> <span class='ocrx_word' id='word_1_435' title='bbox 1435 5672 1534 5712; x_wconf 90' lang='lat' dir='ltr'><strong>nos</strong></span> <span class='ocrx_word' id='word_1_436' title='bbox 1575 5659 1742 5727; x_wconf 85' lang='lat' dir='ltr'><strong>impe-</strong></span> 
     </span>
    </p>
   </div>
   <div class='ocr_carea' id='block_1_59' title="bbox 163 5745 1742 5820">
    <p class='ocr_par' dir='ltr' id='par_1_59' title="bbox 163 5745 1742 5820">
     <span class='ocr_line' id='line_1_59' title="bbox 163 5745 1742 5820; baseline -0.004 -12"><span class='ocrx_word' id='word_1_437' title='bbox 163 5755 296 5820; x_wconf 90' lang='lat' dir='ltr'><strong>titis,</strong></span> <span class='ocrx_word' id='word_1_438' title='bbox 323 5763 435 5807; x_wconf 88' lang='lat' dir='ltr'><strong>tum</strong></span> <span class='ocrx_word' id='word_1_439' title='bbox 479 5752 552 5806; x_wconf 89' lang='lat' dir='ltr'><strong>ob</strong></span> <span class='ocrx_word' id='word_1_440' title='bbox 590 5749 930 5820; x_wconf 89' lang='lat' dir='ltr'><strong>impietatem,</strong></span> <span class='ocrx_word' id='word_1_441' title='bbox 958 5761 1114 5816; x_wconf 90' lang='lat' dir='ltr'><strong>quam</strong></span> <span class='ocrx_word' id='word_1_442' title='bbox 1160 5745 1212 5799; x_wconf 90' lang='lat' dir='ltr'><strong>in</strong></span> <span class='ocrx_word' id='word_1_443' title='bbox 1258 5745 1422 5799; x_wconf 90' lang='lat' dir='ltr'><strong>Deum</strong></span> <span class='ocrx_word' id='word_1_444' title='bbox 1463 5745 1742 5801; x_wconf 87' lang='lat' dir='ltr'><strong>admittere</strong></span> 
     </span>
    </p>
   </div>
   <div class='ocr_carea' id='block_1_60' title="bbox 162 5833 1741 5904">
    <p class='ocr_par' dir='ltr' id='par_1_60' title="bbox 162 5833 1741 5904">
     <span class='ocr_line' id='line_1_60' title="bbox 162 5833 1741 5904; baseline -0.006 -3"><span class='ocrx_word' id='word_1_445' title='bbox 162 5833 607 5901; x_wconf 50' lang='lat' dir='ltr'><strong>nan&#39;desistitis?</strong></span> <span class='ocrx_word' id='word_1_446' title='bbox 661 5840 715 5895; x_wconf 89' lang='lat' dir='ltr'><strong>Si</strong></span> <span class='ocrx_word' id='word_1_447' title='bbox 762 5838 903 5893; x_wconf 91' lang='lat' dir='ltr'><strong>enim</strong></span> <span class='ocrx_word' id='word_1_448' title='bbox 947 5835 1057 5892; x_wconf 89' lang='lat' dir='ltr'><strong>Deo</strong></span> <span class='ocrx_word' id='word_1_449' title='bbox 1103 5843 1182 5891; x_wconf 90' lang='lat' dir='ltr'><strong>est</strong></span> <span class='ocrx_word' id='word_1_450' title='bbox 1223 5835 1495 5904; x_wconf 83' lang='lat' dir='ltr'><strong>indecens,</strong></span> <span class='ocrx_word' id='word_1_451' title='bbox 1544 5846 1600 5892; x_wconf 89' lang='lat' dir='ltr'><strong>ut</strong></span> <span class='ocrx_word' id='word_1_452' title='bbox 1647 5852 1741 5892; x_wconf 84' lang='lat' dir='ltr'><strong>vos</strong></span> 
     </span>
    </p>
   </div>
   <div class='ocr_carea' id='block_1_61' title="bbox 1092 421 2473 484">
    <p class='ocr_par' dir='ltr' id='par_1_61' title="bbox 1092 421 2473 484">
     <span class='ocr_line' id='line_1_61' title="bbox 1092 421 2473 484; baseline 0.004 -8"><span class='ocrx_word' id='word_1_453' title='bbox 1092 421 1158 478; x_wconf 77' lang='lat' dir='ltr'><strong>IN</strong></span> <span class='ocrx_word' id='word_1_454' title='bbox 1201 421 1361 480; x_wconf 78' lang='lat' dir='ltr'><strong>DIEM</strong></span> <span class='ocrx_word' id='word_1_455' title='bbox 1399 422 1725 481; x_wconf 71' lang='lat' dir='ltr'><strong>NATALEM</strong></span> <span class='ocrx_word' id='word_1_456' title='bbox 1771 427 1832 482; x_wconf 92' lang='lat' dir='ltr'><strong>D.</strong></span> <span class='ocrx_word' id='word_1_457' title='bbox 1873 426 1937 481; x_wconf 83' lang='lat' dir='ltr'><strong>N.</strong></span> <span class='ocrx_word' id='word_1_458' title='bbox 1976 427 2138 484; x_wconf 83' lang='lat' dir='ltr'><strong>JESU</strong></span> <span class='ocrx_word' id='word_1_459' title='bbox 2175 425 2473 484; x_wconf 75' lang='lat' dir='ltr'><strong>CHRISTI.</strong></span> 
     </span>
    </p>
   </div>
   <div class='ocr_carea' id='block_1_62' title="bbox 3289 429 3392 487">
    <p class='ocr_par' dir='ltr' id='par_1_62' title="bbox 3289 429 3392 487">
     <span class='ocr_line' id='line_1_62' title="bbox 3289 429 3392 487; baseline 0.029 -3"><span class='ocrx_word' id='word_1_460' title='bbox 3289 429 3392 487; x_wconf 79' lang='lat'><strong>360</strong></span> 
     </span>
    </p>
   </div>
   <div class='ocr_carea' id='block_1_63' title="bbox 1819 535 3391 611">
    <p class='ocr_par' dir='ltr' id='par_1_63' title="bbox 1819 535 3391 611">
     <span class='ocr_line' id='line_1_63' title="bbox 1819 535 3391 611; baseline 0.005 -21"><span class='ocrx_word' id='word_1_461' title='bbox 1819 535 2014 602; x_wconf 90' lang='lat' dir='ltr'><strong>dicitis,</strong></span> <span class='ocrx_word' id='word_1_462' title='bbox 2057 536 2355 594; x_wconf 90' lang='lat' dir='ltr'><strong>inhabitare</strong></span> <span class='ocrx_word' id='word_1_463' title='bbox 2407 552 2602 609; x_wconf 89' lang='lat' dir='ltr'><strong>corpus</strong></span> <span class='ocrx_word' id='word_1_464' title='bbox 2640 554 2828 611; x_wconf 91' lang='lat' dir='ltr'><strong>purum</strong></span> <span class='ocrx_word' id='word_1_465' title='bbox 2875 551 2928 596; x_wconf 89' lang='lat' dir='ltr'><strong>et</strong></span> <span class='ocrx_word' id='word_1_466' title='bbox 2975 541 3391 609; x_wconf 86' lang='lat' dir='ltr'><strong>immaculatum,</strong></span> 
     </span>
    </p>
   </div>
   <div class='ocr_carea' id='block_1_64' title="bbox 1819 630 3393 704">
    <p class='ocr_par' dir='ltr' id='par_1_64' title="bbox 1819 630 3393 704">
     <span class='ocr_line' id='line_1_64' title="bbox 1819 630 3393 704; baseline 0.004 -20"><span class='ocrx_word' id='word_1_467' title='bbox 1819 630 1987 684; x_wconf 89' lang='lat' dir='ltr'><strong>multo</strong></span> <span class='ocrx_word' id='word_1_468' title='bbox 2009 639 2152 686; x_wconf 89' lang='lat' dir='ltr'><strong>certe</strong></span> <span class='ocrx_word' id='word_1_469' title='bbox 2178 630 2509 686; x_wconf 90' lang='lat' dir='ltr'><strong>indecentius</strong></span> <span class='ocrx_word' id='word_1_470' title='bbox 2536 641 2619 688; x_wconf 91' lang='lat' dir='ltr'><strong>est</strong></span> <span class='ocrx_word' id='word_1_471' title='bbox 2658 634 3075 703; x_wconf 79' lang='lat' dir='ltr'><strong>pra:stigiatoris,</strong></span> <span class='ocrx_word' id='word_1_472' title='bbox 3115 635 3393 704; x_wconf 78' lang='lat' dir='ltr'><strong>sepulcro-</strong></span> 
     </span>
    </p>
   </div>
   <div class='ocr_carea' id='block_1_65' title="bbox 1818 721 3394 791">
    <p class='ocr_par' dir='ltr' id='par_1_65' title="bbox 1818 721 3394 791">
     <span class='ocr_line' id='line_1_65' title="bbox 1818 721 3394 791; baseline 0.005 -17"><span class='ocrx_word' id='word_1_473' title='bbox 1818 735 1936 775; x_wconf 91' lang='lat' dir='ltr'><strong>rum</strong></span> <span class='ocrx_word' id='word_1_474' title='bbox 1979 721 2303 788; x_wconf 83' lang='lat' dir='ltr'><strong>suﬁ&#39;ossoris,</strong></span> <span class='ocrx_word' id='word_1_475' title='bbox 2344 721 2580 787; x_wconf 82' lang='lat' dir='ltr'><strong>latronis,</strong></span> <span class='ocrx_word' id='word_1_476' title='bbox 2611 723 2719 777; x_wconf 89' lang='lat' dir='ltr'><strong>imo</strong></span> <span class='ocrx_word' id='word_1_477' title='bbox 2761 724 2930 779; x_wconf 66' lang='lat' dir='ltr'><strong>simitu</strong></span> <span class='ocrx_word' id='word_1_478' title='bbox 2953 735 3008 780; x_wconf 90' lang='lat' dir='ltr'><strong>et</strong></span> <span class='ocrx_word' id='word_1_479' title='bbox 3050 726 3232 791; x_wconf 84' lang='lat' dir='ltr'><strong>canis;</strong></span> <span class='ocrx_word' id='word_1_480' title='bbox 3285 743 3394 782; x_wconf 89' lang='lat' dir='ltr'><strong>non</strong></span> 
     </span>
    </p>
   </div>
   <div class='ocr_carea' id='block_1_66' title="bbox 1818 811 3396 890">
    <p class='ocr_par' dir='ltr' id='par_1_66' title="bbox 1818 811 3396 890">
     <span class='ocr_line' id='line_1_66' title="bbox 1818 811 3396 890; baseline 0.006 -25"><span class='ocrx_word' id='word_1_481' title='bbox 1818 821 1993 867; x_wconf 87' lang='lat' dir='ltr'><strong>autem</strong></span> <span class='ocrx_word' id='word_1_482' title='bbox 2020 820 2257 866; x_wconf 90' lang='lat' dir='ltr'><strong>sanctum</strong></span> <span class='ocrx_word' id='word_1_483' title='bbox 2289 811 2419 866; x_wconf 90' lang='lat' dir='ltr'><strong>illud</strong></span> <span class='ocrx_word' id='word_1_484' title='bbox 2446 822 2602 882; x_wconf 90' lang='lat' dir='ltr'><strong>atque</strong></span> <span class='ocrx_word' id='word_1_485' title='bbox 2628 814 3116 884; x_wconf 87' lang='lat' dir='ltr'><strong>incontaminatum,</strong></span> <span class='ocrx_word' id='word_1_486' title='bbox 3147 819 3396 890; x_wconf 91' lang='lat' dir='ltr'><strong>quodque</strong></span> 
     </span>
    </p>
   </div>
   <div class='ocr_carea' id='block_1_67' title="bbox 1818 904 3394 978">
    <p class='ocr_par' dir='ltr' id='par_1_67' title="bbox 1818 904 3394 978">
     <span class='ocr_line' id='line_1_67' title="bbox 1818 904 3394 978; baseline 0.004 -20"><span class='ocrx_word' id='word_1_487' title='bbox 1818 919 1960 959; x_wconf 89' lang='lat' dir='ltr'><strong>nunc</strong></span> <span class='ocrx_word' id='word_1_488' title='bbox 2008 904 2060 958; x_wconf 91' lang='lat' dir='ltr'><strong>in</strong></span> <span class='ocrx_word' id='word_1_489' title='bbox 2104 904 2323 959; x_wconf 83' lang='lat' dir='ltr'><strong>dextera</strong></span> <span class='ocrx_word' id='word_1_490' title='bbox 2349 905 2522 958; x_wconf 89' lang='lat' dir='ltr'><strong>Patris</strong></span> <span class='ocrx_word' id='word_1_491' title='bbox 2551 905 2722 960; x_wconf 89' lang='lat' dir='ltr'><strong>sedet.</strong></span> <span class='ocrx_word' id='word_1_492' title='bbox 2751 907 2900 973; x_wconf 86' lang='lat' dir='ltr'><strong>Quod</strong></span> <span class='ocrx_word' id='word_1_493' title='bbox 2929 909 3071 963; x_wconf 91' lang='lat' dir='ltr'><strong>enim</strong></span> <span class='ocrx_word' id='word_1_494' title='bbox 3117 910 3394 978; x_wconf 88' lang='lat' dir='ltr'><strong>damnum,</strong></span> 
     </span>
    </p>
   </div>
   <div class='ocr_carea' id='block_1_68' title="bbox 1817 996 3394 1057">
    <p class='ocr_par' dir='ltr' id='par_1_68' title="bbox 1817 996 3394 1057">
     <span class='ocr_line' id='line_1_68' title="bbox 1817 996 3394 1057; baseline 0.005 -8"><span class='ocrx_word' id='word_1_495' title='bbox 1817 1005 1908 1049; x_wconf 91' lang='lat' dir='ltr'><strong>aut</strong></span> <span class='ocrx_word' id='word_1_496' title='bbox 1934 996 2138 1050; x_wconf 89' lang='lat' dir='ltr'><strong>macula</strong></span> <span class='ocrx_word' id='word_1_497' title='bbox 2179 996 2288 1049; x_wconf 88' lang='lat' dir='ltr'><strong>Deo</strong></span> <span class='ocrx_word' id='word_1_498' title='bbox 2311 997 2596 1051; x_wconf 89' lang='lat' dir='ltr'><strong>accesserit</strong></span> <span class='ocrx_word' id='word_1_499' title='bbox 2640 1013 2706 1052; x_wconf 81' lang='lat' dir='ltr'><strong>ex</strong></span> <span class='ocrx_word' id='word_1_500' title='bbox 2753 997 2851 1052; x_wconf 90' lang='lat' dir='ltr'><strong>hac</strong></span> <span class='ocrx_word' id='word_1_501' title='bbox 2893 1002 3229 1054; x_wconf 72' lang='lat' dir='ltr'><strong>(economia?</strong></span> <span class='ocrx_word' id='word_1_502' title='bbox 3279 1001 3394 1057; x_wconf 90' lang='lat' dir='ltr'><strong>Non</strong></span> 
     </span>
    </p>
   </div>
   <div class='ocr_carea' id='block_1_69' title="bbox 1818 1088 3395 1160">
    <p class='ocr_par' dir='ltr' id='par_1_69' title="bbox 1818 1088 3395 1160">
     <span class='ocr_line' id='line_1_69' title="bbox 1818 1088 3395 1160; baseline 0.003 -16"><span class='ocrx_word' id='word_1_503' title='bbox 1818 1089 2008 1144; x_wconf 87' lang='lat' dir='ltr'><strong>videtis</strong></span> <span class='ocrx_word' id='word_1_504' title='bbox 2053 1089 2218 1143; x_wconf 90' lang='lat' dir='ltr'><strong>solem</strong></span> <span class='ocrx_word' id='word_1_505' title='bbox 2269 1088 2434 1154; x_wconf 90' lang='lat' dir='ltr'><strong>hunc,</strong></span> <span class='ocrx_word' id='word_1_506' title='bbox 2465 1091 2616 1158; x_wconf 90' lang='lat' dir='ltr'><strong>cuius</strong></span> <span class='ocrx_word' id='word_1_507' title='bbox 2655 1105 2848 1160; x_wconf 90' lang='lat' dir='ltr'><strong>corpus</strong></span> <span class='ocrx_word' id='word_1_508' title='bbox 2894 1093 3165 1158; x_wconf 86' lang='lat' dir='ltr'><strong>sensibile,</strong></span> <span class='ocrx_word' id='word_1_509' title='bbox 3207 1109 3395 1149; x_wconf 88' lang='lat' dir='ltr'><strong>corru-</strong></span> 
     </span>
    </p>
   </div>
   <div class='ocr_carea' id='block_1_70' title="bbox 1819 1181 3398 1255">
    <p class='ocr_par' dir='ltr' id='par_1_70' title="bbox 1819 1181 3398 1255">
     <span class='ocr_line' id='line_1_70' title="bbox 1819 1181 3398 1255; baseline 0.004 -20"><span class='ocrx_word' id='word_1_510' title='bbox 1819 1181 1988 1251; x_wconf 91' lang='lat' dir='ltr'><strong>ptioni</strong></span> <span class='ocrx_word' id='word_1_511' title='bbox 2013 1181 2306 1250; x_wconf 90' lang='lat' dir='ltr'><strong>subiectum</strong></span> <span class='ocrx_word' id='word_1_512' title='bbox 2327 1191 2486 1251; x_wconf 91' lang='lat' dir='ltr'><strong>atque</strong></span> <span class='ocrx_word' id='word_1_513' title='bbox 2515 1182 2783 1236; x_wconf 87' lang='lat' dir='ltr'><strong>inﬁrmum</strong></span> <span class='ocrx_word' id='word_1_514' title='bbox 2806 1193 2906 1246; x_wconf 89' lang='lat' dir='ltr'><strong>est,</strong></span> <span class='ocrx_word' id='word_1_515' title='bbox 2934 1194 3246 1255; x_wconf 89' lang='lat' dir='ltr'><strong>rumpantur</strong></span> <span class='ocrx_word' id='word_1_516' title='bbox 3272 1186 3398 1242; x_wconf 85' lang='lat' dir='ltr'><strong>licet</strong></span> 
     </span>
    </p>
   </div>
   <div class='ocr_carea' id='block_1_71' title="bbox 1817 1273 3397 1346">
    <p class='ocr_par' dir='ltr' id='par_1_71' title="bbox 1817 1273 3397 1346">
     <span class='ocr_line' id='line_1_71' title="bbox 1817 1273 3397 1346; baseline 0.003 -18"><span class='ocrx_word' id='word_1_517' title='bbox 1817 1274 2009 1328; x_wconf 90' lang='lat' dir='ltr'><strong>millies</strong></span> <span class='ocrx_word' id='word_1_518' title='bbox 2036 1273 2150 1328; x_wconf 82' lang='lat' dir='ltr'><strong>haec</strong></span> <span class='ocrx_word' id='word_1_519' title='bbox 2177 1273 2456 1327; x_wconf 86' lang='lat' dir='ltr'><strong>audientes</strong></span> <span class='ocrx_word' id='word_1_520' title='bbox 2498 1274 2722 1344; x_wconf 91' lang='lat' dir='ltr'><strong>gentiles</strong></span> <span class='ocrx_word' id='word_1_521' title='bbox 2760 1289 2822 1328; x_wconf 90' lang='lat' dir='ltr'><strong>ac</strong></span> <span class='ocrx_word' id='word_1_522' title='bbox 2851 1275 3162 1331; x_wconf 74' lang='lat' dir='ltr'><strong>Manichmi?</strong></span> <span class='ocrx_word' id='word_1_523' title='bbox 3214 1277 3397 1346; x_wconf 85' lang='lat' dir='ltr'><strong>Neque</strong></span> 
     </span>
    </p>
   </div>
   <div class='ocr_carea' id='block_1_72' title="bbox 1817 1363 3398 1436">
    <p class='ocr_par' dir='ltr' id='par_1_72' title="bbox 1817 1363 3398 1436">
     <span class='ocr_line' id='line_1_72' title="bbox 1817 1363 3398 1436; baseline 0.004 -20"><span class='ocrx_word' id='word_1_524' title='bbox 1817 1379 1944 1418; x_wconf 88' lang='lat' dir='ltr'><strong>vero</strong></span> <span class='ocrx_word' id='word_1_525' title='bbox 1970 1363 2047 1418; x_wconf 91' lang='lat' dir='ltr'><strong>sol</strong></span> <span class='ocrx_word' id='word_1_526' title='bbox 2074 1363 2366 1429; x_wconf 87' lang='lat' dir='ltr'><strong>dumtaxat,</strong></span> <span class='ocrx_word' id='word_1_527' title='bbox 2392 1365 2484 1418; x_wconf 90' lang='lat' dir='ltr'><strong>sed</strong></span> <span class='ocrx_word' id='word_1_528' title='bbox 2513 1366 2672 1418; x_wconf 90' lang='lat' dir='ltr'><strong>etiam</strong></span> <span class='ocrx_word' id='word_1_529' title='bbox 2703 1374 2866 1432; x_wconf 89' lang='lat' dir='ltr'><strong>terra,</strong></span> <span class='ocrx_word' id='word_1_530' title='bbox 2905 1383 3072 1431; x_wconf 87' lang='lat' dir='ltr'><strong>mare,</strong></span> <span class='ocrx_word' id='word_1_531' title='bbox 3103 1376 3260 1436; x_wconf 87' lang='lat' dir='ltr'><strong>atque</strong></span> <span class='ocrx_word' id='word_1_532' title='bbox 3283 1385 3398 1421; x_wconf 83' lang='lat' dir='ltr'><strong>ont-</strong></span> 
     </span>
    </p>
   </div>
   <div class='ocr_carea' id='block_1_73' title="bbox 1819 1456 3398 1526">
    <p class='ocr_par' dir='ltr' id='par_1_73' title="bbox 1819 1456 3398 1526">
     <span class='ocr_line' id='line_1_73' title="bbox 1819 1456 3398 1526; baseline 0.003 -17"><span class='ocrx_word' id='word_1_533' title='bbox 1819 1457 1900 1510; x_wconf 92' lang='lat' dir='ltr'><strong>nis</strong></span> <span class='ocrx_word' id='word_1_534' title='bbox 1925 1456 2141 1510; x_wconf 89' lang='lat' dir='ltr'><strong>omnino</strong></span> <span class='ocrx_word' id='word_1_535' title='bbox 2190 1471 2366 1510; x_wconf 90' lang='lat' dir='ltr'><strong>rerum</strong></span> <span class='ocrx_word' id='word_1_536' title='bbox 2400 1457 2593 1510; x_wconf 77' lang='lat' dir='ltr'><strong>fabrica</strong></span> <span class='ocrx_word' id='word_1_537' title='bbox 2621 1457 2720 1510; x_wconf 90' lang='lat' dir='ltr'><strong>sub</strong></span> <span class='ocrx_word' id='word_1_538' title='bbox 2761 1467 3032 1526; x_wconf 89' lang='lat' dir='ltr'><strong>aspectum</strong></span> <span class='ocrx_word' id='word_1_539' title='bbox 3061 1459 3278 1526; x_wconf 86' lang='lat' dir='ltr'><strong>cadens,</strong></span> <span class='ocrx_word' id='word_1_540' title='bbox 3306 1475 3398 1514; x_wconf 86' lang='lat' dir='ltr'><strong>va-</strong></span> 
     </span>
    </p>
   </div>
   <div class='ocr_carea' id='block_1_74' title="bbox 1817 1548 3396 1617">
    <p class='ocr_par' dir='ltr' id='par_1_74' title="bbox 1817 1548 3396 1617">
     <span class='ocr_line' id='line_1_74' title="bbox 1817 1548 3396 1617; baseline 0.001 -14"><span class='ocrx_word' id='word_1_541' title='bbox 1817 1548 1966 1603; x_wconf 89' lang='lat' dir='ltr'><strong>nitati</strong></span> <span class='ocrx_word' id='word_1_542' title='bbox 1998 1549 2234 1617; x_wconf 87' lang='lat' dir='ltr'><strong>subiecta</strong></span> <span class='ocrx_word' id='word_1_543' title='bbox 2261 1558 2362 1603; x_wconf 89' lang='lat' dir='ltr'><strong>est.</strong></span> <span class='ocrx_word' id='word_1_544' title='bbox 2405 1548 2536 1603; x_wconf 89' lang='lat' dir='ltr'><strong>Nam</strong></span> <span class='ocrx_word' id='word_1_545' title='bbox 2577 1550 2698 1604; x_wconf 91' lang='lat' dir='ltr'><strong>audi</strong></span> <span class='ocrx_word' id='word_1_546' title='bbox 2729 1550 2949 1604; x_wconf 87' lang='lat' dir='ltr'><strong>Paulum</strong></span> <span class='ocrx_word' id='word_1_547' title='bbox 2991 1551 3092 1606; x_wconf 89' lang='lat' dir='ltr'><strong>hoc</strong></span> <span class='ocrx_word' id='word_1_548' title='bbox 3121 1551 3396 1606; x_wconf 80' lang='lat' dir='ltr'><strong>manifeste</strong></span> 
     </span>
    </p>
   </div>
   <div class='ocr_carea' id='block_1_75' title="bbox 1817 1641 3398 1712">
    <p class='ocr_par' dir='ltr' id='par_1_75' title="bbox 1817 1641 3398 1712">
     <span class='ocr_line' id='line_1_75' title="bbox 1817 1641 3398 1712; baseline 0 -17"><span class='ocrx_word' id='word_1_549' title='bbox 1817 1641 2118 1706; x_wconf 85' lang='lat' dir='ltr'><strong>docentem,</strong></span> <span class='ocrx_word' id='word_1_550' title='bbox 2147 1641 2272 1694; x_wconf 89' lang='lat' dir='ltr'><strong>dum</strong></span> <span class='ocrx_word' id='word_1_551' title='bbox 2302 1642 2418 1694; x_wconf 85' lang='lat' dir='ltr'><strong>ait:</strong></span> <span class='ocrx_word' id='word_1_552' title='bbox 2460 1641 2683 1695; x_wconf 81' lang='lat' dir='ltr'><strong>Vanitati</strong></span> <span class='ocrx_word' id='word_1_553' title='bbox 2723 1643 2857 1696; x_wconf 85' lang='lat' dir='ltr'><strong>enim</strong></span> <span class='ocrx_word' id='word_1_554' title='bbox 2898 1653 3128 1696; x_wconf 81' lang='lat' dir='ltr'><strong>creatura</strong></span> <span class='ocrx_word' id='word_1_555' title='bbox 3173 1644 3398 1712; x_wconf 81' lang='lat' dir='ltr'><strong>subjecta</strong></span> 
     </span>
    </p>
   </div>
   <div class='ocr_carea' id='block_1_76' title="bbox 1817 1734 3397 1807">
    <p class='ocr_par' dir='ltr' id='par_1_76' title="bbox 1817 1734 3397 1807">
     <span class='ocr_line' id='line_1_76' title="bbox 1817 1734 3397 1807; baseline 0.001 -20"><span class='ocrx_word' id='word_1_556' title='bbox 1817 1743 1908 1800; x_wconf 79' lang='lat' dir='ltr'><strong>est,</strong></span> <span class='ocrx_word' id='word_1_557' title='bbox 1937 1751 2036 1787; x_wconf 85' lang='lat' dir='ltr'><strong>non</strong></span> <span class='ocrx_word' id='word_1_558' title='bbox 2064 1735 2254 1800; x_wconf 83' lang='lat' dir='ltr'><strong>volens,</strong></span> <span class='ocrx_word' id='word_1_559' title='bbox 2290 1734 2378 1788; x_wconf 79' lang='lat' dir='ltr'><strong>sed</strong></span> <span class='ocrx_word' id='word_1_560' title='bbox 2425 1745 2628 1803; x_wconf 86' lang='lat' dir='ltr'><strong>prapter</strong></span> <span class='ocrx_word' id='word_1_561' title='bbox 2654 1751 2785 1797; x_wconf 87' lang='lat' dir='ltr'><strong>eum,</strong></span> <span class='ocrx_word' id='word_1_562' title='bbox 2817 1736 2904 1804; x_wconf 89' lang='lat' dir='ltr'><strong>qui</strong></span> <span class='ocrx_word' id='word_1_563' title='bbox 2949 1736 3160 1807; x_wconf 78' lang='lat' dir='ltr'><strong>subjecit</strong></span> <span class='ocrx_word' id='word_1_564' title='bbox 3205 1754 3315 1789; x_wconf 88' lang='lat' dir='ltr'><strong>eam</strong></span> <span class='ocrx_word' id='word_1_565' title='bbox 3344 1738 3397 1790; x_wconf 85' lang='lat' dir='ltr'><strong>in</strong></span> 
     </span>
    </p>
   </div>
   <div class='ocr_carea' id='block_1_77' title="bbox 1816 1823 3398 1896">
    <p class='ocr_par' dir='ltr' id='par_1_77' title="bbox 1816 1823 3398 1896">
     <span class='ocr_line' id='line_1_77' title="bbox 1816 1823 3398 1896; baseline 0.002 -18"><span class='ocrx_word' id='word_1_566' title='bbox 1816 1841 1904 1890; x_wconf 80' lang='lat' dir='ltr'><strong>spe</strong></span> <span class='ocrx_word' id='word_1_567' title='bbox 1934 1825 2106 1894; x_wconf 83' lang='lat' dir='ltr'><strong>(Rom.</strong></span> <span class='ocrx_word' id='word_1_568' title='bbox 2135 1825 2187 1878; x_wconf 93' lang='lat'><strong>8.</strong></span> <span class='ocrx_word' id='word_1_569' title='bbox 2215 1825 2327 1892; x_wconf 76' lang='lat'><strong>20).</strong></span> <span class='ocrx_word' id='word_1_570' title='bbox 2369 1823 2469 1891; x_wconf 88' lang='lat' dir='ltr'><strong>Qui</strong></span> <span class='ocrx_word' id='word_1_571' title='bbox 2496 1824 2690 1880; x_wconf 89' lang='lat' dir='ltr'><strong>deinde</strong></span> <span class='ocrx_word' id='word_1_572' title='bbox 2717 1826 2996 1880; x_wconf 88' lang='lat' dir='ltr'><strong>ostendere</strong></span> <span class='ocrx_word' id='word_1_573' title='bbox 3035 1827 3214 1880; x_wconf 84' lang='lat' dir='ltr'><strong>volens</strong></span> <span class='ocrx_word' id='word_1_574' title='bbox 3241 1827 3398 1896; x_wconf 84' lang='lat' dir='ltr'><strong>quid-</strong></span> 
     </span>
    </p>
   </div>
   <div class='ocr_carea' id='block_1_78' title="bbox 1817 1917 3397 1986">
    <p class='ocr_par' dir='ltr' id='par_1_78' title="bbox 1817 1917 3397 1986">
     <span class='ocr_line' id='line_1_78' title="bbox 1817 1917 3397 1986; baseline 0.001 -16"><span class='ocrx_word' id='word_1_575' title='bbox 1817 1933 1938 1970; x_wconf 91' lang='lat' dir='ltr'><strong>nam</strong></span> <span class='ocrx_word' id='word_1_576' title='bbox 1975 1918 2043 1971; x_wconf 92' lang='lat' dir='ltr'><strong>sit</strong></span> <span class='ocrx_word' id='word_1_577' title='bbox 2091 1917 2218 1971; x_wconf 90' lang='lat' dir='ltr'><strong>illud</strong></span> <span class='ocrx_word' id='word_1_578' title='bbox 2261 1917 2476 1970; x_wconf 80' lang='lat' dir='ltr'><strong>vanitati</strong></span> <span class='ocrx_word' id='word_1_579' title='bbox 2507 1918 2805 1986; x_wconf 90' lang='lat' dir='ltr'><strong>subiectum</strong></span> <span class='ocrx_word' id='word_1_580' title='bbox 2833 1933 2973 1983; x_wconf 83' lang='lat' dir='ltr'><strong>esse,</strong></span> <span class='ocrx_word' id='word_1_581' title='bbox 2999 1918 3275 1972; x_wconf 91' lang='lat' dir='ltr'><strong>subintulit</strong></span> <span class='ocrx_word' id='word_1_582' title='bbox 3311 1919 3397 1972; x_wconf 88' lang='lat' dir='ltr'><strong>di-</strong></span> 
     </span>
    </p>
   </div>
   <div class='ocr_carea' id='block_1_79' title="bbox 1816 2007 3402 2076">
    <p class='ocr_par' dir='ltr' id='par_1_79' title="bbox 1816 2007 3402 2076">
     <span class='ocr_line' id='line_1_79' title="bbox 1816 2007 3402 2076; baseline 0.001 -14"><span class='ocrx_word' id='word_1_583' title='bbox 1816 2023 1943 2063; x_wconf 90' lang='lat' dir='ltr'><strong>cens</strong></span> <span class='ocrx_word' id='word_1_584' title='bbox 1976 2025 1987 2060; x_wconf 92' lang='lat'><strong>:</strong></span> <span class='ocrx_word' id='word_1_585' title='bbox 2023 2007 2154 2074; x_wconf 82' lang='lat' dir='ltr'><strong>Quia</strong></span> <span class='ocrx_word' id='word_1_586' title='bbox 2181 2018 2227 2061; x_wconf 88' lang='lat' dir='ltr'><strong>et</strong></span> <span class='ocrx_word' id='word_1_587' title='bbox 2257 2009 2369 2076; x_wconf 82' lang='lat' dir='ltr'><strong>ipsa</strong></span> <span class='ocrx_word' id='word_1_588' title='bbox 2395 2017 2627 2062; x_wconf 81' lang='lat' dir='ltr'><strong>creatura</strong></span> <span class='ocrx_word' id='word_1_589' title='bbox 2663 2009 2951 2063; x_wconf 87' lang='lat' dir='ltr'><strong>liberabitur</strong></span> <span class='ocrx_word' id='word_1_590' title='bbox 2975 2026 3006 2062; x_wconf 90' lang='lat' dir='ltr'><strong>a</strong></span> <span class='ocrx_word' id='word_1_591' title='bbox 3029 2011 3261 2064; x_wconf 81' lang='lat' dir='ltr'><strong>servitute</strong></span> <span class='ocrx_word' id='word_1_592' title='bbox 3287 2025 3402 2063; x_wconf 85' lang='lat' dir='ltr'><strong>cor-</strong></span> 
     </span>
    </p>
   </div>
   <div class='ocr_carea' id='block_1_80' title="bbox 1815 2099 3398 2174">
    <p class='ocr_par' dir='ltr' id='par_1_80' title="bbox 1815 2099 3398 2174">
     <span class='ocr_line' id='line_1_80' title="bbox 1815 2099 3398 2174; baseline 0.004 -22"><span class='ocrx_word' id='word_1_593' title='bbox 1815 2100 2082 2163; x_wconf 79' lang='lat' dir='ltr'><strong>ruptionis,</strong></span> <span class='ocrx_word' id='word_1_594' title='bbox 2111 2099 2163 2151; x_wconf 83' lang='lat' dir='ltr'><strong>in</strong></span> <span class='ocrx_word' id='word_1_595' title='bbox 2191 2100 2470 2152; x_wconf 87' lang='lat' dir='ltr'><strong>libertatem</strong></span> <span class='ocrx_word' id='word_1_596' title='bbox 2499 2101 2676 2170; x_wconf 57' lang='lat' dir='ltr'><strong>gloriae</strong></span> <span class='ocrx_word' id='word_1_597' title='bbox 2703 2101 2926 2170; x_wconf 81' lang='lat' dir='ltr'><strong>ﬁliorum</strong></span> <span class='ocrx_word' id='word_1_598' title='bbox 2954 2100 3050 2154; x_wconf 85' lang='lat' dir='ltr'><strong>Dei</strong></span> <span class='ocrx_word' id='word_1_599' title='bbox 3094 2101 3250 2174; x_wconf 80' lang='lat' dir='ltr'><strong>(Ibid.</strong></span> <span class='ocrx_word' id='word_1_600' title='bbox 3283 2103 3398 2174; x_wconf 73' lang='lat' dir='ltr'><strong>2i).</strong></span> 
     </span>
    </p>
   </div>
   <div class='ocr_carea' id='block_1_81' title="bbox 1814 2189 3397 2264">
    <p class='ocr_par' dir='ltr' id='par_1_81' title="bbox 1814 2189 3397 2264">
     <span class='ocr_line' id='line_1_81' title="bbox 1814 2189 3397 2264; baseline 0.003 -20"><span class='ocrx_word' id='word_1_601' title='bbox 1814 2189 2016 2258; x_wconf 82' lang='lat' dir='ltr'><strong>Nempe</strong></span> <span class='ocrx_word' id='word_1_602' title='bbox 2041 2190 2382 2258; x_wconf 87' lang='lat' dir='ltr'><strong>corruptibile</strong></span> <span class='ocrx_word' id='word_1_603' title='bbox 2406 2191 2531 2259; x_wconf 89' lang='lat' dir='ltr'><strong>quid</strong></span> <span class='ocrx_word' id='word_1_604' title='bbox 2563 2206 2702 2244; x_wconf 88' lang='lat' dir='ltr'><strong>nunc</strong></span> <span class='ocrx_word' id='word_1_605' title='bbox 2723 2201 2804 2246; x_wconf 84' lang='lat' dir='ltr'><strong>est</strong></span> <span class='ocrx_word' id='word_1_606' title='bbox 2833 2202 3107 2248; x_wconf 88' lang='lat' dir='ltr'><strong>creatura:</strong></span> <span class='ocrx_word' id='word_1_607' title='bbox 3137 2195 3397 2264; x_wconf 88' lang='lat' dir='ltr'><strong>siquidem</strong></span> 
     </span>
    </p>
   </div>
   <div class='ocr_carea' id='block_1_82' title="bbox 1816 2279 3399 2354">
    <p class='ocr_par' dir='ltr' id='par_1_82' title="bbox 1816 2279 3399 2354">
     <span class='ocr_line' id='line_1_82' title="bbox 1816 2279 3399 2354; baseline 0.006 -21"><span class='ocrx_word' id='word_1_608' title='bbox 1816 2279 2140 2348; x_wconf 87' lang='lat' dir='ltr'><strong>corruptioni</strong></span> <span class='ocrx_word' id='word_1_609' title='bbox 2170 2281 2368 2334; x_wconf 91' lang='lat' dir='ltr'><strong>servire</strong></span> <span class='ocrx_word' id='word_1_610' title='bbox 2397 2281 2525 2335; x_wconf 86' lang='lat' dir='ltr'><strong>nihil</strong></span> <span class='ocrx_word' id='word_1_611' title='bbox 2553 2291 2638 2336; x_wconf 90' lang='lat' dir='ltr'><strong>est</strong></span> <span class='ocrx_word' id='word_1_612' title='bbox 2667 2283 2832 2346; x_wconf 87' lang='lat' dir='ltr'><strong>aliud,</strong></span> <span class='ocrx_word' id='word_1_613' title='bbox 2863 2299 3021 2353; x_wconf 87' lang='lat' dir='ltr'><strong>quam</strong></span> <span class='ocrx_word' id='word_1_614' title='bbox 3053 2287 3399 2354; x_wconf 86' lang='lat' dir='ltr'><strong>corruptibile</strong></span> 
     </span>
    </p>
   </div>
   <div class='ocr_carea' id='block_1_83' title="bbox 1821 2371 3394 2444">
    <p class='ocr_par' dir='ltr' id='par_1_83' title="bbox 1821 2371 3394 2444">
     <span class='ocr_line' id='line_1_83' title="bbox 1821 2371 3394 2444; baseline 0.004 -19"><span class='ocrx_word' id='word_1_615' title='bbox 1821 2385 1959 2425; x_wconf 88' lang='lat' dir='ltr'><strong>esse.</strong></span> <span class='ocrx_word' id='word_1_616' title='bbox 1991 2371 2141 2440; x_wconf 90' lang='lat' dir='ltr'><strong>Quod</strong></span> <span class='ocrx_word' id='word_1_617' title='bbox 2171 2371 2215 2424; x_wconf 91' lang='lat' dir='ltr'><strong>si</strong></span> <span class='ocrx_word' id='word_1_618' title='bbox 2246 2386 2373 2442; x_wconf 86' lang='lat' dir='ltr'><strong>ergo</strong></span> <span class='ocrx_word' id='word_1_619' title='bbox 2416 2373 2518 2436; x_wconf 88' lang='lat' dir='ltr'><strong>sol,</strong></span> <span class='ocrx_word' id='word_1_620' title='bbox 2559 2388 2749 2442; x_wconf 88' lang='lat' dir='ltr'><strong>corpus</strong></span> <span class='ocrx_word' id='word_1_621' title='bbox 2795 2377 3134 2444; x_wconf 88' lang='lat' dir='ltr'><strong>corruptibile</strong></span> <span class='ocrx_word' id='word_1_622' title='bbox 3159 2393 3277 2432; x_wconf 89' lang='lat' dir='ltr'><strong>cum</strong></span> <span class='ocrx_word' id='word_1_623' title='bbox 3306 2379 3394 2443; x_wconf 90' lang='lat' dir='ltr'><strong>sit,</strong></span> 
     </span>
    </p>
   </div>
   <div class='ocr_carea' id='block_1_84' title="bbox 1820 2464 3401 2538">
    <p class='ocr_par' dir='ltr' id='par_1_84' title="bbox 1820 2464 3401 2538">
     <span class='ocr_line' id='line_1_84' title="bbox 1820 2464 3401 2538; baseline 0.006 -21"><span class='ocrx_word' id='word_1_624' title='bbox 1820 2464 2012 2532; x_wconf 85' lang='lat' dir='ltr'><strong>ubique</strong></span> <span class='ocrx_word' id='word_1_625' title='bbox 2057 2466 2232 2520; x_wconf 86' lang='lat' dir='ltr'><strong>radios</strong></span> <span class='ocrx_word' id='word_1_626' title='bbox 2261 2481 2386 2520; x_wconf 88' lang='lat' dir='ltr'><strong>suos</strong></span> <span class='ocrx_word' id='word_1_627' title='bbox 2432 2467 2645 2533; x_wconf 89' lang='lat' dir='ltr'><strong>emittit,</strong></span> <span class='ocrx_word' id='word_1_628' title='bbox 2675 2483 2850 2533; x_wconf 69' lang='lat' dir='ltr'><strong>coeno,</strong></span> <span class='ocrx_word' id='word_1_629' title='bbox 2884 2470 3148 2535; x_wconf 90' lang='lat' dir='ltr'><strong>sordibus,</strong></span> <span class='ocrx_word' id='word_1_630' title='bbox 3174 2471 3401 2538; x_wconf 87' lang='lat' dir='ltr'><strong>aliisque</strong></span> 
     </span>
    </p>
   </div>
   <div class='ocr_carea' id='block_1_85' title="bbox 1821 2554 3400 2624">
    <p class='ocr_par' dir='ltr' id='par_1_85' title="bbox 1821 2554 3400 2624">
     <span class='ocr_line' id='line_1_85' title="bbox 1821 2554 3400 2624; baseline 0.006 -17"><span class='ocrx_word' id='word_1_631' title='bbox 1821 2554 2001 2608; x_wconf 88' lang='lat' dir='ltr'><strong>multis</strong></span> <span class='ocrx_word' id='word_1_632' title='bbox 2022 2555 2072 2608; x_wconf 89' lang='lat' dir='ltr'><strong>id</strong></span> <span class='ocrx_word' id='word_1_633' title='bbox 2099 2571 2266 2624; x_wconf 79' lang='lat' dir='ltr'><strong>genus</strong></span> <span class='ocrx_word' id='word_1_634' title='bbox 2293 2557 2451 2610; x_wconf 89' lang='lat' dir='ltr'><strong>rebus</strong></span> <span class='ocrx_word' id='word_1_635' title='bbox 2477 2571 2596 2610; x_wconf 89' lang='lat' dir='ltr'><strong>sese</strong></span> <span class='ocrx_word' id='word_1_636' title='bbox 2617 2561 3037 2624; x_wconf 88' lang='lat' dir='ltr'><strong>communicans,</strong></span> <span class='ocrx_word' id='word_1_637' title='bbox 3058 2560 3187 2614; x_wconf 89' lang='lat' dir='ltr'><strong>nihil</strong></span> <span class='ocrx_word' id='word_1_638' title='bbox 3220 2571 3400 2616; x_wconf 90' lang='lat' dir='ltr'><strong>tamen</strong></span> 
     </span>
    </p>
   </div>
   <div class='ocr_carea' id='block_1_86' title="bbox 1823 2645 3402 2715">
    <p class='ocr_par' dir='ltr' id='par_1_86' title="bbox 1823 2645 3402 2715">
     <span class='ocr_line' id='line_1_86' title="bbox 1823 2645 3402 2715; baseline 0.004 -15"><span class='ocrx_word' id='word_1_639' title='bbox 1823 2661 1888 2700; x_wconf 80' lang='lat' dir='ltr'><strong>ex</strong></span> <span class='ocrx_word' id='word_1_640' title='bbox 1918 2645 2016 2701; x_wconf 85' lang='lat' dir='ltr'><strong>hac</strong></span> <span class='ocrx_word' id='word_1_641' title='bbox 2058 2647 2294 2702; x_wconf 82' lang='lat' dir='ltr'><strong>foeditate</strong></span> <span class='ocrx_word' id='word_1_642' title='bbox 2321 2663 2697 2715; x_wconf 87' lang='lat' dir='ltr'><strong>corporearum</strong></span> <span class='ocrx_word' id='word_1_643' title='bbox 2728 2650 3022 2704; x_wconf 83' lang='lat' dir='ltr'><strong>istiusmodi</strong></span> <span class='ocrx_word' id='word_1_644' title='bbox 3065 2651 3300 2705; x_wconf 86' lang='lat' dir='ltr'><strong>sordium</strong></span> <span class='ocrx_word' id='word_1_645' title='bbox 3347 2653 3402 2708; x_wconf 87' lang='lat' dir='ltr'><strong>in</strong></span> 
     </span>
    </p>
   </div>
   <div class='ocr_carea' id='block_1_87' title="bbox 1826 2738 3402 2806">
    <p class='ocr_par' dir='ltr' id='par_1_87' title="bbox 1826 2738 3402 2806">
     <span class='ocr_line' id='line_1_87' title="bbox 1826 2738 3402 2806; baseline 0.004 -15"><span class='ocrx_word' id='word_1_646' title='bbox 1826 2751 1922 2791; x_wconf 88' lang='lat' dir='ltr'><strong>sua</strong></span> <span class='ocrx_word' id='word_1_647' title='bbox 1963 2738 2048 2790; x_wconf 90' lang='lat' dir='ltr'><strong>illa</strong></span> <span class='ocrx_word' id='word_1_648' title='bbox 2082 2738 2306 2806; x_wconf 88' lang='lat' dir='ltr'><strong>puritate</strong></span> <span class='ocrx_word' id='word_1_649' title='bbox 2335 2738 2560 2801; x_wconf 63' lang='lat' dir='ltr'><strong>lmditur,</strong></span> <span class='ocrx_word' id='word_1_650' title='bbox 2588 2739 2680 2794; x_wconf 92' lang='lat' dir='ltr'><strong>sed</strong></span> <span class='ocrx_word' id='word_1_651' title='bbox 2715 2739 2938 2794; x_wconf 88' lang='lat' dir='ltr'><strong>mundos</strong></span> <span class='ocrx_word' id='word_1_652' title='bbox 2965 2741 3084 2796; x_wconf 87' lang='lat' dir='ltr'><strong>illos</strong></span> <span class='ocrx_word' id='word_1_653' title='bbox 3112 2757 3236 2795; x_wconf 90' lang='lat' dir='ltr'><strong>suos</strong></span> <span class='ocrx_word' id='word_1_654' title='bbox 3265 2745 3313 2796; x_wconf 93' lang='lat' dir='ltr'><strong>in</strong></span> <span class='ocrx_word' id='word_1_655' title='bbox 3341 2759 3402 2798; x_wconf 84' lang='lat' dir='ltr'><strong>se</strong></span> 
     </span>
    </p>
   </div>
   <div class='ocr_carea' id='block_1_88' title="bbox 1821 2828 3402 2905">
    <p class='ocr_par' dir='ltr' id='par_1_88' title="bbox 1821 2828 3402 2905">
     <span class='ocr_line' id='line_1_88' title="bbox 1821 2828 3402 2905; baseline 0.005 -23"><span class='ocrx_word' id='word_1_656' title='bbox 1821 2829 1997 2883; x_wconf 89' lang='lat' dir='ltr'><strong>radios</strong></span> <span class='ocrx_word' id='word_1_657' title='bbox 2043 2828 2282 2895; x_wconf 88' lang='lat' dir='ltr'><strong>retrahit,</strong></span> <span class='ocrx_word' id='word_1_658' title='bbox 2314 2844 2379 2884; x_wconf 92' lang='lat' dir='ltr'><strong>ac</strong></span> <span class='ocrx_word' id='word_1_659' title='bbox 2429 2831 2610 2885; x_wconf 90' lang='lat' dir='ltr'><strong>multis</strong></span> <span class='ocrx_word' id='word_1_660' title='bbox 2654 2847 2864 2886; x_wconf 90' lang='lat' dir='ltr'><strong>rursum</strong></span> <span class='ocrx_word' id='word_1_661' title='bbox 2911 2835 3243 2902; x_wconf 84' lang='lat' dir='ltr'><strong>corporibus,</strong></span> <span class='ocrx_word' id='word_1_662' title='bbox 3280 2850 3402 2905; x_wconf 76' lang='lat' dir='ltr'><strong>qua:</strong></span> 
     </span>
    </p>
   </div>
   <div class='ocr_carea' id='block_1_89' title="bbox 1822 2920 3398 2995">
    <p class='ocr_par' dir='ltr' id='par_1_89' title="bbox 1822 2920 3398 2995">
     <span class='ocr_line' id='line_1_89' title="bbox 1822 2920 3398 2995; baseline 0.003 -19"><span class='ocrx_word' id='word_1_663' title='bbox 1822 2920 1994 2991; x_wconf 90' lang='lat' dir='ltr'><strong>ipsum</strong></span> <span class='ocrx_word' id='word_1_664' title='bbox 2025 2922 2338 2992; x_wconf 89' lang='lat' dir='ltr'><strong>suscipiunt,</strong></span> <span class='ocrx_word' id='word_1_665' title='bbox 2367 2924 2474 2977; x_wconf 85' lang='lat' dir='ltr'><strong>vim</strong></span> <span class='ocrx_word' id='word_1_666' title='bbox 2523 2939 2673 2978; x_wconf 89' lang='lat' dir='ltr'><strong>suam</strong></span> <span class='ocrx_word' id='word_1_667' title='bbox 2719 2924 3071 2994; x_wconf 84' lang='lat' dir='ltr'><strong>virtutemque</strong></span> <span class='ocrx_word' id='word_1_668' title='bbox 3101 2927 3398 2995; x_wconf 86' lang='lat' dir='ltr'><strong>participat,</strong></span> 
     </span>
    </p>
   </div>
   <div class='ocr_carea' id='block_1_90' title="bbox 1822 3015 3402 3088">
    <p class='ocr_par' dir='ltr' id='par_1_90' title="bbox 1822 3015 3402 3088">
     <span class='ocr_line' id='line_1_90' title="bbox 1822 3015 3402 3088; baseline 0.003 -19"><span class='ocrx_word' id='word_1_669' title='bbox 1822 3031 1886 3070; x_wconf 90' lang='lat' dir='ltr'><strong>ac</strong></span> <span class='ocrx_word' id='word_1_670' title='bbox 1915 3017 2056 3069; x_wconf 80' lang='lat' dir='ltr'><strong>noxii</strong></span> <span class='ocrx_word' id='word_1_671' title='bbox 2093 3024 2182 3068; x_wconf 91' lang='lat' dir='ltr'><strong>aut</strong></span> <span class='ocrx_word' id='word_1_672' title='bbox 2211 3015 2407 3069; x_wconf 90' lang='lat' dir='ltr'><strong>sordidi</strong></span> <span class='ocrx_word' id='word_1_673' title='bbox 2435 3032 2499 3070; x_wconf 82' lang='lat' dir='ltr'><strong>ex</strong></span> <span class='ocrx_word' id='word_1_674' title='bbox 2531 3017 2723 3072; x_wconf 89' lang='lat' dir='ltr'><strong>illisue</strong></span> <span class='ocrx_word' id='word_1_675' title='bbox 2749 3019 3022 3072; x_wconf 90' lang='lat' dir='ltr'><strong>minimum</strong></span> <span class='ocrx_word' id='word_1_676' title='bbox 3050 3019 3262 3088; x_wconf 88' lang='lat' dir='ltr'><strong>quidem</strong></span> <span class='ocrx_word' id='word_1_677' title='bbox 3288 3019 3402 3087; x_wconf 88' lang='lat' dir='ltr'><strong>ipse</strong></span> 
     </span>
    </p>
   </div>
   <div class='ocr_carea' id='block_1_91' title="bbox 1821 3106 3403 3176">
    <p class='ocr_par' dir='ltr' id='par_1_91' title="bbox 1821 3106 3403 3176">
     <span class='ocr_line' id='line_1_91' title="bbox 1821 3106 3403 3176; baseline 0.003 -16"><span class='ocrx_word' id='word_1_678' title='bbox 1821 3106 1874 3160; x_wconf 93' lang='lat' dir='ltr'><strong>in</strong></span> <span class='ocrx_word' id='word_1_679' title='bbox 1896 3121 1953 3160; x_wconf 92' lang='lat' dir='ltr'><strong>se</strong></span> <span class='ocrx_word' id='word_1_680' title='bbox 1991 3106 2295 3174; x_wconf 89' lang='lat' dir='ltr'><strong>recipiens:</strong></span> <span class='ocrx_word' id='word_1_681' title='bbox 2341 3117 2538 3175; x_wconf 89' lang='lat' dir='ltr'><strong>quanto</strong></span> <span class='ocrx_word' id='word_1_682' title='bbox 2566 3107 2735 3176; x_wconf 86' lang='lat' dir='ltr'><strong>magis</strong></span> <span class='ocrx_word' id='word_1_683' title='bbox 2782 3107 2998 3176; x_wconf 67' lang='lat' dir='ltr'><strong>iustitia:</strong></span> <span class='ocrx_word' id='word_1_684' title='bbox 3040 3109 3130 3164; x_wconf 89' lang='lat' dir='ltr'><strong>ille</strong></span> <span class='ocrx_word' id='word_1_685' title='bbox 3172 3109 3284 3173; x_wconf 88' lang='lat' dir='ltr'><strong>Sol,</strong></span> <span class='ocrx_word' id='word_1_686' title='bbox 3313 3109 3403 3166; x_wconf 82' lang='lat' dir='ltr'><strong>ille</strong></span> 
     </span>
    </p>
   </div>
   <div class='ocr_carea' id='block_1_92' title="bbox 1826 3197 3402 3270">
    <p class='ocr_par' dir='ltr' id='par_1_92' title="bbox 1826 3197 3402 3270">
     <span class='ocr_line' id='line_1_92' title="bbox 1826 3197 3402 3270; baseline 0.002 -18"><span class='ocrx_word' id='word_1_687' title='bbox 1826 3198 2086 3252; x_wconf 88' lang='lat' dir='ltr'><strong>Virtutum</strong></span> <span class='ocrx_word' id='word_1_688' title='bbox 2121 3197 2552 3266; x_wconf 90' lang='lat' dir='ltr'><strong>incorporearum</strong></span> <span class='ocrx_word' id='word_1_689' title='bbox 2585 3197 2858 3264; x_wconf 86' lang='lat' dir='ltr'><strong>Dominus,</strong></span> <span class='ocrx_word' id='word_1_690' title='bbox 2888 3200 2939 3252; x_wconf 92' lang='lat' dir='ltr'><strong>in</strong></span> <span class='ocrx_word' id='word_1_691' title='bbox 2972 3215 3159 3270; x_wconf 90' lang='lat' dir='ltr'><strong>puram</strong></span> <span class='ocrx_word' id='word_1_692' title='bbox 3185 3215 3402 3256; x_wconf 91' lang='lat' dir='ltr'><strong>carnem</strong></span> 
     </span>
    </p>
   </div>
   <div class='ocr_carea' id='block_1_93' title="bbox 1823 3287 3401 3357">
    <p class='ocr_par' dir='ltr' id='par_1_93' title="bbox 1823 3287 3401 3357">
     <span class='ocr_line' id='line_1_93' title="bbox 1823 3287 3401 3357; baseline 0.001 -14"><span class='ocrx_word' id='word_1_693' title='bbox 1823 3289 2125 3357; x_wconf 85' lang='lat' dir='ltr'><strong>ingrediens</strong></span> <span class='ocrx_word' id='word_1_694' title='bbox 2149 3303 2253 3341; x_wconf 92' lang='lat' dir='ltr'><strong>non</strong></span> <span class='ocrx_word' id='word_1_695' title='bbox 2285 3288 2455 3341; x_wconf 91' lang='lat' dir='ltr'><strong>solum</strong></span> <span class='ocrx_word' id='word_1_696' title='bbox 2488 3303 2595 3341; x_wconf 91' lang='lat' dir='ltr'><strong>non</strong></span> <span class='ocrx_word' id='word_1_697' title='bbox 2619 3287 2922 3357; x_wconf 89' lang='lat' dir='ltr'><strong>inquinatus</strong></span> <span class='ocrx_word' id='word_1_698' title='bbox 2949 3299 3050 3352; x_wconf 84' lang='lat' dir='ltr'><strong>est,</strong></span> <span class='ocrx_word' id='word_1_699' title='bbox 3079 3290 3172 3344; x_wconf 89' lang='lat' dir='ltr'><strong>sed</strong></span> <span class='ocrx_word' id='word_1_700' title='bbox 3216 3299 3401 3344; x_wconf 86' lang='lat' dir='ltr'><strong>contra</strong></span> 
     </span>
    </p>
   </div>
   <div class='ocr_carea' id='block_1_94' title="bbox 1823 3379 3404 3451">
    <p class='ocr_par' dir='ltr' id='par_1_94' title="bbox 1823 3379 3404 3451">
     <span class='ocr_line' id='line_1_94' title="bbox 1823 3379 3404 3451; baseline 0.002 -17"><span class='ocrx_word' id='word_1_701' title='bbox 1823 3381 1981 3434; x_wconf 90' lang='lat' dir='ltr'><strong>etiam</strong></span> <span class='ocrx_word' id='word_1_702' title='bbox 2028 3381 2298 3450; x_wconf 88' lang='lat' dir='ltr'><strong>puriorem</strong></span> <span class='ocrx_word' id='word_1_703' title='bbox 2347 3395 2462 3433; x_wconf 89' lang='lat' dir='ltr'><strong>eam</strong></span> <span class='ocrx_word' id='word_1_704' title='bbox 2509 3379 2691 3448; x_wconf 85' lang='lat' dir='ltr'><strong>ipsam</strong></span> <span class='ocrx_word' id='word_1_705' title='bbox 2723 3382 3148 3451; x_wconf 89' lang='lat' dir='ltr'><strong>sanctioremque</strong></span> <span class='ocrx_word' id='word_1_706' title='bbox 3191 3382 3404 3439; x_wconf 75' lang='lat' dir='ltr'><strong>eﬁ‘ecit?</strong></span> 
     </span>
    </p>
   </div>
   <div class='ocr_carea' id='block_1_95' title="bbox 1822 3470 3402 3541">
    <p class='ocr_par' dir='ltr' id='par_1_95' title="bbox 1822 3470 3402 3541">
     <span class='ocr_line' id='line_1_95' title="bbox 1822 3470 3402 3541; baseline -0.001 -15"><span class='ocrx_word' id='word_1_707' title='bbox 1822 3473 1995 3541; x_wconf 84' lang='lat' dir='ltr'><strong>Atque</strong></span> <span class='ocrx_word' id='word_1_708' title='bbox 2039 3471 2153 3524; x_wconf 78' lang='lat' dir='ltr'><strong>haec</strong></span> <span class='ocrx_word' id='word_1_709' title='bbox 2183 3470 2393 3540; x_wconf 91' lang='lat' dir='ltr'><strong>quidem</strong></span> <span class='ocrx_word' id='word_1_710' title='bbox 2421 3470 2596 3524; x_wconf 89' lang='lat' dir='ltr'><strong>omnia</strong></span> <span class='ocrx_word' id='word_1_711' title='bbox 2629 3479 2805 3524; x_wconf 90' lang='lat' dir='ltr'><strong>mente</strong></span> <span class='ocrx_word' id='word_1_712' title='bbox 2831 3471 3124 3536; x_wconf 87' lang='lat' dir='ltr'><strong>volventes,</strong></span> <span class='ocrx_word' id='word_1_713' title='bbox 3155 3481 3208 3525; x_wconf 93' lang='lat' dir='ltr'><strong>et</strong></span> <span class='ocrx_word' id='word_1_714' title='bbox 3251 3487 3402 3524; x_wconf 88' lang='lat' dir='ltr'><strong>com-</strong></span> 
     </span>
    </p>
   </div>
   <div class='ocr_carea' id='block_1_96' title="bbox 1824 3562 3402 3625">
    <p class='ocr_par' dir='ltr' id='par_1_96' title="bbox 1824 3562 3402 3625">
     <span class='ocr_line' id='line_1_96' title="bbox 1824 3562 3402 3625; baseline 0.001 -8"><span class='ocrx_word' id='word_1_715' title='bbox 1824 3572 2182 3620; x_wconf 79' lang='lat' dir='ltr'><strong>memorantes</strong></span> <span class='ocrx_word' id='word_1_716' title='bbox 2219 3563 2448 3616; x_wconf 89' lang='lat' dir='ltr'><strong>divinam</strong></span> <span class='ocrx_word' id='word_1_717' title='bbox 2499 3577 2706 3625; x_wconf 89' lang='lat' dir='ltr'><strong>vocem,</strong></span> <span class='ocrx_word' id='word_1_718' title='bbox 2750 3563 3058 3618; x_wconf 88' lang='lat' dir='ltr'><strong>dicentem:</strong></span> <span class='ocrx_word' id='word_1_719' title='bbox 3101 3562 3402 3618; x_wconf 85' lang='lat' dir='ltr'><strong>Inhabitabo</strong></span> 
     </span>
    </p>
   </div>
   <div class='ocr_carea' id='block_1_97' title="bbox 1824 3651 3402 3724">
    <p class='ocr_par' dir='ltr' id='par_1_97' title="bbox 1824 3651 3402 3724">
     <span class='ocr_line' id='line_1_97' title="bbox 1824 3651 3402 3724; baseline 0.009 -18"><span class='ocrx_word' id='word_1_720' title='bbox 1824 3655 1876 3707; x_wconf 86' lang='lat' dir='ltr'><strong>in</strong></span> <span class='ocrx_word' id='word_1_721' title='bbox 1904 3653 2028 3719; x_wconf 79' lang='lat' dir='ltr'><strong>illis,</strong></span> <span class='ocrx_word' id='word_1_722' title='bbox 2055 3662 2100 3706; x_wconf 89' lang='lat' dir='ltr'><strong>et</strong></span> <span class='ocrx_word' id='word_1_723' title='bbox 2129 3653 2448 3707; x_wconf 83' lang='lat' dir='ltr'><strong>inambulabo</strong></span> <span class='ocrx_word' id='word_1_724' title='bbox 2495 3651 2677 3724; x_wconf 84' lang='lat' dir='ltr'><strong>(Levit.</strong></span> <span class='ocrx_word' id='word_1_725' title='bbox 2708 3654 2798 3709; x_wconf 74' lang='grc'><strong>26.</strong></span> <span class='ocrx_word' id='word_1_726' title='bbox 2833 3655 2929 3718; x_wconf 72' lang='lat'><strong>1‘2;</strong></span> <span class='ocrx_word' id='word_1_727' title='bbox 2961 3654 3015 3707; x_wconf 70' lang='lat'><strong>2.</strong></span> <span class='ocrx_word' id='word_1_728' title='bbox 3049 3655 3165 3708; x_wconf 80' lang='lat' dir='ltr'><strong>Cor.</strong></span> <span class='ocrx_word' id='word_1_729' title='bbox 3195 3653 3248 3708; x_wconf 91' lang='lat'><strong>6.</strong></span> <span class='ocrx_word' id='word_1_730' title='bbox 3281 3654 3402 3723; x_wconf 69' lang='lat'><strong>16);</strong></span> 
     </span>
    </p>
   </div>
   <div class='ocr_carea' id='block_1_98' title="bbox 1826 3743 3404 3814">
    <p class='ocr_par' dir='ltr' id='par_1_98' title="bbox 1826 3743 3404 3814">
     <span class='ocr_line' id='line_1_98' title="bbox 1826 3743 3404 3814; baseline -0.001 -15"><span class='ocrx_word' id='word_1_731' title='bbox 1826 3754 1879 3799; x_wconf 89' lang='lat' dir='ltr'><strong>et</strong></span> <span class='ocrx_word' id='word_1_732' title='bbox 1903 3761 2112 3799; x_wconf 89' lang='lat' dir='ltr'><strong>rursum</strong></span> <span class='ocrx_word' id='word_1_733' title='bbox 2151 3763 2164 3798; x_wconf 92' lang='lat'><strong>:</strong></span> <span class='ocrx_word' id='word_1_734' title='bbox 2206 3743 2306 3799; x_wconf 78' lang='lat' dir='ltr'><strong>Vos</strong></span> <span class='ocrx_word' id='word_1_735' title='bbox 2334 3746 2572 3814; x_wconf 84' lang='lat' dir='ltr'><strong>templum</strong></span> <span class='ocrx_word' id='word_1_736' title='bbox 2599 3744 2692 3797; x_wconf 89' lang='lat' dir='ltr'><strong>Dei</strong></span> <span class='ocrx_word' id='word_1_737' title='bbox 2720 3747 2858 3811; x_wconf 81' lang='lat' dir='ltr'><strong>estis,</strong></span> <span class='ocrx_word' id='word_1_738' title='bbox 2876 3755 2922 3797; x_wconf 89' lang='lat' dir='ltr'><strong>et</strong></span> <span class='ocrx_word' id='word_1_739' title='bbox 2948 3745 3170 3814; x_wconf 78' lang='lat' dir='ltr'><strong>Spiritus</strong></span> <span class='ocrx_word' id='word_1_740' title='bbox 3199 3744 3295 3798; x_wconf 86' lang='lat' dir='ltr'><strong>Dei</strong></span> <span class='ocrx_word' id='word_1_741' title='bbox 3319 3747 3404 3798; x_wconf 86' lang='lat' dir='ltr'><strong>in-</strong></span> 
     </span>
    </p>
   </div>
   <div class='ocr_carea' id='block_1_99' title="bbox 1826 3833 3406 3906">
    <p class='ocr_par' dir='ltr' id='par_1_99' title="bbox 1826 3833 3406 3906">
     <span class='ocr_line' id='line_1_99' title="bbox 1826 3833 3406 3906; baseline 0.004 -20"><span class='ocrx_word' id='word_1_742' title='bbox 1826 3833 2013 3887; x_wconf 83' lang='lat' dir='ltr'><strong>habitat</strong></span> <span class='ocrx_word' id='word_1_743' title='bbox 2054 3836 2108 3888; x_wconf 84' lang='lat' dir='ltr'><strong>in</strong></span> <span class='ocrx_word' id='word_1_744' title='bbox 2143 3835 2279 3888; x_wconf 74' lang='lat' dir='ltr'><strong>vobis</strong></span> <span class='ocrx_word' id='word_1_745' title='bbox 2309 3836 2382 3906; x_wconf 89' lang='grc'><strong>(1.</strong></span> <span class='ocrx_word' id='word_1_746' title='bbox 2415 3834 2532 3889; x_wconf 89' lang='lat' dir='ltr'><strong>Cor.</strong></span> <span class='ocrx_word' id='word_1_747' title='bbox 2567 3837 2620 3889; x_wconf 79' lang='lat'><strong>&#39;5.</strong></span> <span class='ocrx_word' id='word_1_748' title='bbox 2667 3835 2775 3906; x_wconf 86' lang='grc'><strong>16),</strong></span> <span class='ocrx_word' id='word_1_749' title='bbox 2805 3836 2965 3888; x_wconf 86' lang='lat' dir='ltr'><strong>etiam</strong></span> <span class='ocrx_word' id='word_1_750' title='bbox 3011 3851 3110 3890; x_wconf 90' lang='lat' dir='ltr'><strong>nos</strong></span> <span class='ocrx_word' id='word_1_751' title='bbox 3151 3835 3406 3892; x_wconf 86' lang='lat' dir='ltr'><strong>adversus</strong></span> 
     </span>
    </p>
   </div>
   <div class='ocr_carea' id='block_1_100' title="bbox 1828 3922 3403 3993">
    <p class='ocr_par' dir='ltr' id='par_1_100' title="bbox 1828 3922 3403 3993">
     <span class='ocr_line' id='line_1_100' title="bbox 1828 3922 3403 3993; baseline 0.003 -17"><span class='ocrx_word' id='word_1_752' title='bbox 1828 3922 1958 3978; x_wconf 87' lang='lat' dir='ltr'><strong>istos</strong></span> <span class='ocrx_word' id='word_1_753' title='bbox 1985 3924 2244 3987; x_wconf 88' lang='lat' dir='ltr'><strong>dicamus,</strong></span> <span class='ocrx_word' id='word_1_754' title='bbox 2273 3934 2326 3978; x_wconf 89' lang='lat' dir='ltr'><strong>et</strong></span> <span class='ocrx_word' id='word_1_755' title='bbox 2366 3924 2689 3992; x_wconf 87' lang='lat' dir='ltr'><strong>impudentia</strong></span> <span class='ocrx_word' id='word_1_756' title='bbox 2730 3926 3008 3993; x_wconf 88' lang='lat' dir='ltr'><strong>impiorum</strong></span> <span class='ocrx_word' id='word_1_757' title='bbox 3039 3940 3129 3978; x_wconf 81' lang='lat' dir='ltr'><strong>ora</strong></span> <span class='ocrx_word' id='word_1_758' title='bbox 3157 3926 3403 3981; x_wconf 82' lang='lat' dir='ltr'><strong>obstrua-</strong></span> 
     </span>
    </p>
   </div>
   <div class='ocr_carea' id='block_1_101' title="bbox 1829 4017 3404 4085">
    <p class='ocr_par' dir='ltr' id='par_1_101' title="bbox 1829 4017 3404 4085">
     <span class='ocr_line' id='line_1_101' title="bbox 1829 4017 3404 4085; baseline 0 -13"><span class='ocrx_word' id='word_1_759' title='bbox 1829 4031 1968 4082; x_wconf 91' lang='lat' dir='ltr'><strong>mus,</strong></span> <span class='ocrx_word' id='word_1_760' title='bbox 1998 4017 2300 4085; x_wconf 87' lang='lat' dir='ltr'><strong>nostrisque</strong></span> <span class='ocrx_word' id='word_1_761' title='bbox 2327 4018 2534 4071; x_wconf 90' lang='lat' dir='ltr'><strong>interim</strong></span> <span class='ocrx_word' id='word_1_762' title='bbox 2565 4017 2719 4071; x_wconf 90' lang='lat' dir='ltr'><strong>bonis</strong></span> <span class='ocrx_word' id='word_1_763' title='bbox 2747 4017 3006 4083; x_wconf 64' lang='lat' dir='ltr'><strong>Iaatemur,</strong></span> <span class='ocrx_word' id='word_1_764' title='bbox 3033 4032 3095 4073; x_wconf 89' lang='lat' dir='ltr'><strong>ac</strong></span> <span class='ocrx_word' id='word_1_765' title='bbox 3124 4017 3289 4072; x_wconf 88' lang='lat' dir='ltr'><strong>Deum</strong></span> <span class='ocrx_word' id='word_1_766' title='bbox 3319 4018 3404 4072; x_wconf 90' lang='lat' dir='ltr'><strong>in-</strong></span> 
     </span>
    </p>
   </div>
   <div class='ocr_carea' id='block_1_102' title="bbox 1829 4107 3404 4180">
    <p class='ocr_par' dir='ltr' id='par_1_102' title="bbox 1829 4107 3404 4180">
     <span class='ocr_line' id='line_1_102' title="bbox 1829 4107 3404 4180; baseline 0.002 -18"><span class='ocrx_word' id='word_1_767' title='bbox 1829 4116 2104 4162; x_wconf 91' lang='lat' dir='ltr'><strong>carnatum</strong></span> <span class='ocrx_word' id='word_1_768' title='bbox 2130 4107 2198 4160; x_wconf 91' lang='lat' dir='ltr'><strong>ob</strong></span> <span class='ocrx_word' id='word_1_769' title='bbox 2226 4117 2331 4160; x_wconf 88' lang='lat' dir='ltr'><strong>tam</strong></span> <span class='ocrx_word' id='word_1_770' title='bbox 2375 4107 2740 4177; x_wconf 77' lang='lat' dir='ltr'><strong>indulgentem</strong></span> <span class='ocrx_word' id='word_1_771' title='bbox 2761 4107 2827 4162; x_wconf 89' lang='lat' dir='ltr'><strong>ad</strong></span> <span class='ocrx_word' id='word_1_772' title='bbox 2856 4123 2954 4163; x_wconf 93' lang='lat' dir='ltr'><strong>nos</strong></span> <span class='ocrx_word' id='word_1_773' title='bbox 2983 4124 3150 4180; x_wconf 91' lang='lat' dir='ltr'><strong>usque</strong></span> <span class='ocrx_word' id='word_1_774' title='bbox 3197 4111 3278 4164; x_wconf 91' lang='lat' dir='ltr'><strong>sui</strong></span> <span class='ocrx_word' id='word_1_775' title='bbox 3306 4110 3404 4166; x_wconf 81' lang='lat' dir='ltr'><strong>de-</strong></span> 
     </span>
    </p>
   </div>
   <div class='ocr_carea' id='block_1_103' title="bbox 1832 4197 3406 4269">
    <p class='ocr_par' dir='ltr' id='par_1_103' title="bbox 1832 4197 3406 4269">
     <span class='ocr_line' id='line_1_103' title="bbox 1832 4197 3406 4269; baseline 0.001 -16"><span class='ocrx_word' id='word_1_776' title='bbox 1832 4199 2142 4253; x_wconf 91' lang='lat' dir='ltr'><strong>missionem</strong></span> <span class='ocrx_word' id='word_1_777' title='bbox 2188 4197 2574 4269; x_wconf 86' lang='lat' dir='ltr'><strong>gloriﬁcemus,</strong></span> <span class='ocrx_word' id='word_1_778' title='bbox 2620 4206 2674 4252; x_wconf 90' lang='lat' dir='ltr'><strong>et</strong></span> <span class='ocrx_word' id='word_1_779' title='bbox 2724 4213 2819 4267; x_wconf 90' lang='lat' dir='ltr'><strong>pro</strong></span> <span class='ocrx_word' id='word_1_780' title='bbox 2866 4199 3059 4252; x_wconf 86' lang='lat' dir='ltr'><strong>virium</strong></span> <span class='ocrx_word' id='word_1_781' title='bbox 3104 4208 3406 4255; x_wconf 89' lang='lat' dir='ltr'><strong>nostrarum</strong></span> 
     </span>
    </p>
   </div>
   <div class='ocr_carea' id='block_1_104' title="bbox 1831 4288 3412 4360">
    <p class='ocr_par' dir='ltr' id='par_1_104' title="bbox 1831 4288 3412 4360">
     <span class='ocr_line' id='line_1_104' title="bbox 1831 4288 3412 4360; baseline 0.001 -17"><span class='ocrx_word' id='word_1_782' title='bbox 1831 4288 2078 4344; x_wconf 82' lang='lat' dir='ltr'><strong>facultate</strong></span> <span class='ocrx_word' id='word_1_783' title='bbox 2127 4288 2443 4358; x_wconf 87' lang='lat' dir='ltr'><strong>condignam</strong></span> <span class='ocrx_word' id='word_1_784' title='bbox 2495 4288 2595 4356; x_wconf 88' lang='lat' dir='ltr'><strong>ipsi</strong></span> <span class='ocrx_word' id='word_1_785' title='bbox 2638 4289 3031 4343; x_wconf 87' lang='lat' dir='ltr'><strong>venerationem</strong></span> <span class='ocrx_word' id='word_1_786' title='bbox 3076 4290 3412 4360; x_wconf 82' lang='lat' dir='ltr'><strong>gratiamque</strong></span> 
     </span>
    </p>
   </div>
   <div class='ocr_carea' id='block_1_105' title="bbox 1831 4379 3411 4452">
    <p class='ocr_par' dir='ltr' id='par_1_105' title="bbox 1831 4379 3411 4452">
     <span class='ocr_line' id='line_1_105' title="bbox 1831 4379 3411 4452; baseline 0.001 -17"><span class='ocrx_word' id='word_1_787' title='bbox 1831 4380 2154 4435; x_wconf 85' lang='lat' dir='ltr'><strong>reddamus:</strong></span> <span class='ocrx_word' id='word_1_788' title='bbox 2186 4381 2296 4434; x_wconf 91' lang='lat' dir='ltr'><strong>Deo</strong></span> <span class='ocrx_word' id='word_1_789' title='bbox 2341 4389 2516 4434; x_wconf 88' lang='lat' dir='ltr'><strong>autem</strong></span> <span class='ocrx_word' id='word_1_790' title='bbox 2547 4380 2688 4435; x_wconf 89' lang='lat' dir='ltr'><strong>nulla</strong></span> <span class='ocrx_word' id='word_1_791' title='bbox 2713 4395 2745 4434; x_wconf 92' lang='lat' dir='ltr'><strong>a</strong></span> <span class='ocrx_word' id='word_1_792' title='bbox 2777 4380 2931 4436; x_wconf 81' lang='lat' dir='ltr'><strong>nobis</strong></span> <span class='ocrx_word' id='word_1_793' title='bbox 2973 4379 3259 4452; x_wconf 86' lang='lat' dir='ltr'><strong>gratiarum</strong></span> <span class='ocrx_word' id='word_1_794' title='bbox 3313 4397 3411 4451; x_wconf 87' lang='lat' dir='ltr'><strong>par</strong></span> 
     </span>
    </p>
   </div>
   <div class='ocr_carea' id='block_1_106' title="bbox 1835 4471 3408 4541">
    <p class='ocr_par' dir='ltr' id='par_1_106' title="bbox 1835 4471 3408 4541">
     <span class='ocr_line' id='line_1_106' title="bbox 1835 4471 3408 4541; baseline 0.001 -16"><span class='ocrx_word' id='word_1_795' title='bbox 1835 4471 2117 4526; x_wconf 88' lang='lat' dir='ltr'><strong>retributio</strong></span> <span class='ocrx_word' id='word_1_796' title='bbox 2147 4471 2265 4526; x_wconf 87' lang='lat' dir='ltr'><strong>ﬁeri</strong></span> <span class='ocrx_word' id='word_1_797' title='bbox 2291 4480 2468 4540; x_wconf 89' lang='lat' dir='ltr'><strong>queat,</strong></span> <span class='ocrx_word' id='word_1_798' title='bbox 2499 4471 2598 4524; x_wconf 91' lang='lat' dir='ltr'><strong>nisi</strong></span> <span class='ocrx_word' id='word_1_799' title='bbox 2632 4471 2803 4525; x_wconf 89' lang='lat' dir='ltr'><strong>solum</strong></span> <span class='ocrx_word' id='word_1_800' title='bbox 2828 4486 2910 4536; x_wconf 90' lang='lat' dir='ltr'><strong>ea,</strong></span> <span class='ocrx_word' id='word_1_801' title='bbox 2938 4487 3057 4541; x_wconf 77' lang='lat' dir='ltr'><strong>qua:</strong></span> <span class='ocrx_word' id='word_1_802' title='bbox 3081 4472 3324 4526; x_wconf 90' lang='lat' dir='ltr'><strong>consistit</strong></span> <span class='ocrx_word' id='word_1_803' title='bbox 3352 4471 3408 4526; x_wconf 88' lang='lat' dir='ltr'><strong>in</strong></span> 
     </span>
    </p>
   </div>
   <div class='ocr_carea' id='block_1_107' title="bbox 1833 4561 3408 4632">
    <p class='ocr_par' dir='ltr' id='par_1_107' title="bbox 1833 4561 3408 4632">
     <span class='ocr_line' id='line_1_107' title="bbox 1833 4561 3408 4632; baseline 0.001 -17"><span class='ocrx_word' id='word_1_804' title='bbox 1833 4571 2014 4615; x_wconf 89' lang='lat' dir='ltr'><strong>nostra</strong></span> <span class='ocrx_word' id='word_1_805' title='bbox 2038 4562 2440 4631; x_wconf 86' lang='lat' dir='ltr'><strong>animarumque</strong></span> <span class='ocrx_word' id='word_1_806' title='bbox 2469 4571 2766 4616; x_wconf 87' lang='lat' dir='ltr'><strong>nostrarum</strong></span> <span class='ocrx_word' id='word_1_807' title='bbox 2813 4562 3006 4628; x_wconf 89' lang='lat' dir='ltr'><strong>salute,</strong></span> <span class='ocrx_word' id='word_1_808' title='bbox 3035 4571 3194 4632; x_wconf 88' lang='lat' dir='ltr'><strong>atque</strong></span> <span class='ocrx_word' id='word_1_809' title='bbox 3219 4563 3271 4616; x_wconf 90' lang='lat' dir='ltr'><strong>in</strong></span> <span class='ocrx_word' id='word_1_810' title='bbox 3298 4561 3408 4617; x_wconf 90' lang='lat' dir='ltr'><strong>vir-</strong></span> 
     </span>
    </p>
   </div>
   <div class='ocr_carea' id='block_1_108' title="bbox 1838 4654 2193 4706">
    <p class='ocr_par' dir='ltr' id='par_1_108' title="bbox 1838 4654 2193 4706">
     <span class='ocr_line' id='line_1_108' title="bbox 1838 4654 2193 4706; baseline 0 0"><span class='ocrx_word' id='word_1_811' title='bbox 1838 4655 1963 4706; x_wconf 91' lang='lat' dir='ltr'><strong>tutis</strong></span> <span class='ocrx_word' id='word_1_812' title='bbox 1999 4654 2193 4706; x_wconf 85' lang='lat' dir='ltr'><strong>studio.</strong></span> 
     </span>
    </p>
   </div>
   <div class='ocr_carea' id='block_1_109' title="bbox 1909 4744 3414 4815">
    <p class='ocr_par' dir='ltr' id='par_1_109' title="bbox 1909 4744 3414 4815">
     <span class='ocr_line' id='line_1_109' title="bbox 1909 4744 3414 4815; baseline 0 -17"><span class='ocrx_word' id='word_1_813' title='bbox 1909 4745 1960 4798; x_wconf 91' lang='lat'><strong>7.</strong></span> <span class='ocrx_word' id='word_1_814' title='bbox 2012 4747 2134 4810; x_wconf 82' lang='lat' dir='ltr'><strong>Quis</strong></span> <span class='ocrx_word' id='word_1_815' title='bbox 2183 4745 2362 4799; x_wconf 79' lang='lat' dir='ltr'><strong>modus</strong></span> <span class='ocrx_word' id='word_1_816' title='bbox 2408 4746 2672 4798; x_wconf 83' lang='lat' dir='ltr'><strong>accedendi</strong></span> <span class='ocrx_word' id='word_1_817' title='bbox 2714 4744 2781 4797; x_wconf 83' lang='lat' dir='ltr'><strong>ad</strong></span> <span class='ocrx_word' id='word_1_818' title='bbox 2837 4744 3006 4799; x_wconf 84' lang='lat' dir='ltr'><strong>divina</strong></span> <span class='ocrx_word' id='word_1_819' title='bbox 3042 4745 3297 4815; x_wconf 78' lang='lat' dir='ltr'><strong>mysteria.</strong></span> <span class='ocrx_word' id='word_1_820' title='bbox 3338 4773 3414 4785; x_wconf 65' lang='grc' dir='ltr'><strong>-η</strong></span> 
     </span>
    </p>
   </div>
   <div class='ocr_carea' id='block_1_110' title="bbox 1836 4835 3421 4906">
    <p class='ocr_par' dir='ltr' id='par_1_110' title="bbox 1836 4835 3421 4906">
     <span class='ocr_line' id='line_1_110' title="bbox 1836 4835 3421 4906; baseline 0 -16"><span class='ocrx_word' id='word_1_821' title='bbox 1836 4835 1915 4891; x_wconf 90' lang='lat' dir='ltr'><strong>Ne</strong></span> <span class='ocrx_word' id='word_1_822' title='bbox 1937 4837 2104 4891; x_wconf 88' lang='lat' dir='ltr'><strong>simus</strong></span> <span class='ocrx_word' id='word_1_823' title='bbox 2127 4850 2254 4905; x_wconf 88' lang='lat' dir='ltr'><strong>ergo</strong></span> <span class='ocrx_word' id='word_1_824' title='bbox 2280 4836 2365 4890; x_wconf 90' lang='lat' dir='ltr'><strong>hic</strong></span> <span class='ocrx_word' id='word_1_825' title='bbox 2399 4837 2584 4905; x_wconf 87' lang='lat' dir='ltr'><strong>ingrati</strong></span> <span class='ocrx_word' id='word_1_826' title='bbox 2611 4850 2736 4906; x_wconf 84' lang='lat' dir='ltr'><strong>erga</strong></span> <span class='ocrx_word' id='word_1_827' title='bbox 2771 4837 2898 4889; x_wconf 87' lang='lat' dir='ltr'><strong>tanti</strong></span> <span class='ocrx_word' id='word_1_828' title='bbox 2934 4837 2984 4889; x_wconf 93' lang='lat' dir='ltr'><strong>in</strong></span> <span class='ocrx_word' id='word_1_829' title='bbox 3027 4850 3124 4889; x_wconf 90' lang='lat' dir='ltr'><strong>nos</strong></span> <span class='ocrx_word' id='word_1_830' title='bbox 3166 4835 3421 4898; x_wconf 60' lang='lat' dir='ltr'><strong>beneﬁcii</strong></span> 
     </span>
    </p>
   </div>
   <div class='ocr_carea' id='block_1_111' title="bbox 1837 4926 3421 4996">
    <p class='ocr_par' dir='ltr' id='par_1_111' title="bbox 1837 4926 3421 4996">
     <span class='ocr_line' id='line_1_111' title="bbox 1837 4926 3421 4996; baseline -0.003 -12"><span class='ocrx_word' id='word_1_831' title='bbox 1837 4937 2131 4992; x_wconf 86' lang='lat' dir='ltr'><strong>auctorem,</strong></span> <span class='ocrx_word' id='word_1_832' title='bbox 2153 4927 2247 4982; x_wconf 89' lang='lat' dir='ltr'><strong>sed</strong></span> <span class='ocrx_word' id='word_1_833' title='bbox 2269 4941 2457 4982; x_wconf 90' lang='lat' dir='ltr'><strong>omnes</strong></span> <span class='ocrx_word' id='word_1_834' title='bbox 2483 4927 2660 4980; x_wconf 84' lang='lat' dir='ltr'><strong>omnia</strong></span> <span class='ocrx_word' id='word_1_835' title='bbox 2697 4927 2745 4980; x_wconf 90' lang='lat' dir='ltr'><strong>ei</strong></span> <span class='ocrx_word' id='word_1_836' title='bbox 2783 4940 2882 4994; x_wconf 87' lang='lat' dir='ltr'><strong>pro</strong></span> <span class='ocrx_word' id='word_1_837' title='bbox 2906 4926 3047 4980; x_wconf 85' lang='lat' dir='ltr'><strong>virili</strong></span> <span class='ocrx_word' id='word_1_838' title='bbox 3083 4926 3369 4982; x_wconf 80' lang='lat' dir='ltr'><strong>oﬁ‘eramus</strong></span> <span class='ocrx_word' id='word_1_839' title='bbox 3388 4963 3421 4996; x_wconf 53' lang='grc' dir='ltr'><em>κ</em></span> 
     </span>
    </p>
   </div>
   <div class='ocr_carea' id='block_1_112' title="bbox 1842 5019 3426 5090">
    <p class='ocr_par' dir='ltr' id='par_1_112' title="bbox 1842 5019 3426 5090">
     <span class='ocr_line' id='line_1_112' title="bbox 1842 5019 3426 5090; baseline -0.005 -14"><span class='ocrx_word' id='word_1_840' title='bbox 1842 5022 2033 5087; x_wconf 88' lang='lat' dir='ltr'><strong>ﬁdem,</strong></span> <span class='ocrx_word' id='word_1_841' title='bbox 2070 5035 2217 5090; x_wconf 87' lang='lat' dir='ltr'><strong>spem</strong></span> <span class='ocrx_word' id='word_1_842' title='bbox 2239 5061 2255 5087; x_wconf 94' lang='lat'><strong>,</strong></span> <span class='ocrx_word' id='word_1_843' title='bbox 2297 5021 2566 5074; x_wconf 83' lang='lat' dir='ltr'><strong>caritatem</strong></span> <span class='ocrx_word' id='word_1_844' title='bbox 2587 5059 2602 5084; x_wconf 93' lang='lat'><strong>,</strong></span> <span class='ocrx_word' id='word_1_845' title='bbox 2635 5019 3074 5089; x_wconf 89' lang='lat' dir='ltr'><strong>temperantiam,</strong></span> <span class='ocrx_word' id='word_1_846' title='bbox 3113 5019 3426 5074; x_wconf 52' lang='lat' dir='ltr'><strong>miscricor-t</strong></span> 
     </span>
    </p>
   </div>
   <div class='ocr_carea' id='block_1_113' title="bbox 1841 5112 3420 5184">
    <p class='ocr_par' dir='ltr' id='par_1_113' title="bbox 1841 5112 3420 5184">
     <span class='ocr_line' id='line_1_113' title="bbox 1841 5112 3420 5184; baseline -0.006 -13"><span class='ocrx_word' id='word_1_847' title='bbox 1841 5117 1982 5171; x_wconf 85' lang='lat' dir='ltr'><strong>diam</strong></span> <span class='ocrx_word' id='word_1_848' title='bbox 2005 5156 2022 5180; x_wconf 87' lang='lat'><strong>,</strong></span> <span class='ocrx_word' id='word_1_849' title='bbox 2051 5114 2480 5184; x_wconf 76' lang='lat' dir='ltr'><strong>hOSpitalitatem.</strong></span> <span class='ocrx_word' id='word_1_850' title='bbox 2507 5113 2575 5167; x_wconf 87' lang='lat' dir='ltr'><strong>Et</strong></span> <span class='ocrx_word' id='word_1_851' title='bbox 2597 5112 2664 5168; x_wconf 88' lang='lat' dir='ltr'><strong>ad</strong></span> <span class='ocrx_word' id='word_1_852' title='bbox 2690 5112 2832 5183; x_wconf 91' lang='lat' dir='ltr'><strong>quod</strong></span> <span class='ocrx_word' id='word_1_853' title='bbox 2857 5129 3027 5183; x_wconf 89' lang='lat' dir='ltr'><strong>nuper</strong></span> <span class='ocrx_word' id='word_1_854' title='bbox 3049 5127 3145 5167; x_wconf 83' lang='lat' dir='ltr'><strong>vos</strong></span> <span class='ocrx_word' id='word_1_855' title='bbox 3164 5112 3420 5167; x_wconf 80' lang='lat' dir='ltr'><strong>cohorta—.</strong></span> 
     </span>
    </p>
   </div>
   <div class='ocr_carea' id='block_1_114' title="bbox 1841 5203 3427 5274">
    <p class='ocr_par' dir='ltr' id='par_1_114' title="bbox 1841 5203 3427 5274">
     <span class='ocr_line' id='line_1_114' title="bbox 1841 5203 3427 5274; baseline -0.003 -13"><span class='ocrx_word' id='word_1_856' title='bbox 1841 5216 1926 5261; x_wconf 87' lang='lat' dir='ltr'><strong>tus</strong></span> <span class='ocrx_word' id='word_1_857' title='bbox 1951 5221 2091 5270; x_wconf 89' lang='lat' dir='ltr'><strong>sum,</strong></span> <span class='ocrx_word' id='word_1_858' title='bbox 2113 5204 2180 5259; x_wconf 90' lang='lat' dir='ltr'><strong>ad</strong></span> <span class='ocrx_word' id='word_1_859' title='bbox 2201 5205 2254 5259; x_wconf 88' lang='lat' dir='ltr'><strong>id</strong></span> <span class='ocrx_word' id='word_1_860' title='bbox 2279 5203 2440 5259; x_wconf 89' lang='lat' dir='ltr'><strong>etiam</strong></span> <span class='ocrx_word' id='word_1_861' title='bbox 2466 5218 2609 5258; x_wconf 92' lang='lat' dir='ltr'><strong>nunc</strong></span> <span class='ocrx_word' id='word_1_862' title='bbox 2628 5212 2682 5258; x_wconf 84' lang='lat' dir='ltr'><strong>et</strong></span> <span class='ocrx_word' id='word_1_863' title='bbox 2706 5204 2758 5257; x_wconf 91' lang='lat' dir='ltr'><strong>in</strong></span> <span class='ocrx_word' id='word_1_864' title='bbox 2786 5212 3054 5274; x_wconf 89' lang='lat' dir='ltr'><strong>posterum</strong></span> <span class='ocrx_word' id='word_1_865' title='bbox 3080 5216 3292 5270; x_wconf 88' lang='lat' dir='ltr'><strong>semper</strong></span> <span class='ocrx_word' id='word_1_866' title='bbox 3317 5214 3427 5257; x_wconf 63' lang='lat' dir='ltr'><strong>vos.</strong></span> 
     </span>
    </p>
   </div>
   <div class='ocr_carea' id='block_1_115' title="bbox 1843 5291 3416 5363">
    <p class='ocr_par' dir='ltr' id='par_1_115' title="bbox 1843 5291 3416 5363">
     <span class='ocr_line' id='line_1_115' title="bbox 1843 5291 3416 5363; baseline -0.005 -11"><span class='ocrx_word' id='word_1_867' title='bbox 1843 5297 2111 5353; x_wconf 90' lang='lat' dir='ltr'><strong>cohortari</strong></span> <span class='ocrx_word' id='word_1_868' title='bbox 2140 5311 2247 5351; x_wconf 91' lang='lat' dir='ltr'><strong>non</strong></span> <span class='ocrx_word' id='word_1_869' title='bbox 2274 5294 2546 5350; x_wconf 88' lang='lat' dir='ltr'><strong>desistam.</strong></span> <span class='ocrx_word' id='word_1_870' title='bbox 2588 5295 2849 5363; x_wconf 89' lang='lat' dir='ltr'><strong>Quidnam</strong></span> <span class='ocrx_word' id='word_1_871' title='bbox 2891 5292 3036 5348; x_wconf 78' lang='lat' dir='ltr'><strong>hoc?</strong></span> <span class='ocrx_word' id='word_1_872' title='bbox 3062 5291 3197 5346; x_wconf 88' lang='lat' dir='ltr'><strong>Cum</strong></span> <span class='ocrx_word' id='word_1_873' title='bbox 3235 5303 3416 5344; x_wconf 87' lang='lat' dir='ltr'><strong>acces-</strong></span> 
     </span>
    </p>
   </div>
   <div class='ocr_carea' id='block_1_116' title="bbox 1845 5387 3426 5456">
    <p class='ocr_par' dir='ltr' id='par_1_116' title="bbox 1845 5387 3426 5456">
     <span class='ocr_line' id='line_1_116' title="bbox 1845 5387 3426 5456; baseline -0.004 -13"><span class='ocrx_word' id='word_1_874' title='bbox 1845 5389 1954 5444; x_wconf 86' lang='lat' dir='ltr'><strong>suri</strong></span> <span class='ocrx_word' id='word_1_875' title='bbox 1982 5389 2111 5445; x_wconf 84' lang='lat' dir='ltr'><strong>estis</strong></span> <span class='ocrx_word' id='word_1_876' title='bbox 2133 5388 2200 5443; x_wconf 90' lang='lat' dir='ltr'><strong>ad</strong></span> <span class='ocrx_word' id='word_1_877' title='bbox 2222 5387 2550 5445; x_wconf 86' lang='lat' dir='ltr'><strong>tremendam</strong></span> <span class='ocrx_word' id='word_1_878' title='bbox 2566 5387 2904 5456; x_wconf 90' lang='lat' dir='ltr'><strong>divinamque</strong></span> <span class='ocrx_word' id='word_1_879' title='bbox 2930 5387 3074 5440; x_wconf 90' lang='lat' dir='ltr'><strong>illam</strong></span> <span class='ocrx_word' id='word_1_880' title='bbox 3097 5390 3426 5444; x_wconf 64' lang='lat' dir='ltr'><strong>mensamet</strong></span> 
     </span>
    </p>
   </div>
   <div class='ocr_carea' id='block_1_117' title="bbox 1847 5471 3428 5551">
    <p class='ocr_par' dir='ltr' id='par_1_117' title="bbox 1847 5471 3428 5551">
     <span class='ocr_line' id='line_1_117' title="bbox 1847 5471 3428 5551; baseline -0.002 -16"><span class='ocrx_word' id='word_1_881' title='bbox 1847 5496 1996 5535; x_wconf 89' lang='lat' dir='ltr'><strong>sacra</strong></span> <span class='ocrx_word' id='word_1_882' title='bbox 2013 5481 2286 5551; x_wconf 86' lang='lat' dir='ltr'><strong>mysteria,</strong></span> <span class='ocrx_word' id='word_1_883' title='bbox 2309 5495 2432 5536; x_wconf 88' lang='lat' dir='ltr'><strong>cum</strong></span> <span class='ocrx_word' id='word_1_884' title='bbox 2452 5481 2642 5536; x_wconf 86' lang='lat' dir='ltr'><strong>timore</strong></span> <span class='ocrx_word' id='word_1_885' title='bbox 2665 5495 2729 5535; x_wconf 91' lang='lat' dir='ltr'><strong>ac</strong></span> <span class='ocrx_word' id='word_1_886' title='bbox 2754 5489 2982 5534; x_wconf 90' lang='lat' dir='ltr'><strong>tremore</strong></span> <span class='ocrx_word' id='word_1_887' title='bbox 3009 5476 3111 5531; x_wconf 89' lang='lat' dir='ltr'><strong>hoc</strong></span> <span class='ocrx_word' id='word_1_888' title='bbox 3137 5473 3294 5530; x_wconf 81' lang='lat' dir='ltr'><strong>facite</strong></span> <span class='ocrx_word' id='word_1_889' title='bbox 3315 5471 3428 5546; x_wconf 53' lang='lat' dir='ltr'><strong>(tl),</strong></span> 
     </span>
    </p>
   </div>
   <div class='ocr_carea' id='block_1_118' title="bbox 1847 5564 3417 5640">
    <p class='ocr_par' dir='ltr' id='par_1_118' title="bbox 1847 5564 3417 5640">
     <span class='ocr_line' id='line_1_118' title="bbox 1847 5564 3417 5640; baseline -0.004 -16"><span class='ocrx_word' id='word_1_890' title='bbox 1847 5584 1968 5626; x_wconf 91' lang='lat' dir='ltr'><strong>cum</strong></span> <span class='ocrx_word' id='word_1_891' title='bbox 2006 5585 2136 5640; x_wconf 90' lang='lat' dir='ltr'><strong>pura</strong></span> <span class='ocrx_word' id='word_1_892' title='bbox 2178 5571 2502 5627; x_wconf 84' lang='lat' dir='ltr'><strong>conscientia</strong></span> <span class='ocrx_word' id='word_1_893' title='bbox 2528 5610 2544 5636; x_wconf 93' lang='lat'><strong>,</strong></span> <span class='ocrx_word' id='word_1_894' title='bbox 2573 5584 2694 5625; x_wconf 92' lang='lat' dir='ltr'><strong>cum</strong></span> <span class='ocrx_word' id='word_1_895' title='bbox 2734 5566 2937 5638; x_wconf 85' lang='lat' dir='ltr'><strong>ieiunio</strong></span> <span class='ocrx_word' id='word_1_896' title='bbox 2972 5575 3028 5622; x_wconf 91' lang='lat' dir='ltr'><strong>et</strong></span> <span class='ocrx_word' id='word_1_897' title='bbox 3070 5564 3417 5636; x_wconf 85' lang='lat' dir='ltr'><strong>precatione:</strong></span> 
     </span>
    </p>
   </div>
   <div class='ocr_carea' id='block_1_119' title="bbox 1851 5655 3432 5729">
    <p class='ocr_par' dir='ltr' id='par_1_119' title="bbox 1851 5655 3432 5729">
     <span class='ocr_line' id='line_1_119' title="bbox 1851 5655 3432 5729; baseline -0.004 -11"><span class='ocrx_word' id='word_1_898' title='bbox 1851 5677 1954 5718; x_wconf 88' lang='lat' dir='ltr'><strong>non</strong></span> <span class='ocrx_word' id='word_1_899' title='bbox 1983 5663 2366 5718; x_wconf 85' lang='lat' dir='ltr'><strong>tumultuantes</strong></span> <span class='ocrx_word' id='word_1_900' title='bbox 2389 5701 2404 5728; x_wconf 93' lang='lat'><strong>,</strong></span> <span class='ocrx_word' id='word_1_901' title='bbox 2434 5677 2542 5718; x_wconf 91' lang='lat' dir='ltr'><strong>non</strong></span> <span class='ocrx_word' id='word_1_902' title='bbox 2568 5659 2904 5716; x_wconf 88' lang='lat' dir='ltr'><strong>caleitrantes</strong></span> <span class='ocrx_word' id='word_1_903' title='bbox 2923 5697 2940 5724; x_wconf 92' lang='lat'><strong>,</strong></span> <span class='ocrx_word' id='word_1_904' title='bbox 2982 5671 3089 5713; x_wconf 88' lang='lat' dir='ltr'><strong>non</strong></span> <span class='ocrx_word' id='word_1_905' title='bbox 3119 5655 3432 5729; x_wconf 66' lang='lat' dir='ltr'><strong>proximum</strong></span> 
     </span>
    </p>
   </div>
   <div class='ocr_carea' id='block_1_120' title="bbox 1916 5839 3038 5910">
    <p class='ocr_par' dir='ltr' id='par_1_120' title="bbox 1916 5839 3038 5910">
     <span class='ocr_line' id='line_1_120' title="bbox 1916 5839 3038 5910; baseline -0.007 -16"><span class='ocrx_word' id='word_1_906' title='bbox 1916 5845 1988 5910; x_wconf 80' lang='grc' dir='ltr'><strong>(η)</strong></span> <span class='ocrx_word' id='word_1_907' title='bbox 2022 5845 2136 5898; x_wconf 83' lang='lat' dir='ltr'><strong>vide</strong></span> <span class='ocrx_word' id='word_1_908' title='bbox 2158 5843 2402 5896; x_wconf 76' lang='lat' dir='ltr'><strong>Bomiliam</strong></span> <span class='ocrx_word' id='word_1_909' title='bbox 2424 5845 2476 5896; x_wconf 87' lang='lat' dir='ltr'><strong>in</strong></span> <span class='ocrx_word' id='word_1_910' title='bbox 2494 5851 2539 5894; x_wconf 88' lang='lat' dir='ltr'><strong>s.</strong></span> <span class='ocrx_word' id='word_1_911' title='bbox 2564 5840 2908 5904; x_wconf 74' lang='lat' dir='ltr'><strong>Philogonium,</strong></span> <span class='ocrx_word' id='word_1_912' title='bbox 2931 5844 2969 5892; x_wconf 59' lang='grc' dir='ltr'><strong>ιε</strong></span> <span class='ocrx_word' id='word_1_913' title='bbox 2997 5839 3038 5895; x_wconf 76' lang='grc'><strong>1,.</strong></span> 
     </span>
    </p>
   </div>
  </div>
