3906 6224
523 412 628 470 361

530 523 864 593 intpellcntcs
895 541 906 577 :
947 532 1205 577 extrema:
1233 519 1373 573 enim
1412 516 1514 574 hoc
1547 517 1811 588 superbiae
1835 523 1951 582 est,
1978 529 2107 569 eon-

531 616 938 685 temptionisquc
982 614 1199 668 minime
1236 613 1464 683 vulgaris
1506 628 1521 665 :
1565 626 1731 680 quare
1776 610 1934 663 etiam
1981 608 2107 663 talia

530 708 953 777 pcrpctrantibus
982 707 1308 777 punitioncm
1351 704 1570 759 multam
1610 703 1876 758 conciliat.
1910 702 2108 756 Tecum

527 810 742 867 reputa,
771 814 804 853 ο
839 798 999 853 homo
1023 838 1038 864 ,
1067 798 1274 868 qualem
1305 794 1534 849 hostiam
1562 808 1621 848 cs
1648 801 2071 849 contrectaturtts
2090 833 2106 859 ,

524 889 733 957 qualem
762 904 1001 943 mensam
1041 888 1312 951 aditurus;
1350 895 1523 940 tecum
1567 893 1751 954 reputa
1778 926 1792 949 ,
1819 883 1959 954 quod
1985 898 2108 937 cum

524 990 668 1036 terra
695 983 768 1036 sis
792 992 845 1036 et
872 983 1026 1044 cinis,
1055 995 1248 1049 corpus
1276 988 1331 1035 et
1355 978 1665 1047 sanguinem
1693 976 1890 1031 Christi
1920 977 2104 1031 sumis.

525 1072 588 1127 Et
610 1074 653 1127 si
683 1090 778 1129 vos
805 1091 898 1130 rex
925 1074 1135 1144 quidem
1163 1074 1228 1127 ad
1257 1072 1556 1127 convivium
1579 1081 1748 1134 vocet,
1774 1086 1892 1126 cum
1921 1072 2111 1125 timore

525 1167 857 1229 accumbitis,
884 1166 1136 1236 cibosque
1159 1165 1430 1234 appositas
1458 1179 1577 1217 cum
1616 1164 1914 1218 reverentia
1947 1170 2001 1217 et
2037 1163 2111 1217 si—

525 1253 687 1309 icntin
709 1258 918 1310 sumitis
947 1273 961 1320 ;
994 1258 1100 1309 Deo
1126 1267 1302 1310 autem
1345 1264 1394 1309 te
1433 1255 1499 1309 ad
1543 1271 1692 1309 suam
1736 1269 1975 1308 mensam
2019 1269 2110 1308 vo-

524 1358 679 1401 cante
703 1389 717 1412 ,
751 1347 1047 1418 Filiumqne
1074 1364 1228 1402 suum
1260 1348 1331 1401 ibi
1369 1356 1669 1416 apponenle
1692 1388 1706 1412 ,
1737 1347 1825 1400 ubi
1854 1346 2111 1416 angelica:

525 1446 816 1504 potestates
840 1438 1104 1492 adsistunt
1127 1454 1249 1492 eum
1279 1439 1469 1492 timore
1490 1446 1544 1491 et
1565 1447 1796 1492 tremore
1821 1479 1834 1502 ,
1860 1439 1944 1492 ubi
1974 1439 2111 1494 Che-

525 1526 700 1581 rubini
733 1530 909 1582 velant
947 1530 1106 1584 facies
1145 1544 1268 1584 suas
1289 1570 1304 1593 ,
1342 1538 1502 1598 atque
1541 1527 1819 1596 Scraphini
1848 1544 1968 1584 cum
1999 1538 2110 1584 tre-

524 1634 677 1675 more
709 1622 957 1688 clamant,
1003 1622 1247 1685 Sanctus,
1288 1621 1534 1684 Sanctus,
1563 1621 1791 1676 Sanctus
1818 1622 2108 1677 Dominus:

526 1720 580 1765 tu
605 1712 733 1767 mihi
754 1713 917 1768 audes
943 1711 1282 1767 vociferando
1304 1727 1367 1765 ac
1394 1712 1762 1766 tumultuando
1783 1713 1848 1766 ad
1874 1713 2113 1781 spiritale

526 1802 658 1857 illud
706 1803 1006 1857 convivium
1050 1802 1349 1858 accedere?
1387 1803 1468 1856 An
1511 1811 1561 1857 te
1600 1802 1732 1873 fugit
1770 1819 1835 1858 co
1877 1811 2114 1874 tempore

527 1895 691 1948 multa
723 1896 1104 1966 tranquillitate
1148 1904 1381 1950 mentem
1419 1909 1540 1950 esse
1581 1895 1791 1966 plenam
1823 1897 2114 1965 oportere?

526 1984 795 2055 Multaque
822 2002 950 2056 pace
970 2002 1031 2040 ac
1051 1987 1228 2055 quiete
1253 2001 1384 2055 Opus
1406 1994 1509 2051 est,
1538 2002 1643 2040 non
1671 1995 1846 2042 autem
1865 1988 2111 2056 tumultu,

526 2076 796 2133 iracundia
820 2120 834 2144 ,
866 2079 1196 2148 strepituque
1228 2095 1242 2131 :
1276 2079 1389 2133 haec
1428 2079 1571 2133 enim
1616 2079 1944 2133 immundam
1992 2079 2111 2134 ani-

525 2181 667 2221 mam
694 2169 1034 2224 accedentem
1058 2169 1313 2224 efliciunt.
1345 2171 1602 2235 Qurenam
1630 2180 1809 2225 autem
1836 2172 1984 2225 venia
2012 2187 2113 2226 no-

525 2256 608 2311 bis
637 2258 893 2313 habeatur
918 2300 933 2326 ,
976 2260 1023 2315 si
1061 2269 1181 2329 post
1218 2267 1361 2314 tanta
1402 2271 1618 2330 peccata
1641 2302 1657 2326 ,
1691 2262 1876 2316 saltem
1903 2269 2114 2331 tempus

526 2346 649 2412 hoc,
676 2365 783 2419 quo
808 2349 872 2403 ad
900 2364 1103 2404 sacram
1136 2350 1274 2405 hanc
1298 2366 1536 2406 mensam
1568 2351 1797 2417 adimus,
1824 2352 1892 2407 ab
1915 2353 2116 2408 irratio-

526 2441 792 2496 nabilibus
814 2442 959 2507 hisce
988 2443 1474 2511 perturbationibus
1493 2459 1598 2498 non
1627 2444 1953 2514 purgemus?
1978 2444 2114 2512 Quid

525 2544 705 2588 autem
735 2536 953 2589 omnino
983 2546 1063 2589 est
1093 2537 1258 2605 magis
1297 2537 1655 2591 necessarium
1675 2576 1689 2600 ,
1718 2551 1878 2606 quam
1908 2551 1969 2591 ea
1996 2553 2115 2607 quae

527 2629 580 2683 in
611 2626 709 2680 hac
741 2641 924 2681 mensa
957 2629 1368 2696 proponuntur?
1392 2636 1484 2682 aut
1511 2627 1635 2696 quid
1675 2638 1828 2698 urget
1874 2643 1973 2682 nos
1994 2669 2010 2695 ,
2056 2636 2114 2683 ut

527 2717 884 2784 connitamur,
916 2719 1276 2786 spiritualibus
1306 2718 1466 2773 rebus
1490 2719 1695 2774 relictis
1718 2761 1733 2786 ,
1765 2719 1894 2774 illuc
1923 2734 2116 2790 prope-

525 2821 648 2861 rare
670 2807 726 2858 ‘?
768 2807 846 2861 Ne
869 2849 883 2869 ,
916 2823 1045 2877 rogo
1073 2824 1166 2862 vos
1204 2820 1363 2878 atque
1389 2809 1643 2874 obtestor,
1693 2824 1760 2864 ne
1797 2809 2030 2865 divinam
2059 2810 2115 2865 in

528 2912 627 2952 nos
644 2898 775 2952 iram
798 2900 1160 2954 concitemus:
1185 2900 1626 2955 medicamentum
1643 2909 1724 2956 est
1750 2901 1801 2956 id
1823 2903 1963 2972 quod
1990 2918 2114 2972 pro-

526 2989 743 3057 ponitur
761 2990 1042 3044 vnlnerum
1075 3001 1380 3045 nostrorum
1406 2992 1636 3047 salutare
1655 3035 1668 3057 ,
1691 2993 1892 3049 divitiae
1916 2995 2115 3050 indesi-

531 3090 744 3143 nentes,
772 3097 891 3150 qua:
917 3082 1166 3136 cmlorum
1199 3082 1354 3137 nobis
1382 3099 1601 3153 regnum
1642 3086 1948 3141 cauciliant.
1977 3086 2111 3140 Cum

526 3170 752 3226 horrore
783 3174 957 3242 itaque
983 3172 1299 3228 accedamus
1316 3215 1332 3241 ,
1360 3175 1555 3244 gratias
1582 3189 1799 3245 agamus
1818 3218 1834 3241 ,
1861 3190 2113 3246 procum-

525 3262 715 3319 bamus
742 3263 1056 3319 confitentes
1086 3276 1299 3334 peccata
1344 3276 1561 3330 nostra;
1590 3266 1947 3338 lacrymemur
1973 3267 2111 3322 mala

526 3365 711 3411 nostra
739 3359 1012 3428 lugentes;
1043 3360 1273 3414 intentas
1295 3375 1360 3414 ac
1386 3361 1561 3431 largas
1582 3376 1766 3430 preces
1794 3363 1903 3416 Deo
1924 3360 2113 3415 funda-

526 3461 646 3500 mus
677 3465 691 3502 :
716 3448 898 3516 sicque
937 3464 1036 3504 nos
1077 3450 1223 3518 ipsos
1262 3451 1611 3505 emnndantes
1633 3491 1648 3515 ,
1679 3451 1835 3506 tacite
1856 3491 1871 3515 ,
1900 3459 1955 3506 et
1990 3466 2113 3506 cum

527 3535 704 3592 debita
727 3539 983 3594 modestia
1006 3550 1271 3610 tamquam
1293 3542 1358 3596 ad
1378 3544 1629 3597 caelorum
1651 3557 1830 3612 regem
1853 3543 2113 3598 adeuntes

525 3629 888 3685 accedamus:
927 3642 1273 3704 sanctamque
1328 3633 1465 3689 hanc
1505 3640 1562 3689 et
1590 3634 1977 3691 immaculatam
2018 3637 2119 3691 ho-

591 3782 610 3819 ³
643 3790 773 3856 aras,
795 3788 849 3834 ut
869 3783 1146 3850 festinemus
1176 3785 1536 3852 et,spirituaha
1564 3786 1898 3854 retine-mata.
1922 3789 1990 3841 ad
2011 3801 2117 3841 cor-

525 3844 714 3906 poralia
744 3844 1074 3930 properemus.

1232 410 1290 467 Β.
1326 404 1613 466 JOANNIS
1648 399 2138 462 CHRYSOSTOMI
2180 396 2499 456 ARCHIEP.
2543 385 3087 452 CONSTANTINOP.

3699 392 3788 448 889

2213 514 2367 568 stiam
2396 514 2737 584 recipientes,
2752 514 3144 581 exosculamur,
3173 512 3342 569 oculis
3368 524 3492 568 eam
3516 514 3791 583 complexi,

2219 614 2556 675 mentemque
2590 614 2645 661 et
2679 607 2915 661 animum
2942 606 3319 671 incendamus,
3360 622 3431 661 ne
3460 608 3518 661 in
3548 607 3794 677 judicium

2217 707 2308 753 aut
2332 699 3156 765 damnationemconveniamus,
3185 699 3281 755 sed
3306 700 3357 755 in
3386 701 3587 755 animae
3617 710 3798 771 tempe-
3868 699 3876 779 j

2216 793 2462 857 rantiam,
2496 791 2549 845 in
2570 791 2930 858 dilectionem,
2960 792 3010 846 in
3040 794 3312 860 virtutem,
3343 802 3397 850 ct
3425 811 3555 851 cum
3586 797 3700 849 Deo
3726 812 3797 851 re

2216 866 2640 937 Conciliationem
2662 925 2678 951 ,
2715 885 2767 938 in
2801 899 2984 953 pacem
3029 884 3236 940 firmam
3258 928 3272 951 ,
3296 903 3360 942 ac
3399 888 3551 940 mille
3576 888 3798 958 denique

2216 973 2475 1028 bonorum
2504 976 2836 1029 occasionem
2867 992 2881 1028 :
2911 987 2965 1030 ut
2996 985 3049 1031 et
3079 993 3175 1032 nos
3202 979 3344 1047 ipsos
3374 988 3594 1032 sanctos
3617 980 3798 1034 redda-

2217 1082 2369 1134 mus,
2417 1080 2471 1123 et
2516 1069 2788 1137 proximos
2829 1069 3173 1124 aedificamus.
3219 1072 3294 1126 De
3336 1072 3419 1125 his
3458 1072 3687 1128 assidue
3720 1088 3803 1128 vo-

2217 1157 2420 1212 biscum
2460 1175 2580 1227 ago,
2619 1175 2716 1214 nec
2753 1176 2909 1230 agere
2937 1161 3211 1216 desistam.
3254 1163 3385 1229 Quze
3422 1165 3570 1217 enim
3614 1165 3805 1218 utilitas

2217 1251 2435 1304 omnino
2463 1260 2663 1306 temere
2687 1252 2788 1306 huc
2812 1268 3152 1320 concurrere,
3178 1256 3220 1308 si
3243 1255 3373 1308 nihil
3399 1256 3545 1324 quod
3568 1257 3706 1310 utile
3724 1256 3803 1322 sit,

2217 1343 2860 1410 addiscatiSYanduam,
2887 1347 3132 1409 obsecro,
3156 1347 3360 1400 lucrum
3388 1348 3569 1411 afl'ert,
3599 1364 3808 1420 semper

2217 1435 2282 1489 ad
2307 1437 2530 1505 gratiam
2559 1437 2707 1492 vobis
2729 1438 3074 1492 concioaari?
3097 1439 3263 1493 Breve
3286 1455 3526 1507 prresens
3552 1440 3663 1495 hoc
3685 1452 3808 1496 tem-
3870 1406 3876 1511 Ι

2219 1542 2316 1595 pus
2343 1536 2453 1593 est,
2482 1543 2515 1583 ο
2540 1528 2718 1583 dilecti
2748 1547 2761 1583 :
2790 1530 2953 1584 sobrii
2984 1531 3170 1594 simus,
3201 1532 3502 1601 vigilemus,
3540 1549 3646 1588 nos
3671 1533 3805 1603 ipsos
3874 1586 3875 1595 χ

2218 1633 2630 1687 componamus;
2651 1635 2809 1675 omne
2834 1621 3074 1676 benevoli
3098 1622 3261 1676 animi
3289 1624 3527 1677 studium
3553 1627 3611 1678 in
3628 1641 3807 1681 omnes

2219 1709 2425 1764 sincere
2451 1711 2827 1766 ostendamus:
2859 1713 2909 1766 in
2938 1714 3183 1768 omnibus
3213 1726 3525 1771 reverenter
3547 1733 3800 1788 agamus,

2219 1815 2312 1855 seu
2338 1800 2516 1856 divina
2534 1802 2695 1856 verba
2723 1802 2926 1867 audire,
2950 1805 3061 1859 sive
3085 1821 3260 1873 orare,
3292 1808 3405 1862 sive
3431 1808 3501 1861 ad
3537 1810 3635 1865 Dei
3666 1827 3812 1867 men—

2220 1908 2332 1947 sam
2358 1895 2633 1962 accedere,
2661 1896 2773 1952 sive
2798 1897 2938 1952 aliud
2966 1898 3093 1969 quid
3118 1898 3348 1970 denique
3381 1901 3699 1958 faciendum
3728 1906 3810 1970 sit,
3870 1878 3875 1957 λ

2219 1998 2339 2039 cum
2364 1986 2554 2041 timore
2573 2001 2636 2042 ac
2661 1989 2922 2043 tremore‘
2946 1989 2996 2043 id
3025 1989 3114 2044 fiat
3143 2008 3155 2045 :
3186 2007 3253 2046 ne
3278 1993 3603 2062 negligentia
3640 2007 3813 2051 nostra
3872 2000 3875 2091 ς

2220 2074 2645 2131 maledictionem
2691 2079 2846 2134 nobis
2881 2095 3237 2136 accersamus.
3286 2081 3603 2140 Maledictus
3645 2089 3812 2154 enim,

2220 2166 2390 2236 inquit
2416 2168 2696 2237 propheta,
2720 2171 2902 2239 omnis,
2925 2172 3013 2241 qui
3035 2173 3158 2245 facit
3179 2189 3306 2243 opus
3326 2173 3541 2229 Domini
3561 2179 3817 2250 negligen-

2221 2266 2295 2309 ter
2318 2256 2459 2326 (Jer.
2486 2258 2574 2313 48.
2600 2259 2725 2331 {0).
2753 2260 3113 2316 Tumultuatio
3133 2264 3273 2318 enim
3306 2273 3360 2319 et
3385 2266 3673 2322 iracundia
3701 2273 3722 2302 ’
3745 2271 3815 2325 ei-
3874 2312 3875 2317 η

2220 2346 2399 2401 ﬁcitur
2421 2350 2743 2405 contumelia
2786 2351 2838 2406 in
2873 2351 3099 2408 hostiam
3132 2370 3248 2423 qua:
3278 2356 3627 2425 proponitur.
3664 2360 3814 2416 Certe
3874 2354 3875 2445 χ

2220 2451 2458 2496 extrema
2477 2445 2802 2513 contemptio
2821 2453 2923 2509 est,
2945 2446 3360 2501 contaminatum
3379 2464 3439 2503 se
3453 2448 3664 2507 oﬂ‘crre
3682 2453 3815 2508 Deo:

2222 2545 2341 2584 nam
2392 2532 2516 2586 audi
2561 2533 2686 2601 quid
2730 2533 2797 2589 de
2840 2534 3031 2589 talibus
3078 2535 3220 2590 dicat
3262 2538 3584 2607 apostolus:
3621 2541 3817 2612 Siquis
3870 2554 3875 2587 t

2218 2623 2464 2692 templum
2484 2622 2581 2678 Dei
2608 2636 2917 2696 corrumpat,
2940 2627 3192 2697 disperdat
3221 2628 3365 2681 illum
3390 2627 3534 2683 Deus
3566 2630 3589 2694 (
3620 2632 3669 2684 Ι.
3699 2630 3812 2687 Cor.

2219 2715 2272 2770 5.
2301 2716 2367 2770 17
2387 2718 2425 2787 ).
2455 2716 2534 2772 Ne
2560 2732 2687 2787 ergo
2714 2732 2811 2787 pro
2829 2733 2896 2773 eo
2915 2720 3054 2789 quod
3089 2720 3253 2775 Deum
3282 2721 3436 2775 nobis
3461 2725 3814 2781 reconciliare

2218 2809 2541 2865 debebamus
2565 2853 2580 2876 ,
2623 2827 2744 2866 cum
2788 2813 2841 2867 in
2877 2829 2974 2867 nos
3004 2814 3270 2868 irritemus
3295 2832 3309 2866 :
3338 2813 3432 2870 sed
3463 2831 3697 2871 omnem
3725 2834 3814 2873 cu-
3874 2822 3875 2861 ι

2220 2916 2357 2966 ram,
2383 2902 2718 2969 munditiem,
2743 2904 3038 2975 animmque
3060 2906 3496 2976 tranquillitatem
3520 2922 3641 2977 pro:
3673 2911 3817 2964 nobis

2221 2932 2357 2966 ιιιιιι,
2383 2932 2718 2969 utulluutcm,
2743 2932 3038 2975 inmutatque
3061 2932 3496 2976 tl'ullqmtlltalcul
3520 2932 3641 2977 pra:
3673 2932 3817 2964 ηουῖδ

2219 2994 2471 3062 ferentes,
2499 3010 2619 3049 eum
2651 2997 2894 3065 precibus
2916 3009 2969 3052 et
2998 2997 3160 3052 corde
3184 2999 3414 3053 contrito
3460 3001 3808 3056 accedamus.
3872 2932 3875 3053 l

2219 3084 2291 3140 Ut
2318 3085 2418 3140 hoc
2445 3097 2596 3155 pacto
2627 3087 2905 3142 Dominum
2936 3099 3175 3143 nostrum
3204 3088 3385 3145 Jesum
3406 3088 3694 3147 Christum
3722 3109 3811 3149 no«

2219 3176 2303 3232 bis
2322 3178 2607 3249 propitium
2628 3179 2932 3243 reddentes,
2956 3180 3217 3250 promissa
3240 3182 3392 3237 nobis
3409 3183 3549 3237 bona
3571 3185 3819 3241 obtinere

2221 3268 2524 3337 possimus,
2562 3270 2729 3338 gratia
2757 3280 2811 3325 et
2852 3271 3177 3342 benignitate
3219 3273 3426 3328 Domini
3467 3281 3647 3330 nostri
3695 3277 3819 3333 Jesu

2218 3357 2437 3426 Christi,
2460 3376 2583 3415 cum
2608 3376 2713 3430 quo
2738 3361 2880 3417 Patri
2905 3378 3008 3417 una
3030 3378 3150 3419 cum
3176 3373 3359 3420 sancto
3384 3365 3593 3436 Spiritu
3625 3370 3818 3438 gloria,

2217 3460 2455 3518 potestas
2480 3491 2495 3516 ,
2523 3451 2716 3520 honor,
2744 3468 2886 3509 nunc
2908 3462 2964 3510 et
2990 3470 3223 3526 semper,
3248 3465 3304 3512 et
3327 3458 3383 3512 in
3409 3460 3609 3514 saecula
3644 3476 3820 3517 saecu-

2218 3547 2414 3604 lorum.
2440 3546 2636 3604 Amen.

3872 468 3876 497 ι

3873 656 3876 779 l

3873 782 3876 913 Ι

2283 3786 2300 3818 ι
2335 3783 2440 3843 Alii,
2464 3796 2576 3836 cson
2596 3782 2764 3836 timore
2785 3789 2833 3837 et
2851 3781 3063 3846 judicio.
3217 3841 3230 3854 _

2279 3847 2302 3879 I
2336 3845 2448 3879 ΒΑΜ
2486 3851 2533 3879 οι
2555 3845 2735 3879 rlnmnr
2757 3858 2772 3871 ο
2789 3854 2891 3879 una,
2941 3842 3269 3879 olis-mm,

2335 3842 2470 3908 Edlti,
2485 3851 2533 3897 et
2554 3842 2916 3909 clamor;ttss.,
2940 3842 3276 3897 σιὰ-Μαίη.

569 3994 3743 4041 Μ

816 4293 832 4337 ,
1068 4245 1151 4306 1N
1192 4242 1609 4307 HOMILIAM
1647 4243 1756 4303 DE
1790 4240 2111 4303 mensa

2237 4238 2556 4303 CHRISTI
2593 4239 2698 4303 ET
2730 4239 2841 4301 DE
2869 4234 3304 4301 ΕΡΙΡΗΑΝΙΔ

786 4366 818 4381 Α

637 4515 791 4575 lianc
815 4516 1094 4572 homilism
1114 4514 1305 4586 paucis
1329 4514 1531 4584 elapsis
1561 4520 1687 4585 post
1716 4511 2104 4582 praecedentem
2146 4509 2419 4569 de-Natali
2454 4508 2663 4567 Christi
2685 4508 2898 4573 diebus,
2929 4506 3190 4564 nimirum
3241 4508 3296 4563 in
3351 4506 3443 4562 die
3468 4504 3813 4577 Epiphania

566 4613 693 4667 anni
719 4613 820 4668 387
857 4611 1099 4666 habitam
1136 4608 1328 4676 fuisse,
1363 4608 1609 4678 quaedam
1638 4608 1867 4663 suadere
1894 4607 2166 4662 videntur.
2200 4604 2336 4661 Nam
2368 4603 2515 4674 quod
2550 4596 2685 4657 dicit
2716 4599 2856 4656 infra
2883 4614 3111 4656 numero
3139 4608 3376 4670 quarto:
3416 4596 3545 4653 Scio
3590 4598 3713 4664 fore
3750 4607 3819 4652 ut

565 4705 944 4777 quamplurimi
967 4702 1109 4770 apud
1147 4717 1240 4756 nos
1281 4717 1347 4756 ea:
1380 4702 1502 4771 festi
1528 4699 1900 4755 consuetudine
1929 4699 1998 4753 ad
2023 4715 2233 4753 sacram
2272 4698 2406 4751 hanc
2445 4710 2680 4750 mensam
2724 4701 3010 4747 occurrant
3033 4708 3053 4746 :
3084 4707 3210 4747 sane
3257 4691 3468 4763 quidem
3509 4694 3819 4761 expediret,

572 4798 630 4853 id
655 4797 794 4867 quod
823 4796 959 4849 alias
984 4810 1122 4864 saepe
1154 4793 1326 4847 dicere
1354 4792 1616 4860 praeverti,
1645 4791 1722 4854 ὡς
1749 4790 1842 4845 καὶ
1874 4788 2111 4849 πολλάκις

2220 4787 2317 4858 θην
2342 4784 2531 4851 εἰπών,
2567 4793 2626 4838 ut
2650 4784 2787 4853 festa
2813 4797 3139 4852 nequaquam
3163 4778 3565 4838 observarentur
3586 4784 3821 4853 quando

567 4892 955 4948 communicare
989 4906 1116 4959 opus
1148 4896 1304 4950 esset,
1345 4889 1437 4941 sed
1457 4896 1515 4941 ut
1539 4887 1858 4941 conscientia
1885 4884 2257 4947 mandaretur,
2283 4888 2412 4945 etc.,
2437 4878 2566 4933 illud
2588 4877 2766 4949 ipsum
2794 4889 2956 4945 porro
2979 4874 3191 4931 dixerat
3216 4874 3407 4942 paucis
3429 4882 3558 4929 ante
3586 4875 3821 4939 diebus,

568 4985 827 5041 nimirum
855 4984 912 5037 in
941 4983 1078 5037 festo
1117 4979 1176 5035 S.
1206 4977 1532 5049 Pbilogonii,
1562 4993 1633 5032 xx
1664 4974 1979 5032 Decembris
1996 4974 2125 5029 anni
2153 4970 2280 5032 535.
2311 4984 2463 5025 num.
2501 4969 2575 5023 24
2601 4987 2616 5023 :
2661 4966 2818 5021 Nunc
2846 4974 3023 5020 autem
3048 4964 3205 5018 multi
3234 4964 3478 5033 ﬁdelium
3511 4966 3567 5020 in
3598 4974 3829 5021 tantum

567 5079 862 5136 vecordiam
893 5088 1197 5146 tantumque
1219 5089 1398 5129 venere
1432 5080 1807 5143 contemptum,
1836 5079 1897 5125 ut
1918 5085 2038 5123 cum
2056 5066 2349 5122 innumeris
2377 5073 2615 5121 scateant
2642 5062 2821 5124 malis,
2856 5060 3160 5127 nullamque
3187 5057 3308 5114 vita:
3332 5072 3444 5111 sure
3488 5071 3691 5111 curans
3721 5062 3829 5109 he-

566 5168 743 5239 beant,
779 5175 836 5227 in
863 5172 1046 5227 diebus
1075 5170 1221 5239 festis
1258 5169 1572 5239 negligenter
1598 5185 1660 5222 ac
1698 5176 1887 5223 temere
1941 5165 2010 5219 ad
2074 5179 2306 5218 mensam
2339 5164 2473 5216 hanc
2521 5159 2791 5223 accedant,
2844 5165 2949 5212 etc.
2988 5155 3045 5209 in
3083 5155 3188 5211 hoc
3241 5156 3370 5211 item
3420 5152 3494 5207 De
3543 5154 3826 5223 baptismo

566 5268 769 5323 Christi
800 5280 1072 5329 sermone,
1103 5264 1291 5319 eodem
1330 5279 1556 5319 numero
1584 5272 1778 5332 quarto
1808 5262 1889 5317 sic
1909 5260 2102 5315 habet:
2129 5258 2411 5323 Quodnam
2449 5252 2782 5326 igitur'illud
2811 5259 3084 5322 peccatum
3099 5257 3177 5303 est
3200 5249 3226 5302 ?
3255 5246 3393 5317 quod
3416 5261 3538 5301 cum
3585 5257 3828 5301 tremore

568 5380 671 5419 non
708 5364 1041 5429 accedamus,
1076 5361 1167 5415 sed
1212 5355 1444 5413 calcibus
1495 5354 1818 5421 impetentes,
1865 5349 2228 5419 percutientes,
2276 5349 2363 5402 ira
2401 5355 2685 5415 turgentes,
2732 5344 3045 5404 clamantes,
3090 5340 3439 5396 conviciantes
3481 5339 3824 5408 proximum,

571 5457 841 5512 trudentes
870 5469 889 5507 :
910 5454 1019 5509 lucc
1040 5462 1090 5508 et
1111 5466 1247 5519 saepe
1276 5448 1415 5512 dici,
1442 5454 1491 5500 et
1514 5447 1687 5500 dicere
1708 5458 1810 5497 non
1840 5442 2074 5499 cessabo.
2101 5441 2161 5497 ln
2189 5440 2440 5496 oratione
2465 5446 2647 5495 autem
2674 5436 2745 5492 de
2766 5435 2942 5491 Natali
2966 5434 3167 5491 Christi
3198 5432 3452 5490 similiter
3474 5447 3725 5489 numero
3746 5433 3781 5485 7
3806 5449 3821 5484 :

571 5545 644 5601 Et
672 5546 741 5601 ad
761 5545 900 5617 quod
922 5560 1084 5613 nuper
1116 5542 1136 5615 (
1161 5541 1369 5599 scilicet
1389 5540 1446 5596 in
1478 5538 1617 5595 festo
1643 5537 1702 5593 S.
1729 5535 2075 5607 Philogonii)
2113 5551 2203 5591 vos
2230 5535 2536 5590 cohortatus
2567 5548 2683 5589 sum
2702 5572 2718 5598 ,
2746 5532 2817 5587 ad
2842 5532 2899 5586 id
2943 5531 3107 5586 etiam
3159 5546 3297 5585 nunc
3342 5537 3393 5583 et
3443 5530 3500 5582 in
3541 5538 3824 5599 posterum

569 5655 769 5706 semper
801 5656 887 5693 vos
914 5637 1182 5693 cohortari
1204 5652 1307 5692 non
1342 5635 1616 5692 desistam.
1655 5630 1917 5700 Quidnam
1956 5632 2052 5686 hor
2075 5633 2101 5685 1’
2146 5629 2282 5687 Cum
2316 5628 2581 5685 accessuri
2604 5628 2726 5684 estis
2790 5628 2860 5681 ad
2902 5622 3223 5681 tremendam
3262 5621 3605 5682 divinumque
3670 5620 3820 5675 illam
