3862 6232
88 463 211 523 36!

86 584 329 638 ποιοῦσι
365 582 464 654 τὴν
516 582 738 636 κόλασιν
790 584 885 639 καὶ
920 584 1017 657 τήν
1050 584 1340 655 τιμωρίαν.
1380 583 1688 653 Ἐννόησον,

84 659 151 720 ὦ
190 666 470 738 ἄνθρωπε,
521 666 681 730 ποίας
737 665 952 736 μέλλεις
1000 665 1269 720 ἅπτεσθαι
1319 666 1530 731 θυσίας,
1563 665 1693 738 ποίᾳ

86 749 507 823 προσέρχεσθαι
564 752 835 823 τραπέζῃο
866 750 1201 823 ἐνθυμήθητι
1248 752 1343 806 καὶ
1373 753 1454 805 ὅτι
1495 752 1565 822 γῆ
1616 749 1691 805 ὢν

84 837 203 890 καὶ
226 834 437 898 σποδὸς,
471 831 610 905 αἷμα
643 835 735 889 καὶ
769 836 928 906 σῶμα
957 836 1196 907 Χριστοῦ
1233 836 1689 907 μεταλαμϐάνεις.

84 921 220 974 Καὶ
248 919 512 991 βασιλέως
540 919 637 990 μὲν
664 922 745 982 εἰς
781 920 1016 990 εὐωχίαν
1045 919 1335 982 καλοῦντος
1359 920 1522 990 ὑμᾶς,
1557 919 1692 988 μετά

89 1005 276 1073 φόϐου
302 1003 671 1064 ἀνακλίνεσθε,
696 1003 789 1056 καὶ
812 1004 919 1056 τῶν
949 1003 1326 1074 προκειμένων
1351 1004 1488 1072 μετὰ
1510 1002 1692 1067 αἰδοῦς

90 1091 204 1144 καὶ
231 1089 460 1160 ἡσυχίας
492 1087 935 1159 μεταλαμϐάνετε
967 1088 1300 1156 ἐδεσμάτων·
1330 1086 1425 1139 τοῦ
1470 1086 1605 1139 Θεοῦ
1636 1087 1693 1141 δὲ

90 1172 401 1234 καλοῦντος
438 1171 529 1223 ἐπὶ
554 1171 653 1239 τὴν
683 1170 879 1223 ἑαυτοῦ
907 1170 1207 1240 τράπεζαν,
1241 1169 1333 1223 καὶ
1364 1171 1455 1222 τὸν
1497 1169 1691 1224 ἑαυτοῦ

90 1254 454 1326 προτιθέντος
489 1253 633 1313 Υίὺν,
659 1252 966 1320 ἀγγελικῶν
1015 1252 1298 1323 δυνάμεων
1354 1253 1694 1324 παρισταμέ-

91 1355 217 1390 νων
252 1336 390 1405 μετά
429 1335 595 1403 φόϐου
627 1336 719 1387 καὶ
765 1335 989 1405 τρόμου,
1024 1336 1119 1388 καὶ
1147 1334 1254 1388 τῶν
1282 1335 1561 1405 Χερουϐὶμ
1590 1352 1693 1389 κα-

86 1420 559 1476 τακαλυπτόντων
580 1418 648 1471 τὰ
670 1418 955 1489 πρόσωπα,
980 1418 1087 1470 τῶν
1110 1418 1357 1489 Σεραφὶμ
1385 1418 1694 1489 κραζόντων

88 1508 316 1578 τρόμῳ,
364 1505 571 1572 Ἄγιος,
603 1501 773 1570 ἅγιος,
812 1501 969 1570 ἅγιος
989 1501 1212 1573 Κύριοςο
1244 1502 1309 1553 σὺ
1342 1502 1585 1572 κράζεις,
1614 1503 1695 1554 εί-

90 1590 175 1642 πέ
217 1605 329 1659 μοι,
370 1588 464 1641 καὶ
512 1585 715 1657 θορυϐῇ
766 1585 904 1655 πρὸς
947 1583 1040 1654 τὴν
1075 1588 1453 1655 πνευματικὴν
1490 1584 1694 1656 ταύτην

91 1673 385 1737 ὲστίασινς
425 1669 539 1722 Οὐκ
586 1665 756 1731 οἶδας,
814 1669 897 1721 ὅτι
950 1667 1193 1738 γαλήνης
1238 1667 1319 1719 δεῖ
1358 1668 1551 1736 γέμειν
1595 1668 1694 1739 τὴν

88 1757 288 1827 ψυχὴν
318 1755 438 1808 κατ’
472 1755 678 1806 ἐκεῖνον
704 1752 796 1805 τὸν
830 1752 1055 1823 καιρόν;
1086 1752 1320 1822 Εἰρήνης
1352 1751 1552 1822 πολλῆς
1600 1752 1695 1805 καὶ

89 1839 343 1911 ἡσυχίας
377 1837 554 1909 χρεία,
575 1836 697 1905 οὐχὶ
723 1834 954 1906 θορύϐου
990 1834 1084 1888 καὶ
1106 1833 1280 1904 θυμοῦ
1311 1835 1404 1887 καὶ
1422 1835 1691 1905 ταραχῆς·

90 1924 284 1979 ταῦτα
306 1921 415 1991 γὰρ
440 1918 749 1990 ἀκάθαρτον
799 1922 945 1972 ποιεῖ
991 1919 1092 1981 τὴν
1133 1917 1465 1991 προσιοῦσαν
1493 1919 1693 1989 ψυχήν.

90 2009 208 2073 Τίς
243 2004 337 2061 οὖν
370 2006 435 2061 ἂν
459 2005 671 2075 γένοιτο
698 2004 829 2073 ἡμῖν
858 2001 1181 2074 συγγνώμη,
1214 2004 1264 2054 εἰ
1297 2004 1434 2073 μετὰ
1456 2002 1695 2057 τοσαῦτα

89 2091 483 2163 ἁμαρτήματα
516 2087 650 2158 μηδὲ
691 2086 781 2139 τὸν
814 2085 1006 2157 καιρὸν
1031 2086 1131 2155 τῆς
1163 2085 1573 2158 προσελεύσεως
1595 2101 1695 2138 κα.

91 2175 416 2249 θαρεύομεν
443 2172 552 2226 τῶν
583 2171 792 2239 ἀλόγων
837 2169 1026 2223 παθῶν
1079 2170 1333 2236 ὲκείνων;
1381 2170 1446 2221 Τί
1476 2169 1533 2224 δὲ
1557 2169 1693 2235 ὅλως

88 2258 538 2331 ἀναγκαιότερον
564 2256 672 2310 τῶν
712 2256 1119 2328 προκειμένωκ
1144 2254 1176 2323 ἢ
1206 2254 1259 2306 τί
1289 2256 1433 2324 ἡμᾶς
1450 2253 1690 2325 θορυϐεῖ,

92 2344 199 2399 ἵνα
230 2341 643 2410 σπουδάσωμεν,
674 2337 831 2391 τοῦτο
846 2338 1257 2401 καταλιπόντες,
1276 2338 1392 2390 ἐκεῖ
1406 2338 1619 2409 τρέχειν
1640 2350 1690 2402 ο;

92 2428 225 2497 Μὴ,
261 2426 452 2495 δέομαι
494 2424 588 2476 καὶ
622 2421 908 2485 ἀντιϐολῶ,
943 2419 1019 2491 μὴ
1056 2421 1366 2491 κινήσωμεν
1400 2420 1499 2491 τὴν
1521 2420 1692 2492 ὀργὴν

90 2509 203 2564 τοῦ
221 2506 357 2562 Θεοῦ
392 2506 516 2565 καθ’
546 2505 775 2559 ἑαυτῶν.
804 2504 1100 2575 Φάρμακόν
1125 2505 1240 2556 ἐστι
1270 2506 1535 2573 σωτήριον
1583 2503 1692 2556 τῶν

94 2593 398 2665 ἡμετέρων
428 2590 755 2663 τραυμάτων
783 2590 842 2641 τὸ
871 2588 1247 2661 προκείμενον,
1284 2587 1512 2650 πλοῦτός
1546 2591 1691 2641 ἐστιν

95 2676 427 2746 ἀνελλιπὴς,
460 2673 739 2745 βασιλείας
784 2671 1028 2741 οὐρανῶν
1093 2671 1362 2742 πρόξενος.
1408 2671 1691 2741 Φρίξωμεν

93 2760 293 2811 τοίνυν
320 2758 659 2827 προσιόντες,
707 2756 1212 2826 εύχαριστήσωμεν,
1267 2754 1689 2825 προσπέσωμεν,

96 2840 591 2913 ἐξομολογούμενοι
625 2839 693 2893 τὰ
717 2838 1028 2907 πταίσματα
1045 2837 1220 2907 ήμῶν,
1246 2836 1603 2908 δακρύσωμεν
1623 2837 1691 2892 τὰ

96 2929 290 2980 οἰκεῖα
324 2923 646 2985 πενθοῦντες
700 2923 866 2984 κακά,
915 2923 1153 2983 ἐκτενεῖς
1198 2921 1363 2991 εὐχὰς
1403 2921 1692 2992 ἀποδῶμεν

97 3009 187 3081 τῷ
228 3009 368 3078 Θεῷ·
416 3008 510 3061 καὶ
560 3006 702 3060 οὕτω
752 3005 1180 3078 διακαθάραντες
1216 3006 1441 3068 ἑαυτοὺς
1484 3008 1690 3076 ἡρέμα,

99 3096 201 3147 καὶ
243 3093 383 3163 μετά
404 3092 503 3163 τῆς
535 3090 916 3163 προσηκούσης
962 3087 1233 3155 εὐταξίας,
1273 3088 1346 3152 ὡς
1375 3088 1453 3159 τῷ
1484 3088 1694 3159 βασιλεῖ

104 3176 431 3249 προσιόντες
450 3174 557 3230 τῶν
579 3175 637 3228 ού
649 3174 844 3245 ρανῶν,
878 3172 1020 3227 οῦτω
1052 3172 1458 3244 προσέλθωμεν·
1489 3173 1583 3225 καὶ
1608 3173 1693 3226 δε-

106 3259 337 3330 ξάμενοι
359 3260 458 3328 τὴν
480 3258 709 3328 ἄμωμον
754 3258 850 3310 καὶ
884 3257 1043 3326 ἁγίαν
1083 3257 1273 3310 θυσίαν
1312 3256 1697 3328 καταφιλήσω-

177 3366 206 3395 ι
229 3364 341 3414 Mss.
364 3364 442 3411 ἵνα
458 3363 816 3426 σπουδάζωμεν,
840 3365 921 3413 καὶ
942 3363 1002 3411 τά
1028 3362 1322 3426 πνευματικὰ
1338 3363 1695 3425 καταλιπόντες,

104 3428 174 3485 εἷς
194 3426 259 3476 τὰ
282 3424 490 3490 σαρκικὰ
508 3424 802 3488 σπεύδωμεν.

1082 469 1170 525 DE
1210 472 1549 529 RAPTISMO
1592 473 1891 532 CHRISTI.
1929 501 2002 514 -—
2043 478 2380 537 \iONlTUM.

3266 476 3373 531 πω

1794 601 1915 655 μεν,
1943 588 2053 651 τοῖς
2074 585 2373 655 ὀφθαλμοῖς
2413 587 2893 661 περιπτυξώμεθα,
2927 586 3375 660 διαθερμάνωμεν

1790 669 2000 723 ἑαυτῶν
2042 671 2140 742 τὴν
2175 671 2437 736 διάνοιαν,
2470 673 2557 726 ἴνα
2588 673 2662 745 μὴ
2689 675 2770 738 εἰς
2822 678 2997 744 κρῖμα
3031 672 3066 743 ἦ
3097 673 3177 736 εἰς
3205 671 3376 729 κατά-

1791 769 1966 823 κριμα
1998 754 2407 826 συνερχὼμεθα,
2443 756 2557 809 ἀλλ’
2587 758 2667 820 εἰς
2690 756 3044 828 σωφροσύνην
3069 755 3266 827 ψυχῆς,
3292 759 3377 819 είς

1790 835 2032 907 ἀγάπην,
2070 840 2152 902 εἰς
2189 838 2414 909 ἀρετὴν,
2455 840 2552 893 καὶ
2584 841 2931 912 καταλλαγὴν
2970 842 3069 911 τὴν
3116 839 3249 911 πρὸς
3285 842 3377 897 τὸν

1790 918 1944 981 Θεὸν,
1973 922 2053 983 εἰς
2091 921 2314 993 εἰρήνην
2339 921 2582 991 βεϐαίαν,
2623 926 2716 976 καὶ
2758 925 2966 996 μυρίων
2995 921 3214 991 ἀγαθῶν
3247 922 3380 974 ὑπό-

1792 1001 1962 1066 θεσιν,
1995 1005 2082 1058 ἵνα
2104 1004 2198 1057 καὶ
2228 1006 2454 1069 ἑαυτοὺς
2495 1006 2835 1076 ἁγιάσωμεν,
2879 1007 3121 1069 καὶτοὺς
3148 1005 3377 1076 πλησίον

1791 1087 2257 1157 οἰκοδομήσωμεν.
2291 1088 2476 1141 Ταῦτα
2503 1091 2740 1158 συνεχῶς
2772 1089 2937 1157 λέγω,
2977 1090 3069 1142 καὶ
3099 1088 3271 1157 λέγων
3311 1088 3373 1143 οὐ

1793 1168 2092 1239 παύσομαι.
2144 1170 2210 1222 Τί
2245 1170 2353 1241 γὰρ
2392 1171 2604 1240 ὄφελος,
2643 1160 2829 1234 ἀτελῶς
2864 1174 2958 1226 καὶ
2992 1172 3112 1243 εἰκῆ
3161 1172 3377 1243 τρέχειν

1792 1252 2045 1304 ἐνταῦθα.
2072 1253 2237 1322 μηέὲν
2256 1253 2366 1305 τῶν
2389 1254 2679 1324 χρησίμων
2712 1254 3112 1325 μανθάνοντας;
3142 1257 3291 1306 ποῖον
3321 1253 3378 1305 δὲ

1794 1336 2005 1407 κέρδος,
2043 1339 2129 1390 ἀεὶ
2149 1336 2217 1389 τὰ
2258 1338 2395 1408 πρὸς
2417 1339 2574 1410 χάριν
2601 1338 2843 1410 ὁμιλείν;
2872 1340 3087 1410 Βραχὺς
3125 1340 3153 1390 ὁ
3188 1337 3381 1408 παρὼν

1794 1422 2006 1492 καιρὸς,
2048 1421 2341 1490 ἀγαπητοί·
2394 1423 2674 1491 νήφωμεν,
2728 1426 3184 1494 γρηγορήσωμεν,
3248 1437 3380 1489 συγ-

1795 1506 2153 1574 κροτήσωμεν
2202 1506 2449 1569 ἑαυτοὺς,
2494 1506 2676 1559 πᾶσαν
2723 1505 2955 1576 σπουδὴν
3007 1505 3135 1575 περὶ
3174 1506 3380 1567 πάντας

1794 1587 2028 1657 γνησίαν
2054 1586 2472 1658 ὲπιδειξώμεθα,
2515 1592 2647 1660 περὶ
2684 1591 2862 1643 πάντα
2893 1586 3175 1659 γενώμεθα
3223 1588 3381 1640 εύλα-

1795 1669 1931 1733 ϐεῖς⁹
1968 1670 2072 1725 κᾶν
2105 1671 2411 1742 ἀκροᾶσθαι
2435 1672 2543 1725 δέοι
2578 1673 2683 1725 τῶν
2704 1673 2864 1727 θείων
2906 1674 3124 1741 λογίων,
3153 1673 3257 1725 κᾶν
3287 1671 3381 1724 εθ-

1796 1756 2007 1826 χεσθαι,
2047 1755 2151 1808 κᾶν
2207 1756 2513 1827 προσιέναι,
2546 1755 2650 1809 κᾶν
2679 1756 2866 1826 ἔτερόν
2910 1774 2964 1808 τι
3012 1759 3208 1818 ποιεῖν,
3245 1756 3386 1826 μετά

1798 1838 1966 1907 φόϐου
1997 1837 2094 1891 καὶ
2122 1839 2327 1909 τρόμου
2363 1838 2521 1892 τοῦτο
2552 1839 2788 1907 γινέσθω
2834 1839 2882 1900 ι’,
2914 1840 3004 1893 ἵνα
3042 1840 3115 1910 μὴ
3139 1839 3384 1909 κατάραν

1797 1921 2236 1993 ὲπισπασώμεθα
2282 1921 2370 1974 διὰ
2425 1923 2527 1991 τῆς
2576 1923 2872 1993 ῥᾳθυμίας.
2921 1920 3386 1990 Ἐπικατάρατος

1796 2005 1928 2076 γὰρ,
1958 2005 2110 2075 φησὶ,
2143 2004 2262 2070 πᾶς
2286 2008 2319 2057 ό
2359 2005 2545 2059 ποιῶν
2568 2005 2635 2059 τὸ
2664 2007 2842 2075 ἔργον
2868 2006 2975 2060 τοῦ
2998 2006 3218 2072 Κυρίου
3245 2004 3387 2073 ἀμε-

1792 2089 1936 2155 λῶς.
1976 2090 2033 2142 '0
2065 2087 2296 2159 θόρυϐος
2323 2090 2417 2143 καὶ⁵
2444 2090 2476 2160 ἡ
2522 2089 2661 2160 ὀργὴ
2694 2100 2717 2128 ε
2748 2089 2905 2162 ὕϐρις
2929 2092 3010 2152 εἰς
3038 2089 3136 2158 τὴν
3159 2104 3386 2159 προκει-

1798 2175 1967 2246 μένην
1991 2173 2185 2225 θυσίαν
2214 2172 2444 2238 γίνεται.
2481 2172 2904 2242 Καταφρόνησις
2943 2172 3167 2241 ἐσχάτη,
3209 2187 3383 2241 μεμο-

1796 2256 2065 2326 λυσμένον
2088 2250 2237 2326 [566]
2272 2254 2465 2307 ἑαυτὸν
2504 2255 2870 2327 προσενέγκαι
2906 2253 2983 2323 τῷ
3011 2252 3150 2322 Θεῷ.
3184 2253 3385 2305 ’Ἄκου-

1797 2357 1887 2393 σον
1925 2339 1979 2391 τί
2014 2337 2142 2407 περὶ
2165 2336 2273 2389 τῶν
2298 2337 2557 2390 τοιούτων
2577 2338 2744 2407 φησὶν
2767 2340 2794 2391 ό
2833 2336 3168 2397 Ἀπόστολος·
3201 2334 3273 2387 Ei
3295 2351 3387 2401 τις

1793 2424 1902 2477 τὸν
1923 2420 2075 2476 ναόν·
2099 2419 2207 2474 τοῦ
2242 2421 2389 2475 Θεοῦ
2415 2422 2659 2491 φθείρει,
2691 2422 2897 2491 φθερεῖ
2912 2420 3126 2475 τοῦτον⁴
3159 2421 3191 2473 ό
3214 2420 3381 2485 Θεός.

1793 2508 1885 2578 Μὴ
1912 2506 2091 2559 τοίνυν
2121 2504 2241 2558 ἀντὶ
2274 2505 2623 2576 καταλλαγῆς
2663 2505 3056 2577 παροξύνωμεν
3081 2502 3173 2556 τὸν
3225 2500 3383 2564 Θεὸν,

1793 2590 1928 2644 ἀλλά
1981 2590 2162 2642 πᾶσαν
2208 2588 2527 2658 ἐπιμέλειαν
2564 2589 2661 2642 καὶ
2705 2588 2884 2641 πάντα
2924 2588 3129 2657 κόσμον
3176 2585 3384 2638 ἐπιδει-

1794 2672 2072 2743 κνύμενοι,
2102 2672 2195 2724 καὶ
2233 2671 2538 2741 ἀταραξίαν
2572 2672 2770 2742 ψυχῆς,
2808 2674 2922 2743 μετ’
2944 2672 3109 2743 εὐχῆς
3137 2673 3232 2726 καὶ
3264 2686 3387 2723 συν-

1793 2755 2161 2826 τετριμμένης
2188 2754 2420 2824 καρδίας
2453 2756 2788 2825 προσίωμεν,
2809 2755 2895 2807 ίνα
2919 2757 3014 2808 καὶ
3031 2755 3179 2827 αύτῷ
3208 2754 3386 2825 τούτῳ

1792 2840 1885 2892 τὸν
1919 2839 2198 2908 Δεσπότην
2233 2837 2391 2909 ἡμῶν
2425 2837 2635 2908 Ἰησοῦν
2677 2840 2911 2909 Χριστὸν
2937 2838 3381 2909 ἐξιλεωσάμενοι,

1794 2923 2108 2995 δυνηθῶμεν
2130 2924 2406 2985 ἐπιτυχεῖν
2431 2922 2540 2974 τῶν
2558 2923 2982 2991 ἐπηγγελμένων
2996 2924 3125 2993 ἡμῖν
3140 2922 3382 2992 ἀγαθῶν,

1796 3007 1975 3078 χάριτι
2005 3005 2098 3057 καὶ
2123 3003 2504 3075 φιλανθρωπία
2529 3006 2695 3058 αὑτοῦ
2730 3004 2826 3057 τοῦ
2852 3005 3056 3077 Κυρίου
3092 3007 3248 3077 ήμῶν
3274 3007 3383 3077 Ἰη-

1801 3088 1894 3141 σοῦ
1918 3090 1959 3140 Χ
1969 3086 2177 3159 ριστοῦ.
2224 3087 2339 3156 μεθ’
2362 3081 2423 3139 οῦ
2459 3086 2540 3157 τῷ
2562 3088 2758 3158 Πατρί,
2791 3087 2908 3159 ἅμα
2929 3088 3006 3160 τῷ
3033 3090 3175 3161 ἀγίῳ
3210 3091 3380 3145 Πνεύ-

1804 3193 1955 3247 ματι,
1989 3175 2137 3241 δόξα,
2171 3174 2393 3246 κράτος,
2433 3176 2590 3245 τιμὴ,
2623 3173 2719 3230 νῦν
2742 3177 2836 3228 καὶ
2882 3177 2988 3244 ἀεὶ,
3023 3177 3117 3231 καὶ
3150 3179 3226 3242 εἰς
3257 3181 3381 3241 τοὺς

1800 3259 2005 3323 αἰῶνας
2024 3258 2132 3311 τῶν
2165 3255 2400 3311 αἰώνων.
2440 3259 2634 3329 Ἀμήν.

1865 3364 1896 3407 ιι
1918 3363 2017 3428 Alii
2043 3364 2191 3428 φόϐου
2213 3364 2293 3411 καὶ
2318 3363 2619 3428 διακρίσεως
2638 3364 2854 3428 γινέσθω.

1870 3430 1893 3458 ο
1916 3425 2153 3477 Εὐίιῖωὶ
2177 3427 2208 3483 ἡ
2232 3426 2434 3489 κραυγή,
2454 3425 2585 3474 ωδε.
2609 3425 2691 3474 καὶ
2714 3428 2745 3482 ἠ
2772 3425 2906 3487 ὀργή.

114 4034 3354 4098 Μίδα-ΜΛ

1536 4288 1939 4351 MONITUM.

124 4599 389 4649 mensam,
428 4589 477 4634 et
512 4593 662 4632 sacra
692 4585 962 4645 mysteria,
1003 4584 1122 4624 cum
1151 4567 1336 4620 timore
1372 4580 1434 4617 ac
1464 4573 1690 4617 tremore
1729 4561 1825 4614 hoc
1866 4560 2047 4629 facite,
2079 4576 2198 4613 cum
2237 4575 2372 4624 pura
2408 4557 2750 4620 conscientia.
2790 4570 2910 4610 cum
2940 4552 3150 4625 jejunio
3174 4563 3226 4607 et
3254 4567 3376 4624 pra-

126 4680 341 4736 calione
359 4645 384 4731 εἰ
402 4692 503 4728 non
531 4671 931 4733 tumultuantes,
966 4681 1065 4718 non
1093 4662 1449 4723 calcitrantes,
1479 4675 1580 4711 non
1601 4658 1903 4727 proximum
1928 4655 2272 4726 impellentes,
2301 4664 2409 4709 etc.
2448 4652 2545 4708 llis
2574 4663 2738 4722 porro
2763 4647 3071 4716 conspectis
3119 4645 3377 4716 probabi-

96 4742 262 4827 lliter
287 4767 685 4823 existimamus.
731 4763 895 4817 hasce
922 4771 1033 4816 tres
1065 4755 1318 4813 liomilias
1347 4754 1537 4811 eodem
1564 4761 1833 4822 tempore,
1860 4752 2167 4821 paucisque
2205 4748 2543 4820 interpositis
2587 4748 2730 4802 inter
2761 4742 3007 4813 singulas
3048 4740 3244 4795 diebus
3278 4740 3380 4795 ha-

125 4864 281 4920 bitas
308 4857 497 4912 fuisse.

208 4952 268 5007 In
308 4952 409 5006 hac
437 4963 600 5020 porro
632 4946 708 5001 De
743 4946 1001 5015 baptismo
1026 4952 1076 4999 et
1114 4941 1411 5012 Epiphania
1439 4938 1641 4996 Christi
1666 4935 1949 5001 concione,
1981 4943 2268 5005 postquam
2307 4934 2564 5005 populum
2601 4949 2668 4989 au
2708 4931 2995 4989 ecclesiam
3025 4929 3381 4996 frequentan-

128 5044 266 5100 dam
294 5041 544 5095 hortatus
574 5045 681 5101 est,
712 5035 780 5091 de
808 5034 1011 5104 duplici
1035 5032 1241 5087 Christi
1283 5028 1587 5100 Epiphania
1615 5027 1746 5097 agit,
1771 5027 1839 5081 de
1872 5025 1961 5079 illa
1987 5039 2202 5094 nempe.
2229 5039 2337 5094 qua
2379 5022 2549 5094 Magis
2583 5022 2859 5094 apparuit,
2907 5021 3084 5092 deque
3107 5026 3381 5089 postrema

131 5151 251 5208 qua
279 5134 332 5187 in
363 5130 833 5187 consummatione
867 5124 1049 5184 saeculi
1074 5137 1200 5179 cum
1239 5121 1409 5192 gloria
1438 5126 1494 5173 et
1521 5117 1811 5188 splendore
1839 5124 2103 5170 venturus
2131 5122 2235 5169 est.
2284 5113 2609 5169 Miraculum
2642 5114 2839 5169 deinde
2868 5113 3013 5168 circa
3051 5124 3244 5180 aquam
3282 5108 3384 5161 ha-

133 5200 328 5303 ptismi
353 5228 637 5282 enuntiat:
679 5241 803 5280 nam
831 5238 954 5279 cum
984 5233 1173 5274 versus
1206 5216 1441 5271 mediam
1471 5221 1689 5269 noctem
1715 5213 1859 5267 diem
1893 5210 2208 5281 Epiphaniae
2243 5210 2663 5281 praecedentem,
2728 5205 2927 5276 singuli
2980 5203 3050 5259 de
3100 5214 3245 5303 aqua
3290 5200 3382 5303 illa

136 5294 402 5392 haptismi
431 5320 642 5384 latices,
669 5318 907 5387 νάματα,
939 5329 1124 5373 secum
1170 5320 1534 5381 asportarent,
1565 5323 1709 5378 aqua
1743 5309 1834 5362 illa
1862 5322 1969 5363 non
2017 5308 2495 5377 corrumpebatur,
2527 5305 2622 5362 sed
2684 5303 2897 5373 integro
2930 5314 3096 5392 anno.
3139 5294 3288 5392 _quin
3331 5300 3388 5346 ct

140 5387 371 5470 biennio
398 5419 453 5466 et
480 5410 718 5465 triennio
750 5406 1063 5476 incorrupta
1093 5404 1367 5459 manebat.
1402 5400 1579 5455 Docet
1610 5399 1801 5453 deinde
1827 5398 1959 5468 quid
1988 5398 2202 5454 intersit
2226 5396 2564 5453 discriminis
2591 5393 2732 5450 inter
2763 5392 3029 5463 baptisma
3049 5387 3387 5450 Iudaeorum,

106 5510 418 5579 .baptisma
442 5504 668 5561 Joannis
694 5514 748 5561 et
792 5504 1062 5575 baptisma
1094 5499 1320 5557 Christi.
1384 5494 1524 5552 Hinc
1572 5496 1809 5566 explicat
1838 5494 2116 5566 quomodo
2165 5494 2419 5551 Christus
2465 5491 2773 5564 impleverit
2822 5501 3039 5579 omnem
3072 5482 3389 5554 justitiam;

144 5576 479 5668 demumque
503 5595 709 5651 claudit
737 5596 987 5651 hortatus
1017 5592 1275 5664 populum
1310 5596 1369 5644 ut
1395 5603 1610 5663 magna,
1632 5603 1758 5646 cum
1785 5587 2089 5644 reverentia
2114 5588 2185 5645 ad
2214 5586 2498 5645 tremenda
2532 5581 2794 5658 mysteria
2834 5576 3119 5634 accedant.

218 5689 601 5761 lnterpretatio
624 5688 816 5745 Latina
849 5697 933 5745 est
968 5684 1257 5742 Frontonis
1296 5682 1497 5739 Ducei.
