  <div class='ocr_page' id='page_1' title='image "/cluster/home/n/w/nwhite01/storage/ocr_20150623/49/mdp.39015028539461/361.png"; bbox 0 0 3906 6224; ppageno 0'>
   <div class='ocr_carea' id='block_1_1' title="bbox 600 431 708 486">
    <p class='ocr_par' dir='ltr' id='par_1_1' title="bbox 600 431 708 486">
     <span class='ocr_line' id='line_1_1' title="bbox 600 431 708 486; baseline -0.009 0"><span class='ocrx_word' id='word_1_1' title='bbox 600 431 708 486; x_wconf 72' lang='grc'><em>365</em></span> 
     </span>
    </p>
   </div>
   <div class='ocr_carea' id='block_1_2' title="bbox 1275 431 3798 505">
    <p class='ocr_par' dir='ltr' id='par_1_2' title="bbox 1275 431 3798 505">
     <span class='ocr_line' id='line_1_2' title="bbox 1275 431 3798 505; baseline 0.003 -17"><span class='ocrx_word' id='word_1_2' title='bbox 1275 432 1330 488; x_wconf 82' lang='grc'><em>5.</em></span> <span class='ocrx_word' id='word_1_3' title='bbox 1370 432 1652 505; x_wconf 75' lang='lat' dir='ltr'><em>JOANNIS</em></span> <span class='ocrx_word' id='word_1_4' title='bbox 1692 435 2186 493; x_wconf 72' lang='lat' dir='ltr'><em>CHRYSOSTOMI</em></span> <span class='ocrx_word' id='word_1_5' title='bbox 2219 434 2541 492; x_wconf 81' lang='lat' dir='ltr'><em>ARCHIEP.</em></span> <span class='ocrx_word' id='word_1_6' title='bbox 2580 431 3127 492; x_wconf 74' lang='lat' dir='ltr'><em>CONSTANTINOP.</em></span> <span class='ocrx_word' id='word_1_7' title='bbox 3727 438 3798 496; x_wconf 65' lang='grc'><em>564</em></span> 
     </span>
    </p>
   </div>
   <div class='ocr_carea' id='block_1_3' title="bbox 665 1152 3853 1240">
    <p class='ocr_par' dir='ltr' id='par_1_3' title="bbox 665 1152 3853 1240">
     <span class='ocr_line' id='line_1_3' title="bbox 665 1152 3853 1240; baseline 0.001 -32"><span class='ocrx_word' id='word_1_8' title='bbox 665 1152 816 1225; x_wconf 77' lang='lat'><em>[367]</em></span> <span class='ocrx_word' id='word_1_9' title='bbox 855 1165 879 1192; x_wconf 73' lang='grc'><strong><em>³</em></strong></span> <span class='ocrx_word' id='word_1_10' title='bbox 913 1153 1067 1221; x_wconf 77' lang='grc' dir='ltr'><em>Πρὸς</em></span> <span class='ocrx_word' id='word_1_11' title='bbox 1099 1153 1239 1219; x_wconf 87' lang='grc' dir='ltr'><em>τοὺς</em></span> <span class='ocrx_word' id='word_1_12' title='bbox 1285 1153 1890 1224; x_wconf 76' lang='grc' dir='ltr'><em>ἀπολιμπανομένους</em></span> <span class='ocrx_word' id='word_1_13' title='bbox 1918 1153 2037 1207; x_wconf 88' lang='grc' dir='ltr'><em>τῶν</em></span> <span class='ocrx_word' id='word_1_14' title='bbox 2060 1155 2234 1209; x_wconf 83' lang='grc' dir='ltr'><em>θείων</em></span> <span class='ocrx_word' id='word_1_15' title='bbox 2265 1155 2602 1220; x_wconf 79' lang='grc' dir='ltr'><em>συνάξεων,</em></span> <span class='ocrx_word' id='word_1_16' title='bbox 2639 1155 2737 1209; x_wconf 83' lang='grc' dir='ltr'><em>καί</em></span> <span class='ocrx_word' id='word_1_17' title='bbox 2791 1156 2877 1222; x_wconf 82' lang='grc' dir='ltr'><em>είς</em></span> <span class='ocrx_word' id='word_1_18' title='bbox 2898 1156 2963 1210; x_wconf 85' lang='grc' dir='ltr'><em>τὸ</em></span> <span class='ocrx_word' id='word_1_19' title='bbox 2985 1155 3155 1226; x_wconf 77' lang='grc' dir='ltr'><em>ἅγιον</em></span> <span class='ocrx_word' id='word_1_20' title='bbox 3185 1156 3282 1210; x_wconf 80' lang='grc' dir='ltr'><em>καί</em></span> <span class='ocrx_word' id='word_1_21' title='bbox 3304 1156 3606 1224; x_wconf 80' lang='grc' dir='ltr'><em>σωτήριον</em></span> <span class='ocrx_word' id='word_1_22' title='bbox 3627 1155 3799 1220; x_wconf 61' lang='grc' dir='ltr'><em>,βάνττι-</em></span> <span class='ocrx_word' id='word_1_23' title='bbox 3852 1233 3853 1240; x_wconf 10' lang='grc' dir='ltr'><em>γ</em></span> 
     </span>
    </p>
   </div>
   <div class='ocr_carea' id='block_1_4' title="bbox 663 1243 3797 1326">
    <p class='ocr_par' dir='ltr' id='par_1_4' title="bbox 663 1243 3797 1326">
     <span class='ocr_line' id='line_1_4' title="bbox 663 1243 3797 1326; baseline 0.001 -30"><span class='ocrx_word' id='word_1_24' title='bbox 663 1259 785 1311; x_wconf 85' lang='grc' dir='ltr'><em>σμα</em></span> <span class='ocrx_word' id='word_1_25' title='bbox 839 1243 942 1296; x_wconf 86' lang='grc' dir='ltr'><em>τοῦ</em></span> <span class='ocrx_word' id='word_1_26' title='bbox 994 1243 1258 1312; x_wconf 83' lang='grc' dir='ltr'><em>Σωτῆρος</em></span> <span class='ocrx_word' id='word_1_27' title='bbox 1320 1244 1477 1313; x_wconf 75' lang='grc' dir='ltr'><em>ἡμῶν</em></span> <span class='ocrx_word' id='word_1_28' title='bbox 1558 1245 1758 1311; x_wconf 83' lang='grc' dir='ltr'><em>Ἰησοῦ</em></span> <span class='ocrx_word' id='word_1_29' title='bbox 1796 1246 2072 1313; x_wconf 79' lang='grc' dir='ltr'><em>Χριστοῦ,</em></span> <span class='ocrx_word' id='word_1_30' title='bbox 2125 1245 2224 1299; x_wconf 80' lang='grc' dir='ltr'><em>καὶ</em></span> <span class='ocrx_word' id='word_1_31' title='bbox 2283 1244 2575 1326; x_wconf 74' lang='grc' dir='ltr'><em>περὶτῶν</em></span> <span class='ocrx_word' id='word_1_32' title='bbox 2621 1247 2880 1313; x_wconf 79' lang='grc' dir='ltr'><em>ἀναξίως</em></span> <span class='ocrx_word' id='word_1_33' title='bbox 2936 1250 3414 1311; x_wconf 78' lang='grc' dir='ltr'><em>κοινωνούντων,</em></span> <span class='ocrx_word' id='word_1_34' title='bbox 3474 1247 3574 1300; x_wconf 77' lang='grc' dir='ltr'><em>καί</em></span> <span class='ocrx_word' id='word_1_35' title='bbox 3634 1248 3714 1301; x_wconf 89' lang='grc' dir='ltr'><em>ὅτι</em></span> <span class='ocrx_word' id='word_1_36' title='bbox 3761 1250 3797 1299; x_wconf 88' lang='grc' dir='ltr'><em>οί</em></span> 
     </span>
    </p>
   </div>
   <div class='ocr_carea' id='block_1_5' title="bbox 661 1333 3802 1409">
    <p class='ocr_par' dir='ltr' id='par_1_5' title="bbox 661 1333 3802 1409">
     <span class='ocr_line' id='line_1_5' title="bbox 661 1333 3802 1409; baseline 0.004 -24"><span class='ocrx_word' id='word_1_37' title='bbox 661 1335 988 1388; x_wconf 74' lang='grc' dir='ltr'><em>ἀτέλεστον</em></span> <span class='ocrx_word' id='word_1_38' title='bbox 1022 1333 1569 1402; x_wconf 74' lang='grc' dir='ltr'><em>καταλιμπάνοντες</em></span> <span class='ocrx_word' id='word_1_39' title='bbox 1615 1335 1730 1403; x_wconf 82' lang='grc' dir='ltr'><em>τὴν</em></span> <span class='ocrx_word' id='word_1_40' title='bbox 1771 1337 1936 1391; x_wconf 85' lang='grc' dir='ltr'><em>θείαν</em></span> <span class='ocrx_word' id='word_1_41' title='bbox 1967 1337 2360 1405; x_wconf 77' lang='grc' dir='ltr'><em>λειτουργίαν,</em></span> <span class='ocrx_word' id='word_1_42' title='bbox 2412 1339 2514 1392; x_wconf 79' lang='grc' dir='ltr'><em>καί</em></span> <span class='ocrx_word' id='word_1_43' title='bbox 2555 1339 2668 1408; x_wconf 79' lang='grc' dir='ltr'><em>πρὸ</em></span> <span class='ocrx_word' id='word_1_44' title='bbox 2715 1337 2826 1408; x_wconf 84' lang='grc' dir='ltr'><em>τῆς</em></span> <span class='ocrx_word' id='word_1_45' title='bbox 2851 1341 3194 1406; x_wconf 74' lang='grc' dir='ltr'><em>τελευταίας</em></span> <span class='ocrx_word' id='word_1_46' title='bbox 3230 1337 3419 1408; x_wconf 82' lang='grc' dir='ltr'><strong><em>εὐχῆς</em></strong></span> <span class='ocrx_word' id='word_1_47' title='bbox 3445 1339 3802 1409; x_wconf 70' lang='grc' dir='ltr'><em>ἐξερχόμενοι,</em></span> 
     </span>
    </p>
   </div>
   <div class='ocr_carea' id='block_1_6' title="bbox 661 1423 1658 1496">
    <p class='ocr_par' dir='ltr' id='par_1_6' title="bbox 661 1423 1658 1496">
     <span class='ocr_line' id='line_1_6' title="bbox 661 1423 1658 1496; baseline 0.001 -17"><span class='ocrx_word' id='word_1_48' title='bbox 661 1423 768 1479; x_wconf 84' lang='grc' dir='ltr'><em>τόν</em></span> <span class='ocrx_word' id='word_1_49' title='bbox 817 1426 1047 1481; x_wconf 79' lang='grc' dir='ltr'><em>Ἰούδαν</em></span> <span class='ocrx_word' id='word_1_50' title='bbox 1069 1427 1406 1496; x_wconf 81' lang='grc' dir='ltr'><em>μιμοῦνται,</em></span> <span class='ocrx_word' id='word_1_51' title='bbox 1459 1426 1658 1495; x_wconf 76' lang='grc' dir='ltr'><em>λόγος.</em></span> 
     </span>
    </p>
   </div>
   <div class='ocr_carea' id='block_1_7' title="bbox 657 2052 2157 2128">
    <p class='ocr_par' dir='ltr' id='par_1_7' title="bbox 657 2052 2157 2128">
     <span class='ocr_line' id='line_1_7' title="bbox 657 2052 2157 2128; baseline 0.001 -23"><span class='ocrx_word' id='word_1_52' title='bbox 657 2060 725 2106; x_wconf 85' lang='grc' dir='ltr'><em>α’.</em></span> <span class='ocrx_word' id='word_1_53' title='bbox 749 2055 956 2121; x_wconf 82' lang='grc' dir='ltr'><em>Πάντες</em></span> <span class='ocrx_word' id='word_1_54' title='bbox 973 2057 1128 2126; x_wconf 84' lang='grc' dir='ltr'>ὑμεῖς</span> <span class='ocrx_word' id='word_1_55' title='bbox 1148 2058 1204 2109; x_wconf 83' lang='grc' dir='ltr'><em>ἐν</em></span> <span class='ocrx_word' id='word_1_56' title='bbox 1218 2056 1447 2126; x_wconf 75' lang='grc' dir='ltr'><em>εὐθυμία</em></span> <span class='ocrx_word' id='word_1_57' title='bbox 1467 2056 1530 2125; x_wconf 89' lang='grc' dir='ltr'><em>τή</em></span> <span class='ocrx_word' id='word_1_58' title='bbox 1541 2052 1838 2128; x_wconf 84' lang='grc' dir='ltr'><em>μερον,ἐγὼ</em></span> <span class='ocrx_word' id='word_1_59' title='bbox 1852 2053 1908 2108; x_wconf 78' lang='grc' dir='ltr'><em>δὲ</em></span> <span class='ocrx_word' id='word_1_60' title='bbox 1927 2055 1983 2106; x_wconf 90' lang='grc' dir='ltr'><em>ἐν</em></span> <span class='ocrx_word' id='word_1_61' title='bbox 1997 2053 2157 2125; x_wconf 82' lang='grc' dir='ltr'><em>ὀδύνῃ</em></span> 
     </span>
    </p>
   </div>
   <div class='ocr_carea' id='block_1_8' title="bbox 590 2137 2159 2210">
    <p class='ocr_par' dir='ltr' id='par_1_8' title="bbox 590 2137 2159 2210">
     <span class='ocr_line' id='line_1_8' title="bbox 590 2137 2159 2210; baseline 0.003 -24"><span class='ocrx_word' id='word_1_62' title='bbox 590 2137 768 2205; x_wconf 81' lang='grc' dir='ltr'><em>μόνος.</em></span> <span class='ocrx_word' id='word_1_63' title='bbox 799 2138 968 2193; x_wconf 79' lang='grc' dir='ltr'><em>Ὅταν</em></span> <span class='ocrx_word' id='word_1_64' title='bbox 1013 2140 1122 2210; x_wconf 75' lang='grc' dir='ltr'><em>γὰρ</em></span> <span class='ocrx_word' id='word_1_65' title='bbox 1177 2142 1255 2203; x_wconf 87' lang='grc' dir='ltr'><em>είς</em></span> <span class='ocrx_word' id='word_1_66' title='bbox 1298 2140 1358 2191; x_wconf 89' lang='grc' dir='ltr'><em>τὸ</em></span> <span class='ocrx_word' id='word_1_67' title='bbox 1398 2139 1633 2207; x_wconf 88' lang='grc' dir='ltr'><em>πέλαγος</em></span> <span class='ocrx_word' id='word_1_68' title='bbox 1677 2139 1853 2191; x_wconf 86' lang='grc' dir='ltr'>ἀπίδω</span> <span class='ocrx_word' id='word_1_69' title='bbox 1895 2137 2051 2190; x_wconf 91' lang='grc' dir='ltr'><em>τοῦτο</em></span> <span class='ocrx_word' id='word_1_70' title='bbox 2099 2138 2159 2190; x_wconf 86' lang='grc' dir='ltr'><em>τὸ</em></span> 
     </span>
    </p>
   </div>
   <div class='ocr_carea' id='block_1_9' title="bbox 586 2219 2161 2293">
    <p class='ocr_par' dir='ltr' id='par_1_9' title="bbox 586 2219 2161 2293">
     <span class='ocr_line' id='line_1_9' title="bbox 586 2219 2161 2293; baseline 0.002 -23"><span class='ocrx_word' id='word_1_71' title='bbox 586 2222 970 2288; x_wconf 76' lang='grc' dir='ltr'><em>πνευματικὸν,</em></span> <span class='ocrx_word' id='word_1_72' title='bbox 996 2224 1087 2275; x_wconf 79' lang='grc' dir='ltr'><em>καὶ</em></span> <span class='ocrx_word' id='word_1_73' title='bbox 1113 2223 1202 2274; x_wconf 88' lang='grc' dir='ltr'><em>τὸν</em></span> <span class='ocrx_word' id='word_1_74' title='bbox 1235 2223 1460 2293; x_wconf 85' lang='grc' dir='ltr'><em>ἄπειρον</em></span> <span class='ocrx_word' id='word_1_75' title='bbox 1482 2222 1580 2291; x_wconf 81' lang='grc' dir='ltr'><em>τῆς</em></span> <span class='ocrx_word' id='word_1_76' title='bbox 1609 2220 1932 2291; x_wconf 86' lang='grc' dir='ltr'><em>Ἑκκλησίας</em></span> <span class='ocrx_word' id='word_1_77' title='bbox 1954 2219 2161 2273; x_wconf 89' lang='grc' dir='ltr'><em>θεάσω-</em></span> 
     </span>
    </p>
   </div>
   <div class='ocr_carea' id='block_1_10' title="bbox 587 2301 2156 2374">
    <p class='ocr_par' dir='ltr' id='par_1_10' title="bbox 587 2301 2156 2374">
     <span class='ocr_line' id='line_1_10' title="bbox 587 2301 2156 2374; baseline 0 -20"><span class='ocrx_word' id='word_1_78' title='bbox 587 2320 684 2372; x_wconf 85' lang='grc' dir='ltr'><em>μαι</em></span> <span class='ocrx_word' id='word_1_79' title='bbox 725 2303 972 2368; x_wconf 87' lang='grc' dir='ltr'><em>πλοῦτον,</em></span> <span class='ocrx_word' id='word_1_80' title='bbox 1004 2302 1121 2358; x_wconf 80' lang='grc' dir='ltr'><em>εἶτα</em></span> <span class='ocrx_word' id='word_1_81' title='bbox 1163 2305 1467 2374; x_wconf 84' lang='grc' dir='ltr'><em>λογίσωμαι</em></span> <span class='ocrx_word' id='word_1_82' title='bbox 1493 2305 1573 2357; x_wconf 80' lang='grc' dir='ltr'><em>ὅτι</em></span> <span class='ocrx_word' id='word_1_83' title='bbox 1596 2303 1696 2373; x_wconf 81' lang='grc' dir='ltr'><em>τῆς</em></span> <span class='ocrx_word' id='word_1_84' title='bbox 1734 2304 1926 2374; x_wconf 81' lang='grc' dir='ltr'><em>ἑορτῆς</em></span> <span class='ocrx_word' id='word_1_85' title='bbox 1953 2301 2156 2374; x_wconf 87' lang='grc' dir='ltr'><em>παρελ-</em></span> 
     </span>
    </p>
   </div>
   <div class='ocr_carea' id='block_1_11' title="bbox 585 2384 2155 2458">
    <p class='ocr_par' dir='ltr' id='par_1_11' title="bbox 585 2384 2155 2458">
     <span class='ocr_line' id='line_1_11' title="bbox 585 2384 2155 2458; baseline 0.002 -23"><span class='ocrx_word' id='word_1_86' title='bbox 585 2384 805 2455; x_wconf 88' lang='grc' dir='ltr'><em>θούσης,</em></span> <span class='ocrx_word' id='word_1_87' title='bbox 830 2388 925 2439; x_wconf 79' lang='grc' dir='ltr'><em>καὶ</em></span> <span class='ocrx_word' id='word_1_88' title='bbox 954 2387 1014 2440; x_wconf 85' lang='grc' dir='ltr'><em>τὸ</em></span> <span class='ocrx_word' id='word_1_89' title='bbox 1045 2387 1248 2458; x_wconf 85' lang='grc' dir='ltr'><em>πλῆθος</em></span> <span class='ocrx_word' id='word_1_90' title='bbox 1275 2389 1404 2456; x_wconf 84' lang='grc' dir='ltr'><em>ἡμῖν</em></span> <span class='ocrx_word' id='word_1_91' title='bbox 1424 2385 1582 2439; x_wconf 87' lang='grc' dir='ltr'><em>τοῦτο</em></span> <span class='ocrx_word' id='word_1_92' title='bbox 1616 2385 1778 2439; x_wconf 88' lang='grc' dir='ltr'><em>πάλιν</em></span> <span class='ocrx_word' id='word_1_93' title='bbox 1799 2385 2155 2456; x_wconf 79' lang='grc' dir='ltr'><em>ἀποπηδῆσαν</em></span> 
     </span>
    </p>
   </div>
   <div class='ocr_carea' id='block_1_12' title="bbox 583 2468 2155 2541">
    <p class='ocr_par' dir='ltr' id='par_1_12' title="bbox 583 2468 2155 2541">
     <span class='ocr_line' id='line_1_12' title="bbox 583 2468 2155 2541; baseline -0.001 -21"><span class='ocrx_word' id='word_1_94' title='bbox 583 2468 880 2536; x_wconf 76' lang='grc' dir='ltr'><em>οἰχήσεται,</em></span> <span class='ocrx_word' id='word_1_95' title='bbox 904 2471 1168 2541; x_wconf 88' lang='grc' dir='ltr'><em>δάκνομαι</em></span> <span class='ocrx_word' id='word_1_96' title='bbox 1190 2471 1283 2524; x_wconf 74' lang='grc' dir='ltr'><em>καὶ</em></span> <span class='ocrx_word' id='word_1_97' title='bbox 1311 2469 1582 2540; x_wconf 81' lang='grc' dir='ltr'><em>ὀδυνῶμαι</em></span> <span class='ocrx_word' id='word_1_98' title='bbox 1607 2469 1705 2540; x_wconf 79' lang='grc' dir='ltr'><em>τὴν</em></span> <span class='ocrx_word' id='word_1_99' title='bbox 1735 2469 1933 2539; x_wconf 79' lang='grc' dir='ltr'><em>ψυχὴν,</em></span> <span class='ocrx_word' id='word_1_100' title='bbox 1959 2469 2042 2521; x_wconf 84' lang='grc' dir='ltr'><em>ὅτι</em></span> <span class='ocrx_word' id='word_1_101' title='bbox 2066 2484 2155 2519; x_wconf 65' lang='grc' dir='ltr'><em>τοι-</em></span> 
     </span>
    </p>
   </div>
   <div class='ocr_carea' id='block_1_13' title="bbox 587 2549 2156 2622">
    <p class='ocr_par' dir='ltr' id='par_1_13' title="bbox 587 2549 2156 2622">
     <span class='ocr_line' id='line_1_13' title="bbox 587 2549 2156 2622; baseline 0.001 -23"><span class='ocrx_word' id='word_1_102' title='bbox 587 2549 762 2601; x_wconf 89' lang='grc' dir='ltr'><em>σαῦτα</em></span> <span class='ocrx_word' id='word_1_103' title='bbox 783 2551 1018 2604; x_wconf 87' lang='grc' dir='ltr'><em>τεκοῦσα</em></span> <span class='ocrx_word' id='word_1_104' title='bbox 1051 2553 1219 2606; x_wconf 90' lang='grc' dir='ltr'><em>τέκνα</em></span> <span class='ocrx_word' id='word_1_105' title='bbox 1253 2555 1285 2622; x_wconf 82' lang='grc' dir='ltr'>ἡ</span> <span class='ocrx_word' id='word_1_106' title='bbox 1329 2551 1645 2622; x_wconf 77' lang='grc' dir='ltr'><em>Ἐκκλησία,</em></span> <span class='ocrx_word' id='word_1_107' title='bbox 1670 2551 1731 2604; x_wconf 85' lang='grc' dir='ltr'><em>οὺ</em></span> <span class='ocrx_word' id='word_1_108' title='bbox 1759 2550 1880 2604; x_wconf 88' lang='grc' dir='ltr'><em>καθ’</em></span> <span class='ocrx_word' id='word_1_109' title='bbox 1917 2550 2156 2620; x_wconf 82' lang='grc' dir='ltr'><em>ἑκάστην</em></span> 
     </span>
    </p>
   </div>
   <div class='ocr_carea' id='block_1_14' title="bbox 585 2631 2153 2704">
    <p class='ocr_par' dir='ltr' id='par_1_14' title="bbox 585 2631 2153 2704">
     <span class='ocr_line' id='line_1_14' title="bbox 585 2631 2153 2704; baseline 0.001 -21"><span class='ocrx_word' id='word_1_110' title='bbox 585 2631 800 2695; x_wconf 81' lang='grc' dir='ltr'><em>σύναξιν</em></span> <span class='ocrx_word' id='word_1_111' title='bbox 834 2635 1124 2688; x_wconf 84' lang='grc' dir='ltr'><em>ἀπολαύειν</em></span> <span class='ocrx_word' id='word_1_112' title='bbox 1152 2634 1332 2688; x_wconf 79' lang='grc' dir='ltr'><em>αὐτῶν</em></span> <span class='ocrx_word' id='word_1_113' title='bbox 1363 2634 1607 2698; x_wconf 88' lang='grc' dir='ltr'><em>δύναται,</em></span> <span class='ocrx_word' id='word_1_114' title='bbox 1636 2634 1750 2686; x_wconf 90' lang='grc' dir='ltr'><em>ἀλλ’</em></span> <span class='ocrx_word' id='word_1_115' title='bbox 1783 2635 1839 2685; x_wconf 83' lang='grc' dir='ltr'><em>ἐν</em></span> <span class='ocrx_word' id='word_1_116' title='bbox 1861 2635 2020 2704; x_wconf 81' lang='grc' dir='ltr'><em>ἑορτῇ</em></span> <span class='ocrx_word' id='word_1_117' title='bbox 2053 2631 2153 2702; x_wconf 86' lang='grc' dir='ltr'><em>μό-</em></span> 
     </span>
    </p>
   </div>
   <div class='ocr_carea' id='block_1_15' title="bbox 585 2713 2151 2788">
    <p class='ocr_par' dir='ltr' id='par_1_15' title="bbox 585 2713 2151 2788">
     <span class='ocr_line' id='line_1_15' title="bbox 585 2713 2151 2788; baseline -0.001 -20"><span class='ocrx_word' id='word_1_118' title='bbox 585 2734 692 2769; x_wconf 87' lang='grc' dir='ltr'><em>νον.</em></span> <span class='ocrx_word' id='word_1_119' title='bbox 728 2717 896 2771; x_wconf 68' lang='grc' dir='ltr'><em>Πόσον</em></span> <span class='ocrx_word' id='word_1_120' title='bbox 929 2714 998 2788; x_wconf 84' lang='grc' dir='ltr'><em>ἦν</em></span> <span class='ocrx_word' id='word_1_121' title='bbox 1044 2717 1354 2788; x_wconf 86' lang='grc' dir='ltr'><em>ἀγαλλίαμα</em></span> <span class='ocrx_word' id='word_1_122' title='bbox 1401 2717 1783 2787; x_wconf 86' lang='grc' dir='ltr'><em>πνευματικὸν,</em></span> <span class='ocrx_word' id='word_1_123' title='bbox 1815 2716 1954 2784; x_wconf 87' lang='grc' dir='ltr'><em>πόση</em></span> <span class='ocrx_word' id='word_1_124' title='bbox 1987 2713 2151 2785; x_wconf 88' lang='grc' dir='ltr'><em>χαρά,</em></span> 
     </span>
    </p>
   </div>
   <div class='ocr_carea' id='block_1_16' title="bbox 585 2796 2156 2870">
    <p class='ocr_par' dir='ltr' id='par_1_16' title="bbox 585 2796 2156 2870">
     <span class='ocr_line' id='line_1_16' title="bbox 585 2796 2156 2870; baseline -0.001 -19"><span class='ocrx_word' id='word_1_125' title='bbox 585 2801 724 2869; x_wconf 82' lang='grc' dir='ltr'><em>πόση</em></span> <span class='ocrx_word' id='word_1_126' title='bbox 745 2800 873 2866; x_wconf 81' lang='grc' dir='ltr'><em>δόξα</em></span> <span class='ocrx_word' id='word_1_127' title='bbox 905 2799 1062 2864; x_wconf 86' lang='grc' dir='ltr'><em>Θεοῦ,</em></span> <span class='ocrx_word' id='word_1_128' title='bbox 1097 2800 1237 2869; x_wconf 88' lang='grc' dir='ltr'><em>πόση</em></span> <span class='ocrx_word' id='word_1_129' title='bbox 1283 2798 1468 2870; x_wconf 81' lang='grc' dir='ltr'>ψυχῶν</span> <span class='ocrx_word' id='word_1_130' title='bbox 1497 2798 1754 2866; x_wconf 86' lang='grc' dir='ltr'><em>ὠφέλεια,</em></span> <span class='ocrx_word' id='word_1_131' title='bbox 1787 2799 1836 2850; x_wconf 85' lang='grc' dir='ltr'><em>εί</em></span> <span class='ocrx_word' id='word_1_132' title='bbox 1876 2797 1999 2850; x_wconf 81' lang='grc' dir='ltr'><em>καθ’</em></span> <span class='ocrx_word' id='word_1_133' title='bbox 2027 2796 2156 2850; x_wconf 87' lang='grc' dir='ltr'><em>ἐκά-</em></span> 
     </span>
    </p>
   </div>
   <div class='ocr_carea' id='block_1_17' title="bbox 585 2878 2154 2954">
    <p class='ocr_par' dir='ltr' id='par_1_17' title="bbox 585 2878 2154 2954">
     <span class='ocr_line' id='line_1_17' title="bbox 585 2878 2154 2954; baseline -0.002 -21"><span class='ocrx_word' id='word_1_134' title='bbox 585 2897 716 2952; x_wconf 85' lang='grc' dir='ltr'><em>στην</em></span> <span class='ocrx_word' id='word_1_135' title='bbox 757 2883 974 2949; x_wconf 77' lang='grc' dir='ltr'><em>σύναξιν</em></span> <span class='ocrx_word' id='word_1_136' title='bbox 1011 2883 1154 2936; x_wconf 73' lang='grc' dir='ltr'><em>οὕτω</em></span> <span class='ocrx_word' id='word_1_137' title='bbox 1201 2881 1663 2954; x_wconf 80' lang='grc' dir='ltr'><em>πεπληρωμένους</em></span> <span class='ocrx_word' id='word_1_138' title='bbox 1709 2879 1970 2950; x_wconf 89' lang='grc' dir='ltr'><em>ἐωρῶμεν</em></span> <span class='ocrx_word' id='word_1_139' title='bbox 2028 2878 2154 2942; x_wconf 82' lang='grc' dir='ltr'><em>τοὺς</em></span> 
     </span>
    </p>
   </div>
   <div class='ocr_carea' id='block_1_18' title="bbox 584 2961 2153 3036">
    <p class='ocr_par' dir='ltr' id='par_1_18' title="bbox 584 2961 2153 3036">
     <span class='ocr_line' id='line_1_18' title="bbox 584 2961 2153 3036; baseline -0.001 -21"><span class='ocrx_word' id='word_1_140' title='bbox 584 2964 903 3033; x_wconf 82' lang='grc' dir='ltr'><em>περιϐόλους</em></span> <span class='ocrx_word' id='word_1_141' title='bbox 931 2965 1032 3034; x_wconf 78' lang='grc' dir='ltr'><em>τῆς</em></span> <span class='ocrx_word' id='word_1_142' title='bbox 1068 2965 1398 3036; x_wconf 84' lang='grc' dir='ltr'><em>ἐκκλησίας;</em></span> <span class='ocrx_word' id='word_1_143' title='bbox 1432 2965 1547 3018; x_wconf 91' lang='grc' dir='ltr'><em>Νῦν</em></span> <span class='ocrx_word' id='word_1_144' title='bbox 1595 2963 1651 3016; x_wconf 86' lang='grc' dir='ltr'><em>δὲ</em></span> <span class='ocrx_word' id='word_1_145' title='bbox 1692 2962 1884 3016; x_wconf 89' lang='grc' dir='ltr'><em>ναῦται</em></span> <span class='ocrx_word' id='word_1_146' title='bbox 1916 2962 2014 3032; x_wconf 84' lang='grc' dir='ltr'><em>μὲν</em></span> <span class='ocrx_word' id='word_1_147' title='bbox 2060 2961 2153 3014; x_wconf 77' lang='grc' dir='ltr'><em>καὶ</em></span> 
     </span>
    </p>
   </div>
   <div class='ocr_carea' id='block_1_19' title="bbox 583 3044 2154 3120">
    <p class='ocr_par' dir='ltr' id='par_1_19' title="bbox 583 3044 2154 3120">
     <span class='ocr_line' id='line_1_19' title="bbox 583 3044 2154 3120; baseline -0.001 -22"><span class='ocrx_word' id='word_1_148' title='bbox 583 3047 912 3120; x_wconf 87' lang='grc' dir='ltr'><em>κυϐερνῆται</em></span> <span class='ocrx_word' id='word_1_149' title='bbox 945 3049 1123 3101; x_wconf 89' lang='grc' dir='ltr'><em>πάντα</em></span> <span class='ocrx_word' id='word_1_150' title='bbox 1157 3048 1398 3101; x_wconf 88' lang='grc' dir='ltr'><em>ποιοῦσιν</em></span> <span class='ocrx_word' id='word_1_151' title='bbox 1420 3088 1435 3112; x_wconf 94' lang='grc'><em>,</em></span> <span class='ocrx_word' id='word_1_152' title='bbox 1489 3048 1637 3110; x_wconf 83' lang='grc' dir='ltr'><em>ὅπως</em></span> <span class='ocrx_word' id='word_1_153' title='bbox 1682 3047 1740 3099; x_wconf 86' lang='grc' dir='ltr'><em>τὸ</em></span> <span class='ocrx_word' id='word_1_154' title='bbox 1775 3045 2009 3112; x_wconf 81' lang='grc' dir='ltr'><em>πέλαγος</em></span> <span class='ocrx_word' id='word_1_155' title='bbox 2039 3044 2154 3098; x_wconf 89' lang='grc' dir='ltr'><em>δια-</em></span> 
     </span>
    </p>
   </div>
   <div class='ocr_carea' id='block_1_20' title="bbox 580 3125 2153 3202">
    <p class='ocr_par' dir='ltr' id='par_1_20' title="bbox 580 3125 2153 3202">
     <span class='ocr_line' id='line_1_20' title="bbox 580 3125 2153 3202; baseline 0.001 -24"><span class='ocrx_word' id='word_1_156' title='bbox 580 3125 836 3198; x_wconf 86' lang='grc' dir='ltr'><em>δράμοιεν</em></span> <span class='ocrx_word' id='word_1_157' title='bbox 849 3129 898 3198; x_wconf 70' lang='grc' dir='ltr'><em>ι’,</em></span> <span class='ocrx_word' id='word_1_158' title='bbox 931 3133 1022 3184; x_wconf 80' lang='grc' dir='ltr'><em>καὶ</em></span> <span class='ocrx_word' id='word_1_159' title='bbox 1048 3131 1181 3202; x_wconf 86' lang='grc' dir='ltr'><em>πρὸς</em></span> <span class='ocrx_word' id='word_1_160' title='bbox 1202 3131 1293 3184; x_wconf 86' lang='grc' dir='ltr'><em>τὸν</em></span> <span class='ocrx_word' id='word_1_161' title='bbox 1315 3131 1506 3201; x_wconf 81' lang='grc' dir='ltr'><em>λιμένα</em></span> <span class='ocrx_word' id='word_1_162' title='bbox 1535 3130 1964 3198; x_wconf 84' lang='grc' dir='ltr'><em>καταντήσωσιν·</em></span> <span class='ocrx_word' id='word_1_163' title='bbox 1992 3128 2153 3197; x_wconf 83' lang='grc' dir='ltr'><em>ἡμεῖς</em></span> 
     </span>
    </p>
   </div>
   <div class='ocr_carea' id='block_1_21' title="bbox 579 3210 2152 3282">
    <p class='ocr_par' dir='ltr' id='par_1_21' title="bbox 579 3210 2152 3282">
     <span class='ocr_line' id='line_1_21' title="bbox 579 3210 2152 3282; baseline 0.001 -20"><span class='ocrx_word' id='word_1_164' title='bbox 579 3212 751 3265; x_wconf 87' lang='grc' dir='ltr'><em>δὲδιά</em></span> <span class='ocrx_word' id='word_1_165' title='bbox 785 3214 981 3277; x_wconf 85' lang='grc' dir='ltr'><em>παντὸς</em></span> <span class='ocrx_word' id='word_1_166' title='bbox 1021 3215 1289 3281; x_wconf 80' lang='grc' dir='ltr'><em>πελάγους</em></span> <span class='ocrx_word' id='word_1_167' title='bbox 1333 3212 1578 3266; x_wconf 86' lang='grc' dir='ltr'><em>σαλεύειν</em></span> <span class='ocrx_word' id='word_1_168' title='bbox 1623 3210 2053 3282; x_wconf 85' lang='grc' dir='ltr'><em>φιλονεικοῦμεν,</em></span> <span class='ocrx_word' id='word_1_169' title='bbox 2094 3210 2152 3263; x_wconf 87' lang='grc' dir='ltr'><em>ἐν</em></span> 
     </span>
    </p>
   </div>
   <div class='ocr_carea' id='block_1_22' title="bbox 578 3293 2150 3368">
    <p class='ocr_par' dir='ltr' id='par_1_22' title="bbox 578 3293 2150 3368">
     <span class='ocr_line' id='line_1_22' title="bbox 578 3293 2150 3368; baseline -0.001 -22"><span class='ocrx_word' id='word_1_170' title='bbox 578 3296 700 3357; x_wconf 85' lang='grc' dir='ltr'><em>ταῖς</em></span> <span class='ocrx_word' id='word_1_171' title='bbox 747 3295 852 3348; x_wconf 89' lang='grc' dir='ltr'><em>τῶν</em></span> <span class='ocrx_word' id='word_1_172' title='bbox 895 3296 1160 3366; x_wconf 84' lang='grc' dir='ltr'><em>βιωτικῶν</em></span> <span class='ocrx_word' id='word_1_173' title='bbox 1195 3298 1530 3368; x_wconf 88' lang='grc' dir='ltr'><em>πραγμάτων</em></span> <span class='ocrx_word' id='word_1_174' title='bbox 1566 3295 1884 3368; x_wconf 78' lang='grc' dir='ltr'><em>τρικυμίαις</em></span> <span class='ocrx_word' id='word_1_175' title='bbox 1913 3293 2150 3362; x_wconf 88' lang='grc' dir='ltr'><em>συνεχῶς</em></span> 
     </span>
    </p>
   </div>
   <div class='ocr_carea' id='block_1_23' title="bbox 579 3377 2150 3451">
    <p class='ocr_par' dir='ltr' id='par_1_23' title="bbox 579 3377 2150 3451">
     <span class='ocr_line' id='line_1_23' title="bbox 579 3377 2150 3451; baseline 0.001 -23"><span class='ocrx_word' id='word_1_176' title='bbox 579 3377 951 3447; x_wconf 86' lang='grc' dir='ltr'><em>ποντούμενοι,</em></span> <span class='ocrx_word' id='word_1_177' title='bbox 1011 3381 1105 3433; x_wconf 63' lang='grc' dir='ltr'><em>καλ¹</em></span> <span class='ocrx_word' id='word_1_178' title='bbox 1139 3381 1197 3433; x_wconf 86' lang='grc' dir='ltr'><em>ἐν</em></span> <span class='ocrx_word' id='word_1_179' title='bbox 1238 3383 1357 3442; x_wconf 88' lang='grc' dir='ltr'><em>ταῖς</em></span> <span class='ocrx_word' id='word_1_180' title='bbox 1386 3381 1610 3451; x_wconf 86' lang='grc' dir='ltr'><em>ἀγοραῖς</em></span> <span class='ocrx_word' id='word_1_181' title='bbox 1643 3378 1738 3433; x_wconf 74' lang='grc' dir='ltr'><em>καὶ</em></span> <span class='ocrx_word' id='word_1_182' title='bbox 1773 3381 1830 3432; x_wconf 88' lang='grc' dir='ltr'><em>ἐν</em></span> <span class='ocrx_word' id='word_1_183' title='bbox 1864 3379 1976 3441; x_wconf 88' lang='grc' dir='ltr'><em>τοῖς</em></span> <span class='ocrx_word' id='word_1_184' title='bbox 2003 3377 2150 3430; x_wconf 84' lang='grc' dir='ltr'><em>δικα-</em></span> 
     </span>
    </p>
   </div>
   <div class='ocr_carea' id='block_1_24' title="bbox 577 3460 2147 3533">
    <p class='ocr_par' dir='ltr' id='par_1_24' title="bbox 577 3460 2147 3533">
     <span class='ocr_line' id='line_1_24' title="bbox 577 3460 2147 3533; baseline 0.003 -24"><span class='ocrx_word' id='word_1_185' title='bbox 577 3460 822 3531; x_wconf 85' lang='grc' dir='ltr'><em>στηρίοις</em></span> <span class='ocrx_word' id='word_1_186' title='bbox 877 3464 1251 3533; x_wconf 79' lang='grc' dir='ltr'><em>στρεφόμενοι,</em></span> <span class='ocrx_word' id='word_1_187' title='bbox 1299 3463 1535 3516; x_wconf 89' lang='grc' dir='ltr'><em>ἐνταῦθα</em></span> <span class='ocrx_word' id='word_1_188' title='bbox 1581 3463 1637 3516; x_wconf 83' lang='grc' dir='ltr'><em>δὲ</em></span> <span class='ocrx_word' id='word_1_189' title='bbox 1666 3461 1814 3526; x_wconf 75' lang='grc' dir='ltr'><em>ἅπαξ</em></span> <span class='ocrx_word' id='word_1_190' title='bbox 1841 3461 1874 3532; x_wconf 80' lang='grc' dir='ltr'>ἢ</span> <span class='ocrx_word' id='word_1_191' title='bbox 1899 3460 2147 3531; x_wconf 87' lang='grc' dir='ltr'><em>δεύτερον</em></span> 
     </span>
    </p>
   </div>
   <div class='ocr_carea' id='block_1_25' title="bbox 581 3541 1736 3610">
    <p class='ocr_par' dir='ltr' id='par_1_25' title="bbox 581 3541 1736 3610">
     <span class='ocr_line' id='line_1_25' title="bbox 581 3541 1736 3610; baseline 0.003 -16"><span class='ocrx_word' id='word_1_192' title='bbox 581 3541 732 3610; x_wconf 84' lang='grc' dir='ltr'><em>μόλις</em></span> <span class='ocrx_word' id='word_1_193' title='bbox 755 3543 845 3594; x_wconf 88' lang='grc' dir='ltr'><em>τοῦ</em></span> <span class='ocrx_word' id='word_1_194' title='bbox 877 3545 1074 3608; x_wconf 85' lang='grc' dir='ltr'><em>παντὸς</em></span> <span class='ocrx_word' id='word_1_195' title='bbox 1095 3544 1442 3608; x_wconf 90' lang='grc' dir='ltr'><em>ἀπαντῶντες</em></span> <span class='ocrx_word' id='word_1_196' title='bbox 1469 3544 1736 3599; x_wconf 83' lang='grc' dir='ltr'><em>ἐνιαυτοῦ.</em></span> 
     </span>
    </p>
   </div>
   <div class='ocr_carea' id='block_1_26' title="bbox 653 3625 2147 3698">
    <p class='ocr_par' dir='ltr' id='par_1_26' title="bbox 653 3625 2147 3698">
     <span class='ocr_line' id='line_1_26' title="bbox 653 3625 2147 3698; baseline 0.004 -23"><span class='ocrx_word' id='word_1_197' title='bbox 653 3625 720 3675; x_wconf 88' lang='grc' dir='ltr'><strong>Ἦ</strong></span> <span class='ocrx_word' id='word_1_198' title='bbox 754 3626 995 3691; x_wconf 82' lang='grc' dir='ltr'><em>ἀγνοεῖτε</em></span> <span class='ocrx_word' id='word_1_199' title='bbox 1024 3628 1104 3680; x_wconf 82' lang='grc' dir='ltr'><em>ὅτι</em></span> <span class='ocrx_word' id='word_1_200' title='bbox 1136 3627 1382 3695; x_wconf 85' lang='grc' dir='ltr'><em>καθάπερ</em></span> <span class='ocrx_word' id='word_1_201' title='bbox 1398 3628 1621 3698; x_wconf 80' lang='grc' dir='ltr'><em>λιμένας</em></span> <span class='ocrx_word' id='word_1_202' title='bbox 1652 3629 1710 3681; x_wconf 90' lang='grc' dir='ltr'><em>ἐν</em></span> <span class='ocrx_word' id='word_1_203' title='bbox 1733 3626 1976 3697; x_wconf 86' lang='grc' dir='ltr'><em>πελάγει,</em></span> <span class='ocrx_word' id='word_1_204' title='bbox 2004 3627 2147 3682; x_wconf 78' lang='grc' dir='ltr'><em>οὕτω</em></span> 
     </span>
    </p>
   </div>
   <div class='ocr_carea' id='block_1_27' title="bbox 577 3703 2148 3779">
    <p class='ocr_par' dir='ltr' id='par_1_27' title="bbox 577 3703 2148 3779">
     <span class='ocr_line' id='line_1_27' title="bbox 577 3703 2148 3779; baseline 0.006 -25"><span class='ocrx_word' id='word_1_205' title='bbox 577 3703 677 3766; x_wconf 72' lang='grc' dir='ltr'><em>τὰς</em></span> <span class='ocrx_word' id='word_1_206' title='bbox 713 3706 1010 3776; x_wconf 76' lang='grc' dir='ltr'><em>ἐκκλησίας</em></span> <span class='ocrx_word' id='word_1_207' title='bbox 1042 3710 1099 3760; x_wconf 89' lang='grc' dir='ltr'><em>ἐν</em></span> <span class='ocrx_word' id='word_1_208' title='bbox 1128 3711 1247 3772; x_wconf 91' lang='grc' dir='ltr'><em>ταῖς</em></span> <span class='ocrx_word' id='word_1_209' title='bbox 1296 3709 1515 3762; x_wconf 85' lang='grc' dir='ltr'><em>πόλεσιν</em></span> <span class='ocrx_word' id='word_1_210' title='bbox 1564 3708 1764 3779; x_wconf 72' lang='grc' dir='ltr'><em>ἔπηξεν</em></span> <span class='ocrx_word' id='word_1_211' title='bbox 1795 3711 1823 3763; x_wconf 87' lang='grc' dir='ltr'><em>ό</em></span> <span class='ocrx_word' id='word_1_212' title='bbox 1867 3711 2020 3778; x_wconf 80' lang='grc' dir='ltr'><em>Θεὸς,</em></span> <span class='ocrx_word' id='word_1_213' title='bbox 2059 3711 2148 3764; x_wconf 84' lang='grc' dir='ltr'><em>ἵνα</em></span> 
     </span>
    </p>
   </div>
   <div class='ocr_carea' id='block_1_28' title="bbox 574 3785 2143 3862">
    <p class='ocr_par' dir='ltr' id='par_1_28' title="bbox 574 3785 2143 3862">
     <span class='ocr_line' id='line_1_28' title="bbox 574 3785 2143 3862; baseline 0.006 -24"><span class='ocrx_word' id='word_1_214' title='bbox 574 3785 683 3838; x_wconf 85' lang='grc' dir='ltr'><em>ἀπὸ</em></span> <span class='ocrx_word' id='word_1_215' title='bbox 729 3789 824 3859; x_wconf 80' lang='grc' dir='ltr'><em>τῆς</em></span> <span class='ocrx_word' id='word_1_216' title='bbox 857 3789 1026 3861; x_wconf 73' lang='grc' dir='ltr'><em>ζάλης</em></span> <span class='ocrx_word' id='word_1_217' title='bbox 1066 3790 1174 3844; x_wconf 90' lang='grc' dir='ltr'><em>τῶν</em></span> <span class='ocrx_word' id='word_1_218' title='bbox 1219 3791 1488 3862; x_wconf 84' lang='grc' dir='ltr'><em>βιωτικῶν</em></span> <span class='ocrx_word' id='word_1_219' title='bbox 1518 3791 1759 3862; x_wconf 91' lang='grc' dir='ltr'><em>θορύϐων</em></span> <span class='ocrx_word' id='word_1_220' title='bbox 1787 3791 2020 3847; x_wconf 87' lang='grc' dir='ltr'><em>ἐνταῦθα</em></span> <span class='ocrx_word' id='word_1_221' title='bbox 2042 3811 2143 3847; x_wconf 90' lang='grc' dir='ltr'><em>κα-</em></span> 
     </span>
    </p>
   </div>
   <div class='ocr_carea' id='block_1_29' title="bbox 574 3869 2142 3946">
    <p class='ocr_par' dir='ltr' id='par_1_29' title="bbox 574 3869 2142 3946">
     <span class='ocr_line' id='line_1_29' title="bbox 574 3869 2142 3946; baseline 0.006 -26"><span class='ocrx_word' id='word_1_222' title='bbox 574 3869 960 3942; x_wconf 86' lang='grc' dir='ltr'><em>ταφεύγοντες,</em></span> <span class='ocrx_word' id='word_1_223' title='bbox 993 3873 1232 3945; x_wconf 84' lang='grc' dir='ltr'><em>γαλήνης</em></span> <span class='ocrx_word' id='word_1_224' title='bbox 1261 3875 1522 3946; x_wconf 86' lang='grc' dir='ltr'><em>μεγίστης</em></span> <span class='ocrx_word' id='word_1_225' title='bbox 1541 3886 1562 3914; x_wconf 73' lang='grc' dir='ltr'><strong>ο</strong></span> <span class='ocrx_word' id='word_1_226' title='bbox 1597 3875 1986 3946; x_wconf 88' lang='grc' dir='ltr'><em>ἀπολαύωμεν;</em></span> <span class='ocrx_word' id='word_1_227' title='bbox 2007 3876 2142 3930; x_wconf 83' lang='grc' dir='ltr'><em>Ούδέ</em></span> 
     </span>
    </p>
   </div>
   <div class='ocr_carea' id='block_1_30' title="bbox 575 3953 2138 4029">
    <p class='ocr_par' dir='ltr' id='par_1_30' title="bbox 575 3953 2138 4029">
     <span class='ocr_line' id='line_1_30' title="bbox 575 3953 2138 4029; baseline 0.004 -24"><span class='ocrx_word' id='word_1_228' title='bbox 575 3953 681 4025; x_wconf 76' lang='grc' dir='ltr'><em>γὰρ</em></span> <span class='ocrx_word' id='word_1_229' title='bbox 725 3955 984 4026; x_wconf 81' lang='grc' dir='ltr'><em>κυμάτων</em></span> <span class='ocrx_word' id='word_1_230' title='bbox 1019 3957 1167 4011; x_wconf 75' lang='grc' dir='ltr'><em>ἐστιν</em></span> <span class='ocrx_word' id='word_1_231' title='bbox 1221 3957 1454 4012; x_wconf 86' lang='grc' dir='ltr'><em>ἐνταῦθα</em></span> <span class='ocrx_word' id='word_1_232' title='bbox 1492 3957 1666 4011; x_wconf 90' lang='grc' dir='ltr'><em>δεῖσαι</em></span> <span class='ocrx_word' id='word_1_233' title='bbox 1714 3959 2030 4029; x_wconf 88' lang='grc' dir='ltr'><em>τρικυμίαν,</em></span> <span class='ocrx_word' id='word_1_234' title='bbox 2078 3959 2138 4012; x_wconf 90' lang='grc' dir='ltr'><em>ού</em></span> 
     </span>
    </p>
   </div>
   <div class='ocr_carea' id='block_1_31' title="bbox 570 4033 2142 4110">
    <p class='ocr_par' dir='ltr' id='par_1_31' title="bbox 570 4033 2142 4110">
     <span class='ocr_line' id='line_1_31' title="bbox 570 4033 2142 4110; baseline 0.003 -22"><span class='ocrx_word' id='word_1_235' title='bbox 570 4033 782 4108; x_wconf 86' lang='grc' dir='ltr'><em>λῃστῶν</em></span> <span class='ocrx_word' id='word_1_236' title='bbox 815 4038 1130 4110; x_wconf 85' lang='grc' dir='ltr'><em>ἐπιδρομὰς,</em></span> <span class='ocrx_word' id='word_1_237' title='bbox 1167 4041 1228 4092; x_wconf 85' lang='grc' dir='ltr'><em>οὺ</em></span> <span class='ocrx_word' id='word_1_238' title='bbox 1280 4039 1600 4110; x_wconf 87' lang='grc' dir='ltr'><em>κακούργων</em></span> <span class='ocrx_word' id='word_1_239' title='bbox 1648 4039 1854 4108; x_wconf 78' lang='grc' dir='ltr'><em>ἔφοδον,</em></span> <span class='ocrx_word' id='word_1_240' title='bbox 1889 4041 1950 4093; x_wconf 82' lang='grc' dir='ltr'><em>ού</em></span> <span class='ocrx_word' id='word_1_241' title='bbox 1978 4057 2142 4094; x_wconf 88' lang='grc' dir='ltr'><em>πνευ-</em></span> 
     </span>
    </p>
   </div>
   <div class='ocr_carea' id='block_1_32' title="bbox 574 4119 2142 4196">
    <p class='ocr_par' dir='ltr' id='par_1_32' title="bbox 574 4119 2142 4196">
     <span class='ocr_line' id='line_1_32' title="bbox 574 4119 2142 4196; baseline 0.003 -24"><span class='ocrx_word' id='word_1_242' title='bbox 574 4120 758 4188; x_wconf 84' lang='grc' dir='ltr'><em>μάτων</em></span> <span class='ocrx_word' id='word_1_243' title='bbox 786 4119 924 4189; x_wconf 85' lang='grc' dir='ltr'><em>βίας,</em></span> <span class='ocrx_word' id='word_1_244' title='bbox 960 4121 1020 4174; x_wconf 87' lang='grc' dir='ltr'><em>οὐ</em></span> <span class='ocrx_word' id='word_1_245' title='bbox 1056 4120 1260 4192; x_wconf 90' lang='grc' dir='ltr'><em>θηρίων</em></span> <span class='ocrx_word' id='word_1_246' title='bbox 1306 4122 1617 4185; x_wconf 65' lang='grc' dir='ltr'><em>ἐπιϐουλάς</em></span> <span class='ocrx_word' id='word_1_247' title='bbox 1657 4121 1821 4196; x_wconf 85' lang='grc' dir='ltr'><em>λιμὴν</em></span> <span class='ocrx_word' id='word_1_248' title='bbox 1843 4123 1950 4194; x_wconf 89' lang='grc' dir='ltr'><em>γάρ</em></span> <span class='ocrx_word' id='word_1_249' title='bbox 1994 4125 2142 4176; x_wconf 89' lang='grc' dir='ltr'><em>ἐστιν</em></span> 
     </span>
    </p>
   </div>
   <div class='ocr_carea' id='block_1_33' title="bbox 569 4202 2140 4276">
    <p class='ocr_par' dir='ltr' id='par_1_33' title="bbox 569 4202 2140 4276">
     <span class='ocr_line' id='line_1_33' title="bbox 569 4202 2140 4276; baseline 0 -18"><span class='ocrx_word' id='word_1_250' title='bbox 569 4202 824 4258; x_wconf 84' lang='grc' dir='ltr'><em>ἁπάντων</em></span> <span class='ocrx_word' id='word_1_251' title='bbox 857 4202 1059 4256; x_wconf 90' lang='grc' dir='ltr'><em>τούτων</em></span> <span class='ocrx_word' id='word_1_252' title='bbox 1094 4204 1531 4275; x_wconf 84' lang='grc' dir='ltr'><em>ἀπηλλαγμένος,</em></span> <span class='ocrx_word' id='word_1_253' title='bbox 1585 4205 1752 4276; x_wconf 85' lang='grc' dir='ltr'><em>λιμήν</em></span> <span class='ocrx_word' id='word_1_254' title='bbox 1797 4206 1914 4258; x_wconf 88' lang='grc' dir='ltr'><em>ἐστι</em></span> <span class='ocrx_word' id='word_1_255' title='bbox 1952 4204 2140 4276; x_wconf 80' lang='grc' dir='ltr'><em>ψυχῶν</em></span> 
     </span>
    </p>
   </div>
   <div class='ocr_carea' id='block_1_34' title="bbox 568 4285 2136 4359">
    <p class='ocr_par' dir='ltr' id='par_1_34' title="bbox 568 4285 2136 4359">
     <span class='ocr_line' id='line_1_34' title="bbox 568 4285 2136 4359; baseline 0.004 -24"><span class='ocrx_word' id='word_1_256' title='bbox 568 4285 954 4353; x_wconf 85' lang='grc' dir='ltr'><em>πνευματικός.</em></span> <span class='ocrx_word' id='word_1_257' title='bbox 999 4286 1109 4338; x_wconf 73' lang='grc' dir='ltr'><em>Καὶ</em></span> <span class='ocrx_word' id='word_1_258' title='bbox 1144 4287 1251 4339; x_wconf 90' lang='grc' dir='ltr'><em>τῶν</em></span> <span class='ocrx_word' id='word_1_259' title='bbox 1292 4286 1599 4357; x_wconf 87' lang='grc' dir='ltr'><em>λεγομένων</em></span> <span class='ocrx_word' id='word_1_260' title='bbox 1657 4287 1929 4359; x_wconf 87' lang='grc' dir='ltr'><em>μάρτυρες</em></span> <span class='ocrx_word' id='word_1_261' title='bbox 1959 4288 2136 4358; x_wconf 85' lang='grc' dir='ltr'><em>ὑμεῖς.</em></span> 
     </span>
    </p>
   </div>
   <div class='ocr_carea' id='block_1_35' title="bbox 570 4366 2139 4440">
    <p class='ocr_par' dir='ltr' id='par_1_35' title="bbox 570 4366 2139 4440">
     <span class='ocr_line' id='line_1_35' title="bbox 570 4366 2139 4440; baseline 0.003 -22"><span class='ocrx_word' id='word_1_262' title='bbox 570 4368 633 4418; x_wconf 77' lang='lat' dir='ltr'><em>El</em></span> <span class='ocrx_word' id='word_1_263' title='bbox 661 4366 770 4438; x_wconf 87' lang='grc' dir='ltr'><em>γάρ</em></span> <span class='ocrx_word' id='word_1_264' title='bbox 795 4384 879 4430; x_wconf 89' lang='grc' dir='ltr'><em>τις</em></span> <span class='ocrx_word' id='word_1_265' title='bbox 911 4368 1062 4438; x_wconf 82' lang='grc' dir='ltr'><em>ὑμῶν</em></span> <span class='ocrx_word' id='word_1_266' title='bbox 1084 4368 1145 4421; x_wconf 84' lang='grc' dir='ltr'><em>τὸ</em></span> <span class='ocrx_word' id='word_1_267' title='bbox 1176 4369 1413 4432; x_wconf 83' lang='grc' dir='ltr'><em>συνειδὸς</em></span> <span class='ocrx_word' id='word_1_268' title='bbox 1442 4369 1767 4434; x_wconf 81' lang='grc' dir='ltr'><em>ἀναπτύξειε</em></span> <span class='ocrx_word' id='word_1_269' title='bbox 1785 4369 1900 4435; x_wconf 89' lang='grc' dir='ltr'><em>νῦν,</em></span> <span class='ocrx_word' id='word_1_270' title='bbox 1939 4369 2139 4440; x_wconf 84' lang='grc' dir='ltr'><em>πολλὴν</em></span> 
     </span>
    </p>
   </div>
   <div class='ocr_carea' id='block_1_36' title="bbox 567 4449 2136 4523">
    <p class='ocr_par' dir='ltr' id='par_1_36' title="bbox 567 4449 2136 4523">
     <span class='ocr_line' id='line_1_36' title="bbox 567 4449 2136 4523; baseline 0.001 -21"><span class='ocrx_word' id='word_1_271' title='bbox 567 4449 712 4504; x_wconf 82' lang='grc' dir='ltr'><em>ἔνδον</em></span> <span class='ocrx_word' id='word_1_272' title='bbox 753 4450 973 4520; x_wconf 86' lang='grc' dir='ltr'><em>εὑρήσει</em></span> <span class='ocrx_word' id='word_1_273' title='bbox 1005 4450 1104 4521; x_wconf 81' lang='grc' dir='ltr'><em>τὴν</em></span> <span class='ocrx_word' id='word_1_274' title='bbox 1136 4451 1380 4522; x_wconf 83' lang='grc' dir='ltr'><em>ἡσυχίαν·</em></span> <span class='ocrx_word' id='word_1_275' title='bbox 1416 4453 1476 4505; x_wconf 82' lang='grc' dir='ltr'><em>οὐ</em></span> <span class='ocrx_word' id='word_1_276' title='bbox 1511 4452 1680 4523; x_wconf 87' lang='grc' dir='ltr'><em>θυμὸς</em></span> <span class='ocrx_word' id='word_1_277' title='bbox 1711 4452 1821 4523; x_wconf 81' lang='grc' dir='ltr'><em>γὰρ</em></span> <span class='ocrx_word' id='word_1_278' title='bbox 1853 4451 2060 4522; x_wconf 90' lang='grc' dir='ltr'><em>ἐνοχλεῖ</em></span> <span class='ocrx_word' id='word_1_279' title='bbox 2086 4450 2136 4515; x_wconf 75' lang='grc' dir='ltr'><em>ἀ,</em></span> 
     </span>
    </p>
   </div>
   <div class='ocr_carea' id='block_1_37' title="bbox 564 4532 2132 4606">
    <p class='ocr_par' dir='ltr' id='par_1_37' title="bbox 564 4532 2132 4606">
     <span class='ocr_line' id='line_1_37' title="bbox 564 4532 2132 4606; baseline 0.002 -21"><span class='ocrx_word' id='word_1_280' title='bbox 564 4534 665 4585; x_wconf 83' lang='grc' dir='ltr'><em>οὐκ</em></span> <span class='ocrx_word' id='word_1_281' title='bbox 696 4532 958 4603; x_wconf 89' lang='grc' dir='ltr'><em>ἐπιθυμία</em></span> <span class='ocrx_word' id='word_1_282' title='bbox 999 4533 1206 4602; x_wconf 84' lang='grc' dir='ltr'><em>φλέγει,</em></span> <span class='ocrx_word' id='word_1_283' title='bbox 1245 4536 1305 4587; x_wconf 88' lang='grc' dir='ltr'><em>οὐ</em></span> <span class='ocrx_word' id='word_1_284' title='bbox 1337 4535 1604 4604; x_wconf 82' lang='grc' dir='ltr'><em>βασκανία</em></span> <span class='ocrx_word' id='word_1_285' title='bbox 1642 4535 1821 4606; x_wconf 84' lang='grc' dir='ltr'><em>τήκει,</em></span> <span class='ocrx_word' id='word_1_286' title='bbox 1859 4534 1959 4588; x_wconf 83' lang='grc' dir='ltr'><em>οὐκ</em></span> <span class='ocrx_word' id='word_1_287' title='bbox 1992 4535 2132 4588; x_wconf 87' lang='grc' dir='ltr'><em>ἀπό-</em></span> 
     </span>
    </p>
   </div>
   <div class='ocr_carea' id='block_1_38' title="bbox 564 4615 2135 4689">
    <p class='ocr_par' dir='ltr' id='par_1_38' title="bbox 564 4615 2135 4689">
     <span class='ocr_line' id='line_1_38' title="bbox 564 4615 2135 4689; baseline 0.002 -21"><span class='ocrx_word' id='word_1_288' title='bbox 564 4631 682 4669; x_wconf 85' lang='grc' dir='ltr'><em>νοια</em></span> <span class='ocrx_word' id='word_1_289' title='bbox 709 4618 874 4688; x_wconf 78' lang='grc' dir='ltr'><em>φυσᾷ,</em></span> <span class='ocrx_word' id='word_1_290' title='bbox 909 4617 971 4670; x_wconf 80' lang='grc' dir='ltr'><em>οὐ</em></span> <span class='ocrx_word' id='word_1_291' title='bbox 1006 4616 1307 4682; x_wconf 80' lang='grc' dir='ltr'><em>κενοδοξίας</em></span> <span class='ocrx_word' id='word_1_292' title='bbox 1337 4617 1474 4689; x_wconf 79' lang='grc' dir='ltr'><em>ἔρως</em></span> <span class='ocrx_word' id='word_1_293' title='bbox 1491 4615 1813 4688; x_wconf 76' lang='grc' dir='ltr'><em>διαφθείρει,</em></span> <span class='ocrx_word' id='word_1_294' title='bbox 1847 4617 1982 4671; x_wconf 89' lang='grc' dir='ltr'><em>ἀλλά</em></span> <span class='ocrx_word' id='word_1_295' title='bbox 1999 4618 2135 4672; x_wconf 87' lang='grc' dir='ltr'><em>πάν-</em></span> 
     </span>
    </p>
   </div>
   <div class='ocr_carea' id='block_1_39' title="bbox 564 4697 2134 4773">
    <p class='ocr_par' dir='ltr' id='par_1_39' title="bbox 564 4697 2134 4773">
     <span class='ocr_line' id='line_1_39' title="bbox 564 4697 2134 4773; baseline 0.003 -21"><span class='ocrx_word' id='word_1_296' title='bbox 564 4713 634 4752; x_wconf 86' lang='grc' dir='ltr'><em>τα</em></span> <span class='ocrx_word' id='word_1_297' title='bbox 666 4697 835 4753; x_wconf 81' lang='grc' dir='ltr'><em>ταῦτα</em></span> <span class='ocrx_word' id='word_1_298' title='bbox 865 4697 1226 4756; x_wconf 84' lang='grc' dir='ltr'><em>κατέσταλται</em></span> <span class='ocrx_word' id='word_1_299' title='bbox 1261 4705 1330 4755; x_wconf 84' lang='grc' dir='ltr'><em>τὰ</em></span> <span class='ocrx_word' id='word_1_300' title='bbox 1369 4700 1554 4772; x_wconf 86' lang='grc' dir='ltr'><em>θηρία,</em></span> <span class='ocrx_word' id='word_1_301' title='bbox 1589 4699 1839 4773; x_wconf 89' lang='grc' dir='ltr'><em>καθάπερ</em></span> <span class='ocrx_word' id='word_1_302' title='bbox 1871 4701 2019 4767; x_wconf 87' lang='grc' dir='ltr'><em>θείας</em></span> <span class='ocrx_word' id='word_1_303' title='bbox 2051 4720 2134 4756; x_wconf 61' lang='grc' dir='ltr'><em>τιν</em></span> 
     </span>
    </p>
   </div>
   <div class='ocr_carea' id='block_1_40' title="bbox 564 4777 2134 4856">
    <p class='ocr_par' dir='ltr' id='par_1_40' title="bbox 564 4777 2134 4856">
     <span class='ocr_line' id='line_1_40' title="bbox 564 4777 2134 4856; baseline 0.003 -24"><span class='ocrx_word' id='word_1_304' title='bbox 564 4777 654 4841; x_wconf 83' lang='grc' dir='ltr'><em>νὸς</em></span> <span class='ocrx_word' id='word_1_305' title='bbox 685 4780 918 4852; x_wconf 81' lang='grc' dir='ltr'><em>ἐπῳδῆς,</em></span> <span class='ocrx_word' id='word_1_306' title='bbox 947 4785 1050 4853; x_wconf 84' lang='grc' dir='ltr'><em>τῆς</em></span> <span class='ocrx_word' id='word_1_307' title='bbox 1081 4785 1190 4839; x_wconf 92' lang='grc' dir='ltr'><em>τῶν</em></span> <span class='ocrx_word' id='word_1_308' title='bbox 1222 4785 1380 4838; x_wconf 89' lang='grc' dir='ltr'><em>θείων</em></span> <span class='ocrx_word' id='word_1_309' title='bbox 1414 4783 1646 4856; x_wconf 88' lang='grc' dir='ltr'><em>Γραφῶν</em></span> <span class='ocrx_word' id='word_1_310' title='bbox 1680 4784 2016 4856; x_wconf 87' lang='grc' dir='ltr'><em>ἀκροάσεως,</em></span> <span class='ocrx_word' id='word_1_311' title='bbox 2045 4782 2134 4837; x_wconf 83' lang='grc' dir='ltr'><em>διὰ</em></span> 
     </span>
    </p>
   </div>
   <div class='ocr_carea' id='block_1_41' title="bbox 562 4861 2134 4940">
    <p class='ocr_par' dir='ltr' id='par_1_41' title="bbox 562 4861 2134 4940">
     <span class='ocr_line' id='line_1_41' title="bbox 562 4861 2134 4940; baseline 0.006 -30"><span class='ocrx_word' id='word_1_312' title='bbox 562 4861 662 4930; x_wconf 83' lang='grc' dir='ltr'><em>τῆς</em></span> <span class='ocrx_word' id='word_1_313' title='bbox 713 4863 942 4919; x_wconf 81' lang='grc' dir='ltr'><em>ἑκάστου</em></span> <span class='ocrx_word' id='word_1_314' title='bbox 976 4867 1144 4939; x_wconf 78' lang='grc' dir='ltr'><em>ἀκοῆς</em></span> <span class='ocrx_word' id='word_1_315' title='bbox 1172 4866 1306 4940; x_wconf 83' lang='grc' dir='ltr'><em>πρὸς</em></span> <span class='ocrx_word' id='word_1_316' title='bbox 1339 4867 1439 4938; x_wconf 83' lang='grc' dir='ltr'><em>τὴν</em></span> <span class='ocrx_word' id='word_1_317' title='bbox 1465 4866 1643 4938; x_wconf 79' lang='grc' dir='ltr'><em>ψυχὴν</em></span> <span class='ocrx_word' id='word_1_318' title='bbox 1692 4867 1987 4940; x_wconf 88' lang='grc' dir='ltr'><em>εἰσιούσης,</em></span> <span class='ocrx_word' id='word_1_319' title='bbox 2039 4866 2134 4921; x_wconf 75' lang='grc' dir='ltr'><em>καὶ</em></span> 
     </span>
    </p>
   </div>
   <div class='ocr_carea' id='block_1_42' title="bbox 563 4943 2133 5022">
    <p class='ocr_par' dir='ltr' id='par_1_42' title="bbox 563 4943 2133 5022">
     <span class='ocr_line' id='line_1_42' title="bbox 563 4943 2133 5022; baseline 0.001 -22"><span class='ocrx_word' id='word_1_320' title='bbox 563 4943 918 5018; x_wconf 79' lang='grc' dir='ltr'><em>κοιμιζούσης</em></span> <span class='ocrx_word' id='word_1_321' title='bbox 965 4949 1036 5002; x_wconf 88' lang='grc' dir='ltr'><em>τά</em></span> <span class='ocrx_word' id='word_1_322' title='bbox 1081 4951 1247 5021; x_wconf 81' lang='grc' dir='ltr'><em>ἄλογα</em></span> <span class='ocrx_word' id='word_1_323' title='bbox 1301 4949 1472 5004; x_wconf 86' lang='grc' dir='ltr'><em>ταῦτα</em></span> <span class='ocrx_word' id='word_1_324' title='bbox 1503 4960 1527 4990; x_wconf 70' lang='grc' dir='ltr'><strong>ο</strong></span> <span class='ocrx_word' id='word_1_325' title='bbox 1575 4949 1743 5022; x_wconf 86' lang='grc' dir='ltr'><em>πάθη.</em></span> <span class='ocrx_word' id='word_1_326' title='bbox 1795 4950 1976 5021; x_wconf 89' lang='grc' dir='ltr'><em>Πόσης</em></span> <span class='ocrx_word' id='word_1_327' title='bbox 2038 4948 2133 5003; x_wconf 84' lang='grc' dir='ltr'><em>οὖν</em></span> 
     </span>
    </p>
   </div>
   <div class='ocr_carea' id='block_1_43' title="bbox 561 5026 2132 5106">
    <p class='ocr_par' dir='ltr' id='par_1_43' title="bbox 561 5026 2132 5106">
     <span class='ocr_line' id='line_1_43' title="bbox 561 5026 2132 5106; baseline 0.008 -29"><span class='ocrx_word' id='word_1_328' title='bbox 561 5026 876 5099; x_wconf 75' lang='grc' dir='ltr'><em>ἀθλιότητος</em></span> <span class='ocrx_word' id='word_1_329' title='bbox 900 5033 1000 5086; x_wconf 89' lang='grc' dir='ltr'><em>ούκ</em></span> <span class='ocrx_word' id='word_1_330' title='bbox 1021 5032 1084 5086; x_wconf 84' lang='grc' dir='ltr'><em>ἂν</em></span> <span class='ocrx_word' id='word_1_331' title='bbox 1105 5035 1211 5106; x_wconf 75' lang='grc' dir='ltr'><em>εἴη,</em></span> <span class='ocrx_word' id='word_1_332' title='bbox 1235 5033 1502 5105; x_wconf 86' lang='grc' dir='ltr'><em>τοσαύτης</em></span> <span class='ocrx_word' id='word_1_333' title='bbox 1527 5033 1818 5104; x_wconf 86' lang='grc' dir='ltr'><em>μέλλοντας</em></span> <span class='ocrx_word' id='word_1_334' title='bbox 1841 5034 2132 5089; x_wconf 84' lang='grc' dir='ltr'><em>ἀπολαύειν</em></span> 
     </span>
    </p>
   </div>
   <div class='ocr_carea' id='block_1_44' title="bbox 617 5162 2132 5232">
    <p class='ocr_par' dir='ltr' id='par_1_44' title="bbox 617 5162 2132 5232">
     <span class='ocr_line' id='line_1_44' title="bbox 617 5162 2132 5232; baseline 0.003 -20"><span class='ocrx_word' id='word_1_335' title='bbox 617 5163 648 5232; x_wconf 62' lang='grc' dir='ltr'><em>ξ</em></span> <span class='ocrx_word' id='word_1_336' title='bbox 671 5162 865 5232; x_wconf 58' lang='grc' dir='ltr'><em>Ϊὶιυιιιδ</em></span> <span class='ocrx_word' id='word_1_337' title='bbox 888 5165 937 5232; x_wconf 77' lang='lat' dir='ltr'><strong>in</strong></span> <span class='ocrx_word' id='word_1_338' title='bbox 962 5167 1021 5232; x_wconf 81' lang='lat' dir='ltr'><em>Sa</em></span> <span class='ocrx_word' id='word_1_339' title='bbox 1032 5167 1111 5232; x_wconf 67' lang='lat' dir='ltr'><em>vi].</em></span> <span class='ocrx_word' id='word_1_340' title='bbox 1140 5182 1150 5216; x_wconf 92' lang='lat'>:</span> <span class='ocrx_word' id='word_1_341' title='bbox 1179 5169 1242 5232; x_wconf 58' lang='grc' dir='ltr'><em>είς</em></span> <span class='ocrx_word' id='word_1_342' title='bbox 1263 5168 1317 5216; x_wconf 87' lang='grc' dir='ltr'><em>τὸ</em></span> <span class='ocrx_word' id='word_1_343' title='bbox 1340 5169 1470 5232; x_wconf 65' lang='grc' dir='ltr'><em>ἅγιον</em></span> <span class='ocrx_word' id='word_1_344' title='bbox 1507 5169 1586 5232; x_wconf 79' lang='grc' dir='ltr'><em>καὶ</em></span> <span class='ocrx_word' id='word_1_345' title='bbox 1620 5168 2132 5232; x_wconf 22' lang='grc' dir='ltr'><em>σωτήριονλβάπτισμα</em></span> 
     </span>
    </p>
   </div>
   <div class='ocr_carea' id='block_1_45' title="bbox 557 5227 2130 5292">
    <p class='ocr_par' dir='ltr' id='par_1_45' title="bbox 557 5227 2130 5292">
     <span class='ocr_line' id='line_1_45' title="bbox 557 5227 2130 5292; baseline 0.005 -22"><span class='ocrx_word' id='word_1_346' title='bbox 557 5227 644 5279; x_wconf 70' lang='grc' dir='ltr'><em>τοῦ</em></span> <span class='ocrx_word' id='word_1_347' title='bbox 662 5227 884 5292; x_wconf 35' lang='grc' dir='ltr'><em>’Σωτῆρος</em></span> <span class='ocrx_word' id='word_1_348' title='bbox 900 5231 1037 5292; x_wconf 75' lang='grc' dir='ltr'><em>ἡμῶν</em></span> <span class='ocrx_word' id='word_1_349' title='bbox 1066 5228 1227 5286; x_wconf 86' lang='grc' dir='ltr'><em>Ἰησοῦ</em></span> <span class='ocrx_word' id='word_1_350' title='bbox 1249 5227 1478 5292; x_wconf 71' lang='grc' dir='ltr'><em>Χριστοῦ,</em></span> <span class='ocrx_word' id='word_1_351' title='bbox 1501 5231 1580 5277; x_wconf 83' lang='grc' dir='ltr'><em>καὶ</em></span> <span class='ocrx_word' id='word_1_352' title='bbox 1599 5230 1713 5292; x_wconf 81' lang='grc' dir='ltr'><em>πρὸς</em></span> <span class='ocrx_word' id='word_1_353' title='bbox 1731 5227 1839 5292; x_wconf 77' lang='grc' dir='ltr'><em>τοὺς</em></span> <span class='ocrx_word' id='word_1_354' title='bbox 1859 5227 2130 5292; x_wconf 61' lang='grc' dir='ltr'><em>ἀπολιμπά-</em></span> 
     </span>
    </p>
   </div>
   <div class='ocr_carea' id='block_1_46' title="bbox 556 5288 2130 5353">
    <p class='ocr_par' dir='ltr' id='par_1_46' title="bbox 556 5288 2130 5353">
     <span class='ocr_line' id='line_1_46' title="bbox 556 5288 2130 5353; baseline 0.003 -19"><span class='ocrx_word' id='word_1_355' title='bbox 556 5288 777 5353; x_wconf 79' lang='grc' dir='ltr'><em>νομένους</em></span> <span class='ocrx_word' id='word_1_356' title='bbox 796 5288 890 5353; x_wconf 79' lang='grc' dir='ltr'><em>τῶν</em></span> <span class='ocrx_word' id='word_1_357' title='bbox 915 5288 1050 5353; x_wconf 77' lang='grc' dir='ltr'><em>θείων</em></span> <span class='ocrx_word' id='word_1_358' title='bbox 1081 5288 1333 5348; x_wconf 78' lang='grc' dir='ltr'><em>συνάξεων,</em></span> <span class='ocrx_word' id='word_1_359' title='bbox 1372 5294 1453 5338; x_wconf 84' lang='grc' dir='ltr'><em>καὶ</em></span> <span class='ocrx_word' id='word_1_360' title='bbox 1493 5293 1598 5353; x_wconf 81' lang='grc' dir='ltr'><em>περὶ</em></span> <span class='ocrx_word' id='word_1_361' title='bbox 1625 5288 1721 5338; x_wconf 75' lang='grc' dir='ltr'><em>τῶν</em></span> <span class='ocrx_word' id='word_1_362' title='bbox 1742 5290 1936 5353; x_wconf 76' lang='grc' dir='ltr'><em>ἀναξίως</em></span> <span class='ocrx_word' id='word_1_363' title='bbox 1959 5288 2130 5340; x_wconf 87' lang='grc' dir='ltr'><em>κοινω-</em></span> 
     </span>
    </p>
   </div>
   <div class='ocr_carea' id='block_1_47' title="bbox 555 5346 2131 5414">
    <p class='ocr_par' dir='ltr' id='par_1_47' title="bbox 555 5346 2131 5414">
     <span class='ocr_line' id='line_1_47' title="bbox 555 5346 2131 5414; baseline 0.003 -19"><span class='ocrx_word' id='word_1_364' title='bbox 555 5346 776 5414; x_wconf 67' lang='grc' dir='ltr'><em>νούντων,</em></span> <span class='ocrx_word' id='word_1_365' title='bbox 804 5351 883 5398; x_wconf 87' lang='grc' dir='ltr'><strong>καί</strong></span> <span class='ocrx_word' id='word_1_366' title='bbox 903 5352 975 5401; x_wconf 85' lang='grc' dir='ltr'><em>ὅτι</em></span> <span class='ocrx_word' id='word_1_367' title='bbox 999 5355 1043 5400; x_wconf 79' lang='grc' dir='ltr'><em>οἱ</em></span> <span class='ocrx_word' id='word_1_368' title='bbox 1061 5346 1760 5414; x_wconf 32' lang='grc' dir='ltr'><em>ἀτέλεστον-καταλιμπάνοντες</em></span> <span class='ocrx_word' id='word_1_369' title='bbox 1776 5352 1860 5407; x_wconf 83' lang='grc' dir='ltr'><em>τήν</em></span> <span class='ocrx_word' id='word_1_370' title='bbox 1887 5353 2015 5414; x_wconf 6' lang='grc' dir='ltr'><em>θείαν,</em></span> <span class='ocrx_word' id='word_1_371' title='bbox 2034 5354 2131 5400; x_wconf 87' lang='grc' dir='ltr'><em>λει-</em></span> 
     </span>
    </p>
   </div>
   <div class='ocr_carea' id='block_1_48' title="bbox 555 5410 2127 5485">
    <p class='ocr_par' dir='ltr' id='par_1_48' title="bbox 555 5410 2127 5485">
     <span class='ocr_line' id='line_1_48' title="bbox 555 5410 2127 5485; baseline 0.006 -31"><span class='ocrx_word' id='word_1_372' title='bbox 555 5410 803 5485; x_wconf 40' lang='grc' dir='ltr'><em>ξουργίανζ</em></span> <span class='ocrx_word' id='word_1_373' title='bbox 817 5414 895 5459; x_wconf 84' lang='grc' dir='ltr'><em>καὶ</em></span> <span class='ocrx_word' id='word_1_374' title='bbox 916 5413 1008 5475; x_wconf 85' lang='grc' dir='ltr'><em>πρὸ</em></span> <span class='ocrx_word' id='word_1_375' title='bbox 1023 5419 1106 5471; x_wconf 90' lang='grc' dir='ltr'><em>τῆς</em></span> <span class='ocrx_word' id='word_1_376' title='bbox 1129 5413 1398 5468; x_wconf 82' lang='grc' dir='ltr'><em>τελευταίας</em></span> <span class='ocrx_word' id='word_1_377' title='bbox 1410 5410 1547 5476; x_wconf 76' lang='grc' dir='ltr'><em>εὐχῆς</em></span> <span class='ocrx_word' id='word_1_378' title='bbox 1567 5413 1874 5475; x_wconf 81' lang='grc' dir='ltr'><em>ἐξερχόμενοι,</em></span> <span class='ocrx_word' id='word_1_379' title='bbox 1899 5414 1979 5460; x_wconf 87' lang='grc' dir='ltr'><em>τὸν</em></span> <span class='ocrx_word' id='word_1_380' title='bbox 2010 5413 2127 5462; x_wconf 85' lang='grc' dir='ltr'><em>Ἰού-</em></span> 
     </span>
    </p>
   </div>
   <div class='ocr_carea' id='block_1_49' title="bbox 553 5485 2128 5598">
    <p class='ocr_par' dir='ltr' id='par_1_49' title="bbox 553 5485 2128 5598">
     <span class='ocr_line' id='line_1_49' title="bbox 553 5485 2128 5598; baseline 0.006 -19"><span class='ocrx_word' id='word_1_381' title='bbox 553 5485 645 5598; x_wconf 45' lang='lat' dir='ltr'><em>(tu;</em></span> <span class='ocrx_word' id='word_1_382' title='bbox 664 5487 1002 5598; x_wconf 42' lang='grc' dir='ltr'><em>ιξῖιέοιῖίίῖᾗίςε.</em></span> <span class='ocrx_word' id='word_1_383' title='bbox 1031 5540 1084 5598; x_wconf 71' lang='grc' dir='ltr'><em>ει</em></span> <span class='ocrx_word' id='word_1_384' title='bbox 1099 5534 1232 5598; x_wconf 68' lang='grc' dir='ltr'><em>δενὶι</em></span> <span class='ocrx_word' id='word_1_385' title='bbox 1279 5533 1376 5584; x_wconf 80' lang='lat' dir='ltr'><strong>Alii</strong></span> <span class='ocrx_word' id='word_1_386' title='bbox 1399 5534 1735 5598; x_wconf 74' lang='grc' dir='ltr'><em>διαδράμωσιν.</em></span> <span class='ocrx_word' id='word_1_387' title='bbox 1765 5533 1875 5584; x_wconf 73' lang='lat' dir='ltr'><em>Mox</em></span> <span class='ocrx_word' id='word_1_388' title='bbox 1899 5535 2048 5587; x_wconf 71' lang='lat' dir='ltr'><strong>Savil.</strong></span> <span class='ocrx_word' id='word_1_389' title='bbox 2075 5544 2128 5589; x_wconf 77' lang='lat' dir='ltr'><em>et</em></span> 
     </span>
    </p>
   </div>
   <div class='ocr_carea' id='block_1_50' title="bbox 555 5587 1349 5656">
    <p class='ocr_par' dir='ltr' id='par_1_50' title="bbox 555 5587 1349 5656">
     <span class='ocr_line' id='line_1_50' title="bbox 555 5587 1349 5656; baseline 0.009 -20"><span class='ocrx_word' id='word_1_390' title='bbox 555 5587 653 5656; x_wconf 75' lang='lat' dir='ltr'><em>dup</em></span> <span class='ocrx_word' id='word_1_391' title='bbox 687 5607 799 5656; x_wconf 75' lang='lat' dir='ltr'><em>mss.</em></span> <span class='ocrx_word' id='word_1_392' title='bbox 829 5596 906 5643; x_wconf 84' lang='grc' dir='ltr'><em>διὰ</em></span> <span class='ocrx_word' id='word_1_393' title='bbox 925 5597 1098 5650; x_wconf 85' lang='grc' dir='ltr'><em>παντὸς</em></span> <span class='ocrx_word' id='word_1_394' title='bbox 1118 5597 1349 5656; x_wconf 78' lang='grc' dir='ltr'><em>πελάγιοι.</em></span> 
     </span>
    </p>
   </div>
   <div class='ocr_carea' id='block_1_51' title="bbox 619 5654 1633 5713">
    <p class='ocr_par' dir='ltr' id='par_1_51' title="bbox 619 5654 1633 5713">
     <span class='ocr_line' id='line_1_51' title="bbox 619 5654 1633 5713; baseline 0.008 -13"><span class='ocrx_word' id='word_1_395' title='bbox 619 5654 643 5713; x_wconf 70' lang='grc' dir='ltr'><em>⁴ξ</em></span> <span class='ocrx_word' id='word_1_396' title='bbox 668 5655 905 5713; x_wconf 83' lang='grc' dir='ltr'><em>Μεγίστης</em></span> <span class='ocrx_word' id='word_1_397' title='bbox 924 5657 1064 5703; x_wconf 77' lang='lat' dir='ltr'><em>deest</em></span> <span class='ocrx_word' id='word_1_398' title='bbox 1089 5657 1138 5702; x_wconf 87' lang='lat' dir='ltr'><em>in</em></span> <span class='ocrx_word' id='word_1_399' title='bbox 1164 5654 1414 5706; x_wconf 69' lang='lat' dir='ltr'><em>codicibus</em></span> <span class='ocrx_word' id='word_1_400' title='bbox 1437 5661 1633 5708; x_wconf 82' lang='lat' dir='ltr'><em>nostris.</em></span> 
     </span>
    </p>
   </div>
   <div class='ocr_carea' id='block_1_52' title="bbox 618 5710 1323 5778">
    <p class='ocr_par' dir='ltr' id='par_1_52' title="bbox 618 5710 1323 5778">
     <span class='ocr_line' id='line_1_52' title="bbox 618 5710 1323 5778; baseline 0.004 -20"><span class='ocrx_word' id='word_1_401' title='bbox 618 5710 645 5750; x_wconf 74' lang='grc' dir='ltr'>ἆ</span> <span class='ocrx_word' id='word_1_402' title='bbox 669 5710 765 5778; x_wconf 44' lang='grc' dir='ltr'><strong>ᾖ</strong></span> <span class='ocrx_word' id='word_1_403' title='bbox 783 5713 839 5758; x_wconf 83' lang='grc' dir='ltr'><em>ού</em></span> <span class='ocrx_word' id='word_1_404' title='bbox 865 5710 1008 5778; x_wconf 80' lang='grc' dir='ltr'><em>θυμὸς</em></span> <span class='ocrx_word' id='word_1_405' title='bbox 1029 5717 1323 5778; x_wconf 80' lang='grc' dir='ltr'><em>παρενοχλεῖ.</em></span> 
     </span>
    </p>
   </div>
   <div class='ocr_carea' id='block_1_53' title="bbox 620 5772 2028 5845">
    <p class='ocr_par' dir='ltr' id='par_1_53' title="bbox 620 5772 2028 5845">
     <span class='ocr_line' id='line_1_53' title="bbox 620 5772 2028 5845; baseline 0.004 -24"><span class='ocrx_word' id='word_1_406' title='bbox 620 5785 641 5810; x_wconf 72' lang='grc' dir='ltr'><strong><em>ο</em></strong></span> <span class='ocrx_word' id='word_1_407' title='bbox 667 5772 827 5825; x_wconf 69' lang='grc' dir='ltr'><em>Ταῦτα</em></span> <span class='ocrx_word' id='word_1_408' title='bbox 847 5772 988 5825; x_wconf 78' lang='lat' dir='ltr'><em>deést</em></span> <span class='ocrx_word' id='word_1_409' title='bbox 1010 5777 1054 5824; x_wconf 85' lang='lat' dir='ltr'><em>in</em></span> <span class='ocrx_word' id='word_1_410' title='bbox 1080 5772 1270 5826; x_wconf 55' lang='lat' dir='ltr'><em>duob&#39;ﬁs</em></span> <span class='ocrx_word' id='word_1_411' title='bbox 1287 5791 1407 5830; x_wconf 79' lang='lat' dir='ltr'><em>mss.</em></span> <span class='ocrx_word' id='word_1_412' title='bbox 1424 5776 1578 5829; x_wconf 79' lang='lat' dir='ltr'><strong>Iidem</strong></span> <span class='ocrx_word' id='word_1_413' title='bbox 1598 5785 1761 5845; x_wconf 78' lang='grc' dir='ltr'><em>φοιτᾷν</em></span> <span class='ocrx_word' id='word_1_414' title='bbox 1780 5779 1906 5843; x_wconf 78' lang='grc' dir='ltr'><em>ποιρά</em></span> <span class='ocrx_word' id='word_1_415' title='bbox 1928 5782 2028 5842; x_wconf 79' lang='grc' dir='ltr'><em>τήν.</em></span> 
     </span>
    </p>
   </div>
   <div class='ocr_carea' id='block_1_54' title="bbox 2260 2051 3799 2125">
    <p class='ocr_par' dir='ltr' id='par_1_54' title="bbox 2260 2051 3799 2125">
     <span class='ocr_line' id='line_1_54' title="bbox 2260 2051 3799 2125; baseline 0.002 -21"><span class='ocrx_word' id='word_1_416' title='bbox 2260 2052 2577 2122; x_wconf 67' lang='grc' dir='ltr'><em>φιλοσοφίας</em></span> <span class='ocrx_word' id='word_1_417' title='bbox 2610 2051 2684 2122; x_wconf 78' lang='grc' dir='ltr'><em>μὴ</em></span> <span class='ocrx_word' id='word_1_418' title='bbox 2707 2051 2943 2122; x_wconf 89' lang='grc' dir='ltr'><em>συνεχῶς</em></span> <span class='ocrx_word' id='word_1_419' title='bbox 2971 2051 3352 2122; x_wconf 75' lang='grc' dir='ltr'><em>ἐπιχωριάζειν</em></span> <span class='ocrx_word' id='word_1_420' title='bbox 3368 2054 3464 2106; x_wconf 79' lang='grc' dir='ltr'><em>καὶ</em></span> <span class='ocrx_word' id='word_1_421' title='bbox 3486 2055 3674 2125; x_wconf 81' lang='grc' dir='ltr'><em>φοιτᾷν</em></span> <span class='ocrx_word' id='word_1_422' title='bbox 3695 2057 3799 2123; x_wconf 72' lang='grc' dir='ltr'><em>πρὸς</em></span> 
     </span>
    </p>
   </div>
   <div class='ocr_carea' id='block_1_55' title="bbox 2257 2135 3796 2206">
    <p class='ocr_par' dir='ltr' id='par_1_55' title="bbox 2257 2135 3796 2206">
     <span class='ocr_line' id='line_1_55' title="bbox 2257 2135 3796 2206; baseline 0.002 -19"><span class='ocrx_word' id='word_1_423' title='bbox 2257 2136 2355 2206; x_wconf 80' lang='grc' dir='ltr'><em>τὴν</em></span> <span class='ocrx_word' id='word_1_424' title='bbox 2395 2135 2579 2205; x_wconf 80' lang='grc' dir='ltr'><em>κοινὴν</em></span> <span class='ocrx_word' id='word_1_425' title='bbox 2605 2136 2857 2188; x_wconf 84' lang='grc' dir='ltr'><em>ἁπάντων</em></span> <span class='ocrx_word' id='word_1_426' title='bbox 2892 2135 3120 2206; x_wconf 87' lang='grc' dir='ltr'><em>μητέρα,</em></span> <span class='ocrx_word' id='word_1_427' title='bbox 3149 2135 3244 2206; x_wconf 84' lang='grc' dir='ltr'><em>τὴν</em></span> <span class='ocrx_word' id='word_1_428' title='bbox 3294 2136 3625 2204; x_wconf 83' lang='grc' dir='ltr'><em>Ἐκκλησίαν</em></span> <span class='ocrx_word' id='word_1_429' title='bbox 3655 2137 3796 2204; x_wconf 78' lang='grc' dir='ltr'><em>λέγως</em></span> 
     </span>
    </p>
   </div>
   <div class='ocr_carea' id='block_1_56' title="bbox 2259 2215 3797 2289">
    <p class='ocr_par' dir='ltr' id='par_1_56' title="bbox 2259 2215 3797 2289">
     <span class='ocr_line' id='line_1_56' title="bbox 2259 2215 3797 2289; baseline 0 -21"><span class='ocrx_word' id='word_1_430' title='bbox 2259 2217 2426 2270; x_wconf 88' lang='grc' dir='ltr'><em>Ποίαν</em></span> <span class='ocrx_word' id='word_1_431' title='bbox 2464 2217 2572 2288; x_wconf 82' lang='grc' dir='ltr'><em>γάρ</em></span> <span class='ocrx_word' id='word_1_432' title='bbox 2597 2217 2662 2270; x_wconf 80' lang='grc' dir='ltr'><em>ἂν</em></span> <span class='ocrx_word' id='word_1_433' title='bbox 2683 2216 2826 2287; x_wconf 77' lang='grc' dir='ltr'><em>ἔχοις</em></span> <span class='ocrx_word' id='word_1_434' title='bbox 2855 2218 3028 2269; x_wconf 73' lang='grc' dir='ltr'><em>εἰπεῖν</em></span> <span class='ocrx_word' id='word_1_435' title='bbox 3053 2233 3144 2289; x_wconf 90' lang='grc' dir='ltr'><em>μοι</em></span> <span class='ocrx_word' id='word_1_436' title='bbox 3173 2215 3374 2288; x_wconf 87' lang='grc' dir='ltr'><em>ταύτης</em></span> <span class='ocrx_word' id='word_1_437' title='bbox 3398 2219 3797 2289; x_wconf 75' lang='grc' dir='ltr'><em>ἀναγκαιοτέραν</em></span> 
     </span>
    </p>
   </div>
   <div class='ocr_carea' id='block_1_57' title="bbox 2256 2299 3797 2372">
    <p class='ocr_par' dir='ltr' id='par_1_57' title="bbox 2256 2299 3797 2372">
     <span class='ocr_line' id='line_1_57' title="bbox 2256 2299 3797 2372; baseline 0.002 -21"><span class='ocrx_word' id='word_1_438' title='bbox 2256 2299 2566 2370; x_wconf 86' lang='grc' dir='ltr'><em>διατριϐήν;</em></span> <span class='ocrx_word' id='word_1_439' title='bbox 2606 2299 2727 2353; x_wconf 90' lang='grc' dir='ltr'><em>τίνα</em></span> <span class='ocrx_word' id='word_1_440' title='bbox 2753 2301 2809 2353; x_wconf 88' lang='grc' dir='ltr'><em>δέ</em></span> <span class='ocrx_word' id='word_1_441' title='bbox 2837 2299 3207 2372; x_wconf 89' lang='grc' dir='ltr'><em>χρηστοτέραν</em></span> <span class='ocrx_word' id='word_1_442' title='bbox 3234 2300 3552 2365; x_wconf 83' lang='grc' dir='ltr'><em>συνουσίαν;</em></span> <span class='ocrx_word' id='word_1_443' title='bbox 3593 2301 3716 2354; x_wconf 81' lang='grc' dir='ltr'><em>τίδὲ</em></span> <span class='ocrx_word' id='word_1_444' title='bbox 3754 2300 3797 2354; x_wconf 72' lang='grc' dir='ltr'><em>τὸ</em></span> 
     </span>
    </p>
   </div>
   <div class='ocr_carea' id='block_1_58' title="bbox 2257 2383 3797 2454">
    <p class='ocr_par' dir='ltr' id='par_1_58' title="bbox 2257 2383 3797 2454">
     <span class='ocr_line' id='line_1_58' title="bbox 2257 2383 3797 2454; baseline -0.001 -18"><span class='ocrx_word' id='word_1_445' title='bbox 2257 2385 2510 2454; x_wconf 88' lang='grc' dir='ltr'><em>ἐμπόδιον</em></span> <span class='ocrx_word' id='word_1_446' title='bbox 2553 2383 2704 2454; x_wconf 81' lang='grc'><em>[568]</em></span> <span class='ocrx_word' id='word_1_447' title='bbox 2735 2385 2832 2453; x_wconf 86' lang='grc' dir='ltr'><em>τῆς</em></span> <span class='ocrx_word' id='word_1_448' title='bbox 2870 2383 3102 2436; x_wconf 84' lang='grc' dir='ltr'><em>ἐνταῦθα</em></span> <span class='ocrx_word' id='word_1_449' title='bbox 3125 2383 3439 2454; x_wconf 85' lang='grc' dir='ltr'><em>διατριϐἧς;</em></span> <span class='ocrx_word' id='word_1_450' title='bbox 3478 2384 3702 2447; x_wconf 83' lang='grc' dir='ltr'><em>Πάντως</em></span> <span class='ocrx_word' id='word_1_451' title='bbox 3730 2401 3797 2453; x_wconf 83' lang='grc' dir='ltr'><em>μοι</em></span> 
     </span>
    </p>
   </div>
   <div class='ocr_carea' id='block_1_59' title="bbox 2255 2465 3797 2536">
    <p class='ocr_par' dir='ltr' id='par_1_59' title="bbox 2255 2465 3797 2536">
     <span class='ocr_line' id='line_1_59' title="bbox 2255 2465 3797 2536; baseline -0.001 -17"><span class='ocrx_word' id='word_1_452' title='bbox 2255 2465 2352 2536; x_wconf 85' lang='grc' dir='ltr'><em>τὴν</em></span> <span class='ocrx_word' id='word_1_453' title='bbox 2371 2465 2559 2520; x_wconf 87' lang='grc' dir='ltr'><em>πενίαν</em></span> <span class='ocrx_word' id='word_1_454' title='bbox 2582 2468 2727 2536; x_wconf 87' lang='grc' dir='ltr'><em>ἐρεῖς</em></span> <span class='ocrx_word' id='word_1_455' title='bbox 2751 2465 2980 2536; x_wconf 87' lang='grc' dir='ltr'><em>κώλυμά</em></span> <span class='ocrx_word' id='word_1_456' title='bbox 3005 2483 3086 2520; x_wconf 88' lang='grc' dir='ltr'><em>σοι</em></span> <span class='ocrx_word' id='word_1_457' title='bbox 3114 2465 3353 2535; x_wconf 88' lang='grc' dir='ltr'><em>γίνεσθαι</em></span> <span class='ocrx_word' id='word_1_458' title='bbox 3374 2466 3468 2519; x_wconf 88' lang='grc' dir='ltr'><em>τοῦ</em></span> <span class='ocrx_word' id='word_1_459' title='bbox 3493 2466 3662 2520; x_wconf 86' lang='grc' dir='ltr'><em>καλοῦ</em></span> <span class='ocrx_word' id='word_1_460' title='bbox 3677 2467 3797 2519; x_wconf 73' lang='grc' dir='ltr'><em>τοῦδε</em></span> 
     </span>
    </p>
   </div>
   <div class='ocr_carea' id='block_1_60' title="bbox 2258 2548 3798 2620">
    <p class='ocr_par' dir='ltr' id='par_1_60' title="bbox 2258 2548 3798 2620">
     <span class='ocr_line' id='line_1_60' title="bbox 2258 2548 3798 2620; baseline -0.001 -19"><span class='ocrx_word' id='word_1_461' title='bbox 2258 2549 2534 2618; x_wconf 87' lang='grc' dir='ltr'><em>συλλόγου·</em></span> <span class='ocrx_word' id='word_1_462' title='bbox 2560 2550 2672 2604; x_wconf 89' lang='grc' dir='ltr'><em>ἀλλ’</em></span> <span class='ocrx_word' id='word_1_463' title='bbox 2707 2550 2805 2602; x_wconf 80' lang='grc' dir='ltr'><em>οὐκ</em></span> <span class='ocrx_word' id='word_1_464' title='bbox 2856 2548 3076 2617; x_wconf 75' lang='grc' dir='ltr'><em>εὔλογος</em></span> <span class='ocrx_word' id='word_1_465' title='bbox 3103 2551 3137 2620; x_wconf 83' lang='grc' dir='ltr'><em>ή</em></span> <span class='ocrx_word' id='word_1_466' title='bbox 3176 2549 3462 2620; x_wconf 83' lang='grc' dir='ltr'><em>πρόφασις.</em></span> <span class='ocrx_word' id='word_1_467' title='bbox 3509 2551 3680 2603; x_wconf 84' lang='grc' dir='ltr'><em>Ἐπτά</em></span> <span class='ocrx_word' id='word_1_468' title='bbox 3699 2549 3798 2620; x_wconf 81' lang='grc' dir='ltr'><em>ήμέ-</em></span> 
     </span>
    </p>
   </div>
   <div class='ocr_carea' id='block_1_61' title="bbox 2257 2630 3797 2704">
    <p class='ocr_par' dir='ltr' id='par_1_61' title="bbox 2257 2630 3797 2704">
     <span class='ocr_line' id='line_1_61' title="bbox 2257 2630 3797 2704; baseline 0 -20"><span class='ocrx_word' id='word_1_469' title='bbox 2257 2649 2356 2702; x_wconf 88' lang='grc' dir='ltr'><em>ρας</em></span> <span class='ocrx_word' id='word_1_470' title='bbox 2379 2635 2410 2702; x_wconf 88' lang='grc' dir='ltr'><em>ή</em></span> <span class='ocrx_word' id='word_1_471' title='bbox 2444 2631 2676 2704; x_wconf 78' lang='grc' dir='ltr'><em>ἑϐδομὰς</em></span> <span class='ocrx_word' id='word_1_472' title='bbox 2705 2631 2839 2702; x_wconf 71' lang='grc' dir='ltr'><em>ἔχει’</em></span> <span class='ocrx_word' id='word_1_473' title='bbox 2872 2630 2969 2695; x_wconf 85' lang='grc' dir='ltr'><em>τὰς</em></span> <span class='ocrx_word' id='word_1_474' title='bbox 2990 2631 3131 2684; x_wconf 88' lang='grc' dir='ltr'><em>ἐπτά</em></span> <span class='ocrx_word' id='word_1_475' title='bbox 3149 2630 3350 2695; x_wconf 87' lang='grc' dir='ltr'><em>ταύτας</em></span> <span class='ocrx_word' id='word_1_476' title='bbox 3376 2633 3676 2703; x_wconf 85' lang='grc' dir='ltr'><em>ἐμερίσατο</em></span> 
     </span>
    </p>
   </div>
   <div class='ocr_carea' id='block_1_62' title="bbox 2253 2713 3797 2786">
    <p class='ocr_par' dir='ltr' id='par_1_62' title="bbox 2253 2713 3797 2786">
     <span class='ocr_line' id='line_1_62' title="bbox 2253 2713 3797 2786; baseline 0 -19"><span class='ocrx_word' id='word_1_477' title='bbox 2253 2716 2403 2784; x_wconf 82' lang='grc' dir='ltr'><em>ἡμᾶς</em></span> <span class='ocrx_word' id='word_1_478' title='bbox 2449 2718 2478 2768; x_wconf 89' lang='grc' dir='ltr'>ὁ</span> <span class='ocrx_word' id='word_1_479' title='bbox 2517 2715 2668 2778; x_wconf 83' lang='grc' dir='ltr'><em>Θεός·</em></span> <span class='ocrx_word' id='word_1_480' title='bbox 2708 2716 2800 2769; x_wconf 79' lang='grc' dir='ltr'><em>καὶ</em></span> <span class='ocrx_word' id='word_1_481' title='bbox 2832 2716 2930 2784; x_wconf 82' lang='grc' dir='ltr'><em>οὐχ</em></span> <span class='ocrx_word' id='word_1_482' title='bbox 2961 2713 3138 2784; x_wconf 84' lang='grc' dir='ltr'><em>ἐαυτῷ</em></span> <span class='ocrx_word' id='word_1_483' title='bbox 3174 2714 3270 2784; x_wconf 83' lang='grc' dir='ltr'><em>μὲν</em></span> <span class='ocrx_word' id='word_1_484' title='bbox 3301 2714 3362 2767; x_wconf 85' lang='grc' dir='ltr'><em>τὸ</em></span> <span class='ocrx_word' id='word_1_485' title='bbox 3389 2714 3580 2781; x_wconf 85' lang='grc' dir='ltr'><em>πλέον,</em></span> <span class='ocrx_word' id='word_1_486' title='bbox 3610 2717 3730 2786; x_wconf 76' lang='grc' dir='ltr'><em>ἡμῖν</em></span> <span class='ocrx_word' id='word_1_487' title='bbox 3755 2713 3797 2767; x_wconf 70' lang='grc' dir='ltr'><em>δὲ</em></span> 
     </span>
    </p>
   </div>
   <div class='ocr_carea' id='block_1_63' title="bbox 2253 2794 3797 2868">
    <p class='ocr_par' dir='ltr' id='par_1_63' title="bbox 2253 2794 3797 2868">
     <span class='ocr_line' id='line_1_63' title="bbox 2253 2794 3797 2868; baseline 0.001 -20"><span class='ocrx_word' id='word_1_488' title='bbox 2253 2799 2315 2848; x_wconf 85' lang='grc' dir='ltr'><em>τὸ</em></span> <span class='ocrx_word' id='word_1_489' title='bbox 2347 2796 2564 2850; x_wconf 77' lang='grc' dir='ltr'><em>ἔλαττον</em></span> <span class='ocrx_word' id='word_1_490' title='bbox 2599 2797 2786 2859; x_wconf 77' lang='grc' dir='ltr'><em>ἔδωκε,</em></span> <span class='ocrx_word' id='word_1_491' title='bbox 2825 2796 3023 2867; x_wconf 79' lang='grc' dir='ltr'><em>μᾶλλον</em></span> <span class='ocrx_word' id='word_1_492' title='bbox 3043 2795 3100 2848; x_wconf 86' lang='grc' dir='ltr'><em>δὲ</em></span> <span class='ocrx_word' id='word_1_493' title='bbox 3125 2794 3248 2847; x_wconf 83' lang='grc' dir='ltr'><em>οὐδὲ</em></span> <span class='ocrx_word' id='word_1_494' title='bbox 3277 2795 3338 2860; x_wconf 83' lang='grc' dir='ltr'><em>ἐξ</em></span> <span class='ocrx_word' id='word_1_495' title='bbox 3369 2797 3632 2868; x_wconf 77' lang='grc' dir='ltr'><em>ἡμισείας</em></span> <span class='ocrx_word' id='word_1_496' title='bbox 3661 2797 3797 2857; x_wconf 65' lang='grc' dir='ltr'><em>αὐτὰς</em></span> 
     </span>
    </p>
   </div>
   <div class='ocr_carea' id='block_1_64' title="bbox 2253 2878 3798 2952">
    <p class='ocr_par' dir='ltr' id='par_1_64' title="bbox 2253 2878 3798 2952">
     <span class='ocr_line' id='line_1_64' title="bbox 2253 2878 3798 2952; baseline 0 -21"><span class='ocrx_word' id='word_1_497' title='bbox 2253 2879 2579 2949; x_wconf 87' lang='grc' dir='ltr'><em>διενείματο,</em></span> <span class='ocrx_word' id='word_1_498' title='bbox 2608 2881 2708 2933; x_wconf 88' lang='grc' dir='ltr'><em>οὐκ</em></span> <span class='ocrx_word' id='word_1_499' title='bbox 2725 2880 2882 2932; x_wconf 79' lang='grc' dir='ltr'><em>ἔλαϐε</em></span> <span class='ocrx_word' id='word_1_500' title='bbox 2901 2881 3049 2949; x_wconf 89' lang='grc' dir='ltr'><em>τρεῖς</em></span> <span class='ocrx_word' id='word_1_501' title='bbox 3076 2878 3169 2931; x_wconf 72' lang='grc' dir='ltr'><em>καὶ</em></span> <span class='ocrx_word' id='word_1_502' title='bbox 3191 2878 3356 2932; x_wconf 78' lang='grc' dir='ltr'><em>ἔδωκε</em></span> <span class='ocrx_word' id='word_1_503' title='bbox 3384 2883 3563 2952; x_wconf 88' lang='grc' dir='ltr'><em>τρεῖς,</em></span> <span class='ocrx_word' id='word_1_504' title='bbox 3598 2880 3724 2934; x_wconf 83' lang='grc' dir='ltr'><em>ἀλλά</em></span> <span class='ocrx_word' id='word_1_505' title='bbox 3738 2880 3798 2931; x_wconf 71' lang='grc' dir='ltr'><em>σοὶ</em></span> 
     </span>
    </p>
   </div>
   <div class='ocr_carea' id='block_1_65' title="bbox 2257 2962 3794 3032">
    <p class='ocr_par' dir='ltr' id='par_1_65' title="bbox 2257 2962 3794 3032">
     <span class='ocr_line' id='line_1_65' title="bbox 2257 2962 3794 3032; baseline -0.001 -17"><span class='ocrx_word' id='word_1_506' title='bbox 2257 2962 2352 3032; x_wconf 83' lang='grc' dir='ltr'><em>μὲν</em></span> <span class='ocrx_word' id='word_1_507' title='bbox 2373 2963 2666 3032; x_wconf 82' lang='grc' dir='ltr'><em>ἀπένειμεν</em></span> <span class='ocrx_word' id='word_1_508' title='bbox 2702 2962 2779 3028; x_wconf 82' lang='grc' dir='ltr'><em>ἓξ,</em></span> <span class='ocrx_word' id='word_1_509' title='bbox 2812 2962 2987 3032; x_wconf 87' lang='grc' dir='ltr'><em>ἐαυτῷ</em></span> <span class='ocrx_word' id='word_1_510' title='bbox 3021 2962 3079 3015; x_wconf 86' lang='grc' dir='ltr'><em>δὲ</em></span> <span class='ocrx_word' id='word_1_511' title='bbox 3094 2963 3347 3016; x_wconf 87' lang='grc' dir='ltr'><em>κατέλιπε</em></span> <span class='ocrx_word' id='word_1_512' title='bbox 3375 2964 3531 3032; x_wconf 89' lang='grc' dir='ltr'><em>μίαν.</em></span> <span class='ocrx_word' id='word_1_513' title='bbox 3562 2966 3671 3018; x_wconf 76' lang='grc' dir='ltr'><em>Καὶ</em></span> <span class='ocrx_word' id='word_1_514' title='bbox 3705 2964 3794 3017; x_wconf 68' lang='grc' dir='ltr'><em>οὖδέ</em></span> 
     </span>
    </p>
   </div>
   <div class='ocr_carea' id='block_1_66' title="bbox 2252 3043 3794 3120">
    <p class='ocr_par' dir='ltr' id='par_1_66' title="bbox 2252 3043 3794 3120">
     <span class='ocr_line' id='line_1_66' title="bbox 2252 3043 3794 3120; baseline 0 -22"><span class='ocrx_word' id='word_1_515' title='bbox 2252 3047 2310 3098; x_wconf 88' lang='grc' dir='ltr'><em>ἐν</em></span> <span class='ocrx_word' id='word_1_516' title='bbox 2340 3045 2512 3120; x_wconf 86' lang='grc' dir='ltr'><em>ταύτῃ</em></span> <span class='ocrx_word' id='word_1_517' title='bbox 2540 3049 2606 3118; x_wconf 80' lang='grc' dir='ltr'><em>τῇ</em></span> <span class='ocrx_word' id='word_1_518' title='bbox 2659 3045 2755 3118; x_wconf 82' lang='grc' dir='ltr'><em>ὅλῃ</em></span> <span class='ocrx_word' id='word_1_519' title='bbox 2813 3045 2979 3116; x_wconf 84' lang='grc' dir='ltr'><em>ἀνέχῃ</em></span> <span class='ocrx_word' id='word_1_520' title='bbox 3030 3043 3139 3098; x_wconf 90' lang='grc' dir='ltr'><em>τῶν</em></span> <span class='ocrx_word' id='word_1_521' title='bbox 3189 3045 3453 3116; x_wconf 86' lang='grc' dir='ltr'><em>βιωτικῶν</em></span> <span class='ocrx_word' id='word_1_522' title='bbox 3479 3047 3794 3119; x_wconf 68' lang='grc' dir='ltr'><em>ἀπηλλάχθαι</em></span> 
     </span>
    </p>
   </div>
   <div class='ocr_carea' id='block_1_67' title="bbox 2252 3127 3794 3201">
    <p class='ocr_par' dir='ltr' id='par_1_67' title="bbox 2252 3127 3794 3201">
     <span class='ocr_line' id='line_1_67' title="bbox 2252 3127 3794 3201; baseline -0.001 -21"><span class='ocrx_word' id='word_1_523' title='bbox 2252 3130 2613 3200; x_wconf 85' lang='grc' dir='ltr'><em>πραγμάτων,</em></span> <span class='ocrx_word' id='word_1_524' title='bbox 2655 3128 2769 3182; x_wconf 85' lang='grc' dir='ltr'><em>ἀλλ’</em></span> <span class='ocrx_word' id='word_1_525' title='bbox 2789 3129 2924 3198; x_wconf 83' lang='grc' dir='ltr'><em>ὅπερ</em></span> <span class='ocrx_word' id='word_1_526' title='bbox 2940 3130 2988 3180; x_wconf 85' lang='grc' dir='ltr'><em>οί</em></span> <span class='ocrx_word' id='word_1_527' title='bbox 3021 3127 3090 3180; x_wconf 84' lang='grc' dir='ltr'><em>τά</em></span> <span class='ocrx_word' id='word_1_528' title='bbox 3125 3128 3244 3198; x_wconf 89' lang='grc' dir='ltr'><em>ἱερά</em></span> <span class='ocrx_word' id='word_1_529' title='bbox 3277 3128 3551 3193; x_wconf 86' lang='grc' dir='ltr'><em>συλῶντες</em></span> <span class='ocrx_word' id='word_1_530' title='bbox 3570 3131 3794 3201; x_wconf 66' lang='grc' dir='ltr'><em>χρήματιΔ</em></span> 
     </span>
    </p>
   </div>
   <div class='ocr_carea' id='block_1_68' title="bbox 2252 3209 3794 3284">
    <p class='ocr_par' dir='ltr' id='par_1_68' title="bbox 2252 3209 3794 3284">
     <span class='ocr_line' id='line_1_68' title="bbox 2252 3209 3794 3284; baseline 0 -21"><span class='ocrx_word' id='word_1_531' title='bbox 2252 3212 2486 3278; x_wconf 89' lang='grc' dir='ltr'><em>ποιοῦσι,</em></span> <span class='ocrx_word' id='word_1_532' title='bbox 2515 3209 2672 3265; x_wconf 89' lang='grc' dir='ltr'><em>τοῦτο</em></span> <span class='ocrx_word' id='word_1_533' title='bbox 2695 3212 2789 3264; x_wconf 72' lang='grc' dir='ltr'><em>καὶ</em></span> <span class='ocrx_word' id='word_1_534' title='bbox 2814 3211 2877 3263; x_wconf 78' lang='grc' dir='ltr'><em>σὺ</em></span> <span class='ocrx_word' id='word_1_535' title='bbox 2906 3211 2997 3263; x_wconf 75' lang='grc' dir='ltr'><em>ἐπὶ</em></span> <span class='ocrx_word' id='word_1_536' title='bbox 3009 3211 3107 3281; x_wconf 83' lang='grc' dir='ltr'><em>τῆς</em></span> <span class='ocrx_word' id='word_1_537' title='bbox 3123 3211 3228 3282; x_wconf 82' lang='grc' dir='ltr'><em>ήμέ</em></span> <span class='ocrx_word' id='word_1_538' title='bbox 3239 3228 3335 3282; x_wconf 89' lang='grc' dir='ltr'><em>ρας</em></span> <span class='ocrx_word' id='word_1_539' title='bbox 3361 3211 3573 3284; x_wconf 85' lang='grc' dir='ltr'><em>ταύτης</em></span> <span class='ocrx_word' id='word_1_540' title='bbox 3601 3213 3794 3282; x_wconf 72' lang='grc' dir='ltr'><em>τολμᾷς,</em></span> 
     </span>
    </p>
   </div>
   <div class='ocr_carea' id='block_1_69' title="bbox 2251 3292 3797 3366">
    <p class='ocr_par' dir='ltr' id='par_1_69' title="bbox 2251 3292 3797 3366">
     <span class='ocr_line' id='line_1_69' title="bbox 2251 3292 3797 3366; baseline 0 -18"><span class='ocrx_word' id='word_1_541' title='bbox 2251 3295 2420 3364; x_wconf 80' lang='grc' dir='ltr'><em>αὐτὴν</em></span> <span class='ocrx_word' id='word_1_542' title='bbox 2453 3292 2618 3349; x_wconf 84' lang='grc' dir='ltr'><em>οὖσαν</em></span> <span class='ocrx_word' id='word_1_543' title='bbox 2650 3295 2800 3364; x_wconf 83' lang='grc' dir='ltr'><em>ίεράν</em></span> <span class='ocrx_word' id='word_1_544' title='bbox 2822 3295 2916 3349; x_wconf 75' lang='grc' dir='ltr'><em>καὶ</em></span> <span class='ocrx_word' id='word_1_545' title='bbox 2941 3294 3306 3365; x_wconf 86' lang='grc' dir='ltr'><em>ἀνακειμένην</em></span> <span class='ocrx_word' id='word_1_546' title='bbox 3335 3298 3400 3366; x_wconf 83' lang='grc' dir='ltr'><em>τῇ</em></span> <span class='ocrx_word' id='word_1_547' title='bbox 3430 3295 3546 3349; x_wconf 87' lang='grc' dir='ltr'><em>τῶν</em></span> <span class='ocrx_word' id='word_1_548' title='bbox 3582 3313 3797 3365; x_wconf 73' lang='grc' dir='ltr'><em>πνευμα-</em></span> 
     </span>
    </p>
   </div>
   <div class='ocr_carea' id='block_1_70' title="bbox 2249 3359 3853 3451">
    <p class='ocr_par' dir='ltr' id='par_1_70' title="bbox 2249 3359 3853 3451">
     <span class='ocr_line' id='line_1_70' title="bbox 2249 3359 3853 3451; baseline 0.006 -21"><span class='ocrx_word' id='word_1_549' title='bbox 2249 3359 2416 3431; x_wconf 79' lang='grc' dir='ltr'><em>τικῶν</em></span> <span class='ocrx_word' id='word_1_550' title='bbox 2443 3359 2713 3450; x_wconf 40' lang='grc' dir='ltr'><em>ἀκροάσει·</em></span> <span class='ocrx_word' id='word_1_551' title='bbox 2730 3378 2924 3446; x_wconf 90' lang='grc' dir='ltr'><em>λογίων</em></span> <span class='ocrx_word' id='word_1_552' title='bbox 2969 3359 3229 3447; x_wconf 69' lang='grc' dir='ltr'><em>ἁρπάξων</em></span> <span class='ocrx_word' id='word_1_553' title='bbox 3262 3359 3798 3451; x_wconf 55' lang='grc' dir='ltr'><em>καῖ’καταχρὼμενος</em></span> <span class='ocrx_word' id='word_1_554' title='bbox 3851 3359 3853 3442; x_wconf 49' lang='grc' dir='ltr'><em>ί</em></span> 
     </span>
    </p>
   </div>
   <div class='ocr_carea' id='block_1_71' title="bbox 2250 3459 3796 3535">
    <p class='ocr_par' dir='ltr' id='par_1_71' title="bbox 2250 3459 3796 3535">
     <span class='ocr_line' id='line_1_71' title="bbox 2250 3459 3796 3535; baseline 0.001 -23"><span class='ocrx_word' id='word_1_555' title='bbox 2250 3461 2330 3523; x_wconf 84' lang='grc' dir='ltr'><em>εἰς</em></span> <span class='ocrx_word' id='word_1_556' title='bbox 2362 3461 2619 3531; x_wconf 86' lang='grc' dir='ltr'><em>βιωτικάς</em></span> <span class='ocrx_word' id='word_1_557' title='bbox 2645 3460 2944 3533; x_wconf 85' lang='grc' dir='ltr'><em>φροντίδας.</em></span> <span class='ocrx_word' id='word_1_558' title='bbox 2979 3460 3044 3512; x_wconf 89' lang='grc' dir='ltr'><em>Τί</em></span> <span class='ocrx_word' id='word_1_559' title='bbox 3075 3459 3132 3512; x_wconf 84' lang='grc' dir='ltr'><em>δὲ</em></span> <span class='ocrx_word' id='word_1_560' title='bbox 3157 3460 3296 3528; x_wconf 91' lang='grc' dir='ltr'><em>λέγω</em></span> <span class='ocrx_word' id='word_1_561' title='bbox 3325 3462 3450 3532; x_wconf 80' lang='grc' dir='ltr'><em>περὶ</em></span> <span class='ocrx_word' id='word_1_562' title='bbox 3475 3463 3692 3535; x_wconf 80' lang='grc' dir='ltr'><em>ἡμέρας</em></span> <span class='ocrx_word' id='word_1_563' title='bbox 3713 3463 3796 3514; x_wconf 75' lang='grc' dir='ltr'><em>ὁλο-</em></span> 
     </span>
    </p>
   </div>
   <div class='ocr_carea' id='block_1_72' title="bbox 2249 3541 3794 3615">
    <p class='ocr_par' dir='ltr' id='par_1_72' title="bbox 2249 3541 3794 3615">
     <span class='ocr_line' id='line_1_72' title="bbox 2249 3541 3794 3615; baseline 0.001 -21"><span class='ocrx_word' id='word_1_564' title='bbox 2249 3543 2634 3614; x_wconf 84' lang='grc' dir='ltr'><em>κλήρου;ὃπερ</em></span> <span class='ocrx_word' id='word_1_565' title='bbox 2653 3544 2744 3597; x_wconf 73' lang='grc' dir='ltr'><em>ἐπὶ</em></span> <span class='ocrx_word' id='word_1_566' title='bbox 2778 3543 2875 3613; x_wconf 85' lang='grc' dir='ltr'><em>τῆς</em></span> <span class='ocrx_word' id='word_1_567' title='bbox 2895 3541 3265 3613; x_wconf 84' lang='grc' dir='ltr'><em>ἐλεημοσύνης</em></span> <span class='ocrx_word' id='word_1_568' title='bbox 3294 3543 3554 3614; x_wconf 81' lang='grc' dir='ltr'><em>ἐποίησεν</em></span> <span class='ocrx_word' id='word_1_569' title='bbox 3587 3547 3620 3615; x_wconf 82' lang='grc' dir='ltr'>ὴ</span> <span class='ocrx_word' id='word_1_570' title='bbox 3657 3547 3794 3615; x_wconf 73' lang='grc' dir='ltr'><em>χήρα,</em></span> 
     </span>
    </p>
   </div>
   <div class='ocr_carea' id='block_1_73' title="bbox 2246 3623 3792 3698">
    <p class='ocr_par' dir='ltr' id='par_1_73' title="bbox 2246 3623 3792 3698">
     <span class='ocr_line' id='line_1_73' title="bbox 2246 3623 3792 3698; baseline 0.002 -22"><span class='ocrx_word' id='word_1_571' title='bbox 2246 3623 2405 3677; x_wconf 91' lang='grc' dir='ltr'><em>τοῦτο</em></span> <span class='ocrx_word' id='word_1_572' title='bbox 2439 3625 2662 3694; x_wconf 90' lang='grc' dir='ltr'><em>ποίησον</em></span> <span class='ocrx_word' id='word_1_573' title='bbox 2717 3625 2810 3677; x_wconf 77' lang='grc' dir='ltr'><em>ἐπὶ</em></span> <span class='ocrx_word' id='word_1_574' title='bbox 2839 3623 2932 3678; x_wconf 90' lang='grc' dir='ltr'><em>τοῦ</em></span> <span class='ocrx_word' id='word_1_575' title='bbox 2966 3623 3159 3696; x_wconf 80' lang='grc' dir='ltr'><em>καιροῦ</em></span> <span class='ocrx_word' id='word_1_576' title='bbox 3199 3624 3292 3678; x_wconf 81' lang='grc' dir='ltr'><em>καὶ</em></span> <span class='ocrx_word' id='word_1_577' title='bbox 3322 3625 3385 3678; x_wconf 84' lang='grc' dir='ltr'><em>σὺ</em></span> <span class='ocrx_word' id='word_1_578' title='bbox 3437 3626 3539 3696; x_wconf 88' lang='grc' dir='ltr'><em>τῆς</em></span> <span class='ocrx_word' id='word_1_579' title='bbox 3583 3628 3792 3698; x_wconf 70' lang='grc' dir='ltr'><em>ἡμέρας</em></span> 
     </span>
    </p>
   </div>
   <div class='ocr_carea' id='block_1_74' title="bbox 2247 3705 3796 3778">
    <p class='ocr_par' dir='ltr' id='par_1_74' title="bbox 2247 3705 3796 3778">
     <span class='ocr_line' id='line_1_74' title="bbox 2247 3705 3796 3778; baseline 0.001 -20"><span class='ocrx_word' id='word_1_580' title='bbox 2247 3705 2496 3777; x_wconf 88' lang='grc' dir='ltr'><em>καθάπερ</em></span> <span class='ocrx_word' id='word_1_581' title='bbox 2529 3708 2709 3778; x_wconf 88' lang='grc' dir='ltr'><em>ἐκείνη</em></span> <span class='ocrx_word' id='word_1_582' title='bbox 2760 3706 2852 3760; x_wconf 88' lang='grc' dir='ltr'><em>δύο</em></span> <span class='ocrx_word' id='word_1_583' title='bbox 2892 3707 3187 3760; x_wconf 86' lang='grc' dir='ltr'><em>κατέϐαλεν</em></span> <span class='ocrx_word' id='word_1_584' title='bbox 3213 3708 3450 3774; x_wconf 80' lang='grc' dir='ltr'><em>ὀϐολοὺς,</em></span> <span class='ocrx_word' id='word_1_585' title='bbox 3481 3711 3583 3764; x_wconf 78' lang='grc' dir='ltr'><em>καὶ</em></span> <span class='ocrx_word' id='word_1_586' title='bbox 3623 3711 3796 3778; x_wconf 73' lang='grc' dir='ltr'><em>πολλὴν</em></span> 
     </span>
    </p>
   </div>
   <div class='ocr_carea' id='block_1_75' title="bbox 2246 3790 3794 3862">
    <p class='ocr_par' dir='ltr' id='par_1_75' title="bbox 2246 3790 3794 3862">
     <span class='ocr_line' id='line_1_75' title="bbox 2246 3790 3794 3862; baseline 0.003 -21"><span class='ocrx_word' id='word_1_587' title='bbox 2246 3790 2399 3857; x_wconf 89' lang='grc' dir='ltr'><em>παρά</em></span> <span class='ocrx_word' id='word_1_588' title='bbox 2413 3791 2506 3844; x_wconf 85' lang='grc' dir='ltr'><em>τοῦ</em></span> <span class='ocrx_word' id='word_1_589' title='bbox 2537 3791 2671 3844; x_wconf 83' lang='grc' dir='ltr'><em>Θεοῦ</em></span> <span class='ocrx_word' id='word_1_590' title='bbox 2699 3791 3048 3845; x_wconf 86' lang='grc' dir='ltr'><em>ἐπεσπάσατο</em></span> <span class='ocrx_word' id='word_1_591' title='bbox 3081 3790 3178 3862; x_wconf 84' lang='grc' dir='ltr'><em>τὴν</em></span> <span class='ocrx_word' id='word_1_592' title='bbox 3206 3790 3433 3845; x_wconf 72' lang='grc' dir='ltr'><em>εῦνοιαψ</em></span> <span class='ocrx_word' id='word_1_593' title='bbox 3463 3793 3612 3847; x_wconf 77' lang='grc' dir='ltr'><em>οὕτω</em></span> <span class='ocrx_word' id='word_1_594' title='bbox 3641 3795 3723 3846; x_wconf 78' lang='grc' dir='ltr'><em>καὶ</em></span> <span class='ocrx_word' id='word_1_595' title='bbox 3744 3795 3794 3845; x_wconf 63' lang='grc' dir='ltr'><em>σὺ</em></span> 
     </span>
    </p>
   </div>
   <div class='ocr_carea' id='block_1_76' title="bbox 2243 3869 3795 3945">
    <p class='ocr_par' dir='ltr' id='par_1_76' title="bbox 2243 3869 3795 3945">
     <span class='ocr_line' id='line_1_76' title="bbox 2243 3869 3795 3945; baseline 0.003 -23"><span class='ocrx_word' id='word_1_596' title='bbox 2243 3869 2337 3923; x_wconf 90' lang='grc' dir='ltr'><em>δύο</em></span> <span class='ocrx_word' id='word_1_597' title='bbox 2369 3871 2612 3925; x_wconf 87' lang='grc' dir='ltr'><em>δάνεισον</em></span> <span class='ocrx_word' id='word_1_598' title='bbox 2631 3871 2780 3940; x_wconf 84' lang='grc' dir='ltr'><em>ὥρας</em></span> <span class='ocrx_word' id='word_1_599' title='bbox 2802 3871 2879 3943; x_wconf 87' lang='grc' dir='ltr'><em>τῷ</em></span> <span class='ocrx_word' id='word_1_600' title='bbox 2909 3871 3048 3942; x_wconf 84' lang='grc' dir='ltr'><em>Θεῷ,</em></span> <span class='ocrx_word' id='word_1_601' title='bbox 3075 3873 3168 3925; x_wconf 74' lang='grc' dir='ltr'><em>καὶ</em></span> <span class='ocrx_word' id='word_1_602' title='bbox 3196 3874 3403 3943; x_wconf 89' lang='grc' dir='ltr'><em>μυρίων</em></span> <span class='ocrx_word' id='word_1_603' title='bbox 3434 3875 3663 3945; x_wconf 79' lang='grc' dir='ltr'><em>ἡμερῶν</em></span> <span class='ocrx_word' id='word_1_604' title='bbox 3687 3875 3795 3944; x_wconf 84' lang='grc' dir='ltr'><em>κέρ-</em></span> 
     </span>
    </p>
   </div>
   <div class='ocr_carea' id='block_1_77' title="bbox 2243 3951 3791 4025">
    <p class='ocr_par' dir='ltr' id='par_1_77' title="bbox 2243 3951 3791 4025">
     <span class='ocr_line' id='line_1_77' title="bbox 2243 3951 3791 4025; baseline 0.003 -21"><span class='ocrx_word' id='word_1_605' title='bbox 2243 3951 2427 4016; x_wconf 85' lang='grc' dir='ltr'><em>δοςείς</em></span> <span class='ocrx_word' id='word_1_606' title='bbox 2459 3953 2558 4025; x_wconf 82' lang='grc' dir='ltr'><em>τὴν</em></span> <span class='ocrx_word' id='word_1_607' title='bbox 2588 3956 2763 4008; x_wconf 83' lang='grc' dir='ltr'><em>οἰκίαν</em></span> <span class='ocrx_word' id='word_1_608' title='bbox 2796 3953 3033 4020; x_wconf 85' lang='grc' dir='ltr'><em>εἰσάξεις</em></span> <span class='ocrx_word' id='word_1_609' title='bbox 3055 3955 3153 4024; x_wconf 80' lang='grc' dir='ltr'><em>τὴν</em></span> <span class='ocrx_word' id='word_1_610' title='bbox 3180 3956 3298 4025; x_wconf 88' lang='grc' dir='ltr'><em>σήν.</em></span> <span class='ocrx_word' id='word_1_611' title='bbox 3334 3957 3395 4008; x_wconf 68' lang='lat' dir='ltr'><strong>Et</strong></span> <span class='ocrx_word' id='word_1_612' title='bbox 3416 3955 3472 4009; x_wconf 84' lang='grc' dir='ltr'><em>δὲ</em></span> <span class='ocrx_word' id='word_1_613' title='bbox 3501 3958 3607 4009; x_wconf 84' lang='grc' dir='ltr'><em>οὐκ</em></span> <span class='ocrx_word' id='word_1_614' title='bbox 3628 3957 3791 4025; x_wconf 70' lang='grc' dir='ltr'><em>ἀνέχῃ.</em></span> 
     </span>
    </p>
   </div>
   <div class='ocr_carea' id='block_1_78' title="bbox 2245 4037 3793 4110">
    <p class='ocr_par' dir='ltr' id='par_1_78' title="bbox 2245 4037 3793 4110">
     <span class='ocr_line' id='line_1_78' title="bbox 2245 4037 3793 4110; baseline 0.003 -22"><span class='ocrx_word' id='word_1_615' title='bbox 2245 4037 2436 4089; x_wconf 87' lang='grc' dir='ltr'><em>σκόπει</em></span> <span class='ocrx_word' id='word_1_616' title='bbox 2456 4039 2528 4107; x_wconf 86' lang='grc' dir='ltr'><em>μή</em></span> <span class='ocrx_word' id='word_1_617' title='bbox 2562 4055 2713 4104; x_wconf 90' lang='grc' dir='ltr'><em>ποτε,</em></span> <span class='ocrx_word' id='word_1_618' title='bbox 2747 4037 2939 4109; x_wconf 82' lang='grc' dir='ltr'><em>μικρὸν</em></span> <span class='ocrx_word' id='word_1_619' title='bbox 2963 4038 3173 4109; x_wconf 82' lang='grc' dir='ltr'><em>ἡμέρας</em></span> <span class='ocrx_word' id='word_1_620' title='bbox 3203 4039 3365 4109; x_wconf 86' lang='grc' dir='ltr'><em>μέρος</em></span> <span class='ocrx_word' id='word_1_621' title='bbox 3387 4039 3450 4091; x_wconf 83' lang='grc' dir='ltr'><em>οὐ</em></span> <span class='ocrx_word' id='word_1_622' title='bbox 3491 4039 3793 4110; x_wconf 74' lang='grc' dir='ltr'><em>βουλόμενος</em></span> 
     </span>
    </p>
   </div>
   <div class='ocr_carea' id='block_1_79' title="bbox 2243 4117 3791 4192">
    <p class='ocr_par' dir='ltr' id='par_1_79' title="bbox 2243 4117 3791 4192">
     <span class='ocr_line' id='line_1_79' title="bbox 2243 4117 3791 4192; baseline 0 -22"><span class='ocrx_word' id='word_1_623' title='bbox 2243 4117 2433 4171; x_wconf 87' lang='grc' dir='ltr'><em>ἐαυτὸν</em></span> <span class='ocrx_word' id='word_1_624' title='bbox 2479 4120 2782 4190; x_wconf 83' lang='grc' dir='ltr'><em>ἀποστῆσαι</em></span> <span class='ocrx_word' id='word_1_625' title='bbox 2829 4119 2936 4172; x_wconf 89' lang='grc' dir='ltr'><em>τῶν</em></span> <span class='ocrx_word' id='word_1_626' title='bbox 2987 4123 3190 4190; x_wconf 77' lang='grc' dir='ltr'><em>γηΐνων</em></span> <span class='ocrx_word' id='word_1_627' title='bbox 3239 4119 3465 4191; x_wconf 85' lang='grc' dir='ltr'><em>κερδῶν,</em></span> <span class='ocrx_word' id='word_1_628' title='bbox 3504 4121 3791 4192; x_wconf 65' lang='grc' dir='ltr'><em>ὁλοκλήρων</em></span> 
     </span>
    </p>
   </div>
   <div class='ocr_carea' id='block_1_80' title="bbox 2242 4198 3791 4275">
    <p class='ocr_par' dir='ltr' id='par_1_80' title="bbox 2242 4198 3791 4275">
     <span class='ocr_line' id='line_1_80' title="bbox 2242 4198 3791 4275; baseline 0.002 -23"><span class='ocrx_word' id='word_1_629' title='bbox 2242 4200 2505 4254; x_wconf 89' lang='grc' dir='ltr'><em>ἐνιαυτῶν</em></span> <span class='ocrx_word' id='word_1_630' title='bbox 2552 4201 2824 4275; x_wconf 79' lang='grc' dir='ltr'><em>ἀπολέσῃς</em></span> <span class='ocrx_word' id='word_1_631' title='bbox 2873 4201 3089 4266; x_wconf 83' lang='grc' dir='ltr'><em>πόνους.</em></span> <span class='ocrx_word' id='word_1_632' title='bbox 3132 4198 3255 4256; x_wconf 78' lang='grc' dir='ltr'><em>Οἶδε</em></span> <span class='ocrx_word' id='word_1_633' title='bbox 3290 4203 3397 4274; x_wconf 80' lang='grc' dir='ltr'><em>γάρ</em></span> <span class='ocrx_word' id='word_1_634' title='bbox 3425 4206 3454 4256; x_wconf 85' lang='grc' dir='ltr'><em>ό</em></span> <span class='ocrx_word' id='word_1_635' title='bbox 3485 4203 3624 4267; x_wconf 85' lang='grc' dir='ltr'><em>Θεὸς</em></span> <span class='ocrx_word' id='word_1_636' title='bbox 3649 4220 3791 4256; x_wconf 79' lang='grc' dir='ltr'><em>κατα-</em></span> 
     </span>
    </p>
   </div>
   <div class='ocr_carea' id='block_1_81' title="bbox 2241 4283 3788 4358">
    <p class='ocr_par' dir='ltr' id='par_1_81' title="bbox 2241 4283 3788 4358">
     <span class='ocr_line' id='line_1_81' title="bbox 2241 4283 3788 4358; baseline 0.002 -22"><span class='ocrx_word' id='word_1_637' title='bbox 2241 4283 2608 4354; x_wconf 84' lang='grc' dir='ltr'><em>φρονούμενος</em></span> <span class='ocrx_word' id='word_1_638' title='bbox 2653 4285 2748 4338; x_wconf 81' lang='grc' dir='ltr'><em>καὶ</em></span> <span class='ocrx_word' id='word_1_639' title='bbox 2783 4285 2854 4339; x_wconf 86' lang='grc' dir='ltr'><em>τά</em></span> <span class='ocrx_word' id='word_1_640' title='bbox 2910 4285 3231 4354; x_wconf 89' lang='grc' dir='ltr'><em>συλλεγέντα</em></span> <span class='ocrx_word' id='word_1_641' title='bbox 3281 4284 3473 4339; x_wconf 85' lang='grc' dir='ltr'><em>κενοῦν</em></span> <span class='ocrx_word' id='word_1_642' title='bbox 3530 4289 3788 4358; x_wconf 82' lang='grc' dir='ltr'><em>χρήματα·</em></span> 
     </span>
    </p>
   </div>
   <div class='ocr_carea' id='block_1_82' title="bbox 2239 4362 3791 4439">
    <p class='ocr_par' dir='ltr' id='par_1_82' title="bbox 2239 4362 3791 4439">
     <span class='ocr_line' id='line_1_82' title="bbox 2239 4362 3791 4439; baseline 0.001 -21"><span class='ocrx_word' id='word_1_643' title='bbox 2239 4364 2428 4436; x_wconf 84' lang='grc' dir='ltr'><em>ὥσπερ</em></span> <span class='ocrx_word' id='word_1_644' title='bbox 2458 4362 2550 4420; x_wconf 80' lang='grc' dir='ltr'><em>οὖν</em></span> <span class='ocrx_word' id='word_1_645' title='bbox 2571 4367 2667 4420; x_wconf 73' lang='grc' dir='ltr'><em>καὶ</em></span> <span class='ocrx_word' id='word_1_646' title='bbox 2706 4366 2977 4430; x_wconf 85' lang='grc' dir='ltr'><em>Ἰουδαίοις</em></span> <span class='ocrx_word' id='word_1_647' title='bbox 3015 4367 3250 4421; x_wconf 89' lang='grc' dir='ltr'><em>ἀπειλῶν</em></span> <span class='ocrx_word' id='word_1_648' title='bbox 3279 4367 3480 4436; x_wconf 76' lang='grc' dir='ltr'><em>ἔλεγεν,</em></span> <span class='ocrx_word' id='word_1_649' title='bbox 3495 4369 3687 4439; x_wconf 82' lang='grc' dir='ltr'><em>ἐπειδὴ</em></span> <span class='ocrx_word' id='word_1_650' title='bbox 3709 4368 3791 4436; x_wconf 78' lang='grc' dir='ltr'><em>τῆς</em></span> 
     </span>
    </p>
   </div>
   <div class='ocr_carea' id='block_1_83' title="bbox 2240 4447 3793 4521">
    <p class='ocr_par' dir='ltr' id='par_1_83' title="bbox 2240 4447 3793 4521">
     <span class='ocr_line' id='line_1_83' title="bbox 2240 4447 3793 4521; baseline 0.003 -23"><span class='ocrx_word' id='word_1_651' title='bbox 2240 4465 2308 4498; x_wconf 88' lang='grc' dir='ltr'><em>πε</em></span> <span class='ocrx_word' id='word_1_652' title='bbox 2316 4449 2368 4517; x_wconf 70' lang='grc' dir='ltr'><em>ρὶ</em></span> <span class='ocrx_word' id='word_1_653' title='bbox 2386 4447 2478 4501; x_wconf 85' lang='grc' dir='ltr'><em>τὸν</em></span> <span class='ocrx_word' id='word_1_654' title='bbox 2514 4448 2639 4503; x_wconf 82' lang='grc' dir='ltr'><em>ναὸν</em></span> <span class='ocrx_word' id='word_1_655' title='bbox 2658 4449 3022 4519; x_wconf 87' lang='grc' dir='ltr'><em>κατεφρόνουν</em></span> <span class='ocrx_word' id='word_1_656' title='bbox 3040 4449 3373 4521; x_wconf 89' lang='grc' dir='ltr'><em>ἐπιμελείας·</em></span> <span class='ocrx_word' id='word_1_657' title='bbox 3398 4451 3793 4520; x_wconf 73' lang='grc' dir='ltr'><em>Είσηνέτκατσ</em></span> 
     </span>
    </p>
   </div>
   <div class='ocr_carea' id='block_1_84' title="bbox 2237 4531 3789 4601">
    <p class='ocr_par' dir='ltr' id='par_1_84' title="bbox 2237 4531 3789 4601">
     <span class='ocr_line' id='line_1_84' title="bbox 2237 4531 3789 4601; baseline 0.004 -20"><span class='ocrx_word' id='word_1_658' title='bbox 2237 4532 2388 4585; x_wconf 85' lang='grc' dir='ltr'><em>αὐτὰ</em></span> <span class='ocrx_word' id='word_1_659' title='bbox 2410 4532 2498 4597; x_wconf 85' lang='grc' dir='ltr'><em>είς</em></span> <span class='ocrx_word' id='word_1_660' title='bbox 2523 4531 2665 4598; x_wconf 88' lang='grc' dir='ltr'><em>τοὺς</em></span> <span class='ocrx_word' id='word_1_661' title='bbox 2691 4532 2896 4596; x_wconf 80' lang='grc' dir='ltr'><em>οἴκους</em></span> <span class='ocrx_word' id='word_1_662' title='bbox 2923 4531 3109 4600; x_wconf 82' lang='grc' dir='ltr'><em>ὑμῶν,</em></span> <span class='ocrx_word' id='word_1_663' title='bbox 3141 4532 3239 4586; x_wconf 79' lang='grc' dir='ltr'><em>καὶ</em></span> <span class='ocrx_word' id='word_1_664' title='bbox 3256 4532 3615 4601; x_wconf 61' lang='grc' dir='ltr'><em>ἐξεφύσησα</em></span> <span class='ocrx_word' id='word_1_665' title='bbox 3637 4536 3789 4598; x_wconf 81' lang='grc' dir='ltr'><em>αὐτὰ,</em></span> 
     </span>
    </p>
   </div>
   <div class='ocr_carea' id='block_1_85' title="bbox 2237 4611 3790 4685">
    <p class='ocr_par' dir='ltr' id='par_1_85' title="bbox 2237 4611 3790 4685">
     <span class='ocr_line' id='line_1_85' title="bbox 2237 4611 3790 4685; baseline 0.002 -18"><span class='ocrx_word' id='word_1_666' title='bbox 2237 4611 2399 4682; x_wconf 74' lang='grc' dir='ltr'><em>λέγει</em></span> <span class='ocrx_word' id='word_1_667' title='bbox 2444 4615 2680 4682; x_wconf 82' lang='grc' dir='ltr'><em>Κύριος.</em></span> <span class='ocrx_word' id='word_1_668' title='bbox 2730 4614 2796 4666; x_wconf 89' lang='grc' dir='ltr'><em>Τί</em></span> <span class='ocrx_word' id='word_1_669' title='bbox 2845 4613 2975 4685; x_wconf 84' lang='grc' dir='ltr'><em>γὰρ,</em></span> <span class='ocrx_word' id='word_1_670' title='bbox 3026 4614 3146 4666; x_wconf 82' lang='grc' dir='ltr'><em>εἰπέ</em></span> <span class='ocrx_word' id='word_1_671' title='bbox 3192 4631 3302 4685; x_wconf 90' lang='grc' dir='ltr'><em>μοι,</em></span> <span class='ocrx_word' id='word_1_672' title='bbox 3355 4615 3565 4682; x_wconf 79' lang='grc' dir='ltr'><em>διδάξαι</em></span> <span class='ocrx_word' id='word_1_673' title='bbox 3598 4634 3656 4669; x_wconf 89' lang='grc' dir='ltr'><em>σε</em></span> <span class='ocrx_word' id='word_1_674' title='bbox 3700 4617 3790 4670; x_wconf 81' lang='grc' dir='ltr'><em>τῶν</em></span> 
     </span>
    </p>
   </div>
   <div class='ocr_carea' id='block_1_86' title="bbox 2220 4691 3792 4768">
    <p class='ocr_par' dir='ltr' id='par_1_86' title="bbox 2220 4691 3792 4768">
     <span class='ocr_line' id='line_1_86' title="bbox 2220 4691 3792 4768; baseline 0.003 -20"><span class='ocrx_word' id='word_1_675' title='bbox 2220 4691 2554 4764; x_wconf 77' lang='grc' dir='ltr'><em>’ἀναγκαίων</em></span> <span class='ocrx_word' id='word_1_676' title='bbox 2582 4695 2940 4767; x_wconf 90' lang='grc' dir='ltr'><em>δυνησόμεθα,</em></span> <span class='ocrx_word' id='word_1_677' title='bbox 2969 4695 3113 4762; x_wconf 75' lang='grc' dir='ltr'><em>ἅπαξ</em></span> <span class='ocrx_word' id='word_1_678' title='bbox 3144 4696 3238 4749; x_wconf 91' lang='grc' dir='ltr'><em>τοῦ</em></span> <span class='ocrx_word' id='word_1_679' title='bbox 3289 4697 3535 4750; x_wconf 84' lang='grc' dir='ltr'><em>ἐνιαυτοῦ</em></span> <span class='ocrx_word' id='word_1_680' title='bbox 3561 4700 3594 4768; x_wconf 76' lang='grc' dir='ltr'>ἢ</span> <span class='ocrx_word' id='word_1_681' title='bbox 3637 4699 3792 4752; x_wconf 82' lang='grc' dir='ltr'><em>δεύτε-</em></span> 
     </span>
    </p>
   </div>
   <div class='ocr_carea' id='block_1_87' title="bbox 2244 4778 3788 4854">
    <p class='ocr_par' dir='ltr' id='par_1_87' title="bbox 2244 4778 3788 4854">
     <span class='ocr_line' id='line_1_87' title="bbox 2244 4778 3788 4854; baseline 0.002 -22"><span class='ocrx_word' id='word_1_682' title='bbox 2244 4795 2333 4848; x_wconf 90' lang='grc' dir='ltr'><em>ρον</em></span> <span class='ocrx_word' id='word_1_683' title='bbox 2353 4779 2482 4850; x_wconf 86' lang='grc' dir='ltr'><em>παρ’</em></span> <span class='ocrx_word' id='word_1_684' title='bbox 2507 4781 2636 4850; x_wconf 73' lang='grc' dir='ltr'><em>ἡμῖν</em></span> <span class='ocrx_word' id='word_1_685' title='bbox 2666 4778 2953 4847; x_wconf 85' lang='grc' dir='ltr'><em>φοιτῶντα,</em></span> <span class='ocrx_word' id='word_1_686' title='bbox 2993 4779 3120 4848; x_wconf 75' lang='grc' dir='ltr'><em>περὶ</em></span> <span class='ocrx_word' id='word_1_687' title='bbox 3149 4779 3346 4851; x_wconf 79' lang='grc' dir='ltr'><em>ψυχῆς,</em></span> <span class='ocrx_word' id='word_1_688' title='bbox 3370 4781 3499 4852; x_wconf 77' lang='grc' dir='ltr'><em>περὶ</em></span> <span class='ocrx_word' id='word_1_689' title='bbox 3532 4781 3788 4854; x_wconf 79' lang='grc' dir='ltr'><em>σώματος,</em></span> 
     </span>
    </p>
   </div>
   <div class='ocr_carea' id='block_1_88' title="bbox 2239 4860 3791 4937">
    <p class='ocr_par' dir='ltr' id='par_1_88' title="bbox 2239 4860 3791 4937">
     <span class='ocr_line' id='line_1_88' title="bbox 2239 4860 3791 4937; baseline 0.004 -22"><span class='ocrx_word' id='word_1_690' title='bbox 2239 4863 2366 4934; x_wconf 73' lang='grc' dir='ltr'><em>περὶ</em></span> <span class='ocrx_word' id='word_1_691' title='bbox 2396 4861 2714 4926; x_wconf 83' lang='grc' dir='ltr'><em>ἀθανασίας,</em></span> <span class='ocrx_word' id='word_1_692' title='bbox 2759 4862 2889 4933; x_wconf 72' lang='grc' dir='ltr'><em>περὶ</em></span> <span class='ocrx_word' id='word_1_693' title='bbox 2929 4860 3204 4931; x_wconf 87' lang='grc' dir='ltr'><em>βασιλείας</em></span> <span class='ocrx_word' id='word_1_694' title='bbox 3233 4862 3342 4915; x_wconf 88' lang='grc' dir='ltr'><em>τῶν</em></span> <span class='ocrx_word' id='word_1_695' title='bbox 3375 4864 3643 4936; x_wconf 84' lang='grc' dir='ltr'><em>οὐρανῶν,</em></span> <span class='ocrx_word' id='word_1_696' title='bbox 3677 4865 3791 4937; x_wconf 73' lang='grc' dir='ltr'><em>περὶ</em></span> 
     </span>
    </p>
   </div>
   <div class='ocr_carea' id='block_1_89' title="bbox 2236 4943 3790 5016">
    <p class='ocr_par' dir='ltr' id='par_1_89' title="bbox 2236 4943 3790 5016">
     <span class='ocr_line' id='line_1_89' title="bbox 2236 4943 3790 5016; baseline 0.005 -19"><span class='ocrx_word' id='word_1_697' title='bbox 2236 4943 2530 5010; x_wconf 87' lang='grc' dir='ltr'><em>κολάσεως,</em></span> <span class='ocrx_word' id='word_1_698' title='bbox 2545 4943 2674 5016; x_wconf 74' lang='grc' dir='ltr'><em>περὶ</em></span> <span class='ocrx_word' id='word_1_699' title='bbox 2695 4944 2940 5014; x_wconf 86' lang='grc' dir='ltr'><em>γεέννης,</em></span> <span class='ocrx_word' id='word_1_700' title='bbox 2955 4960 3024 4997; x_wconf 87' lang='grc' dir='ltr'><em>πε</em></span> <span class='ocrx_word' id='word_1_701' title='bbox 3033 4943 3086 5016; x_wconf 75' lang='grc' dir='ltr'><em>ρὶ</em></span> <span class='ocrx_word' id='word_1_702' title='bbox 3104 4943 3480 5016; x_wconf 83' lang='grc' dir='ltr'><em>μακροθυμίας</em></span> <span class='ocrx_word' id='word_1_703' title='bbox 3500 4947 3790 5016; x_wconf 74' lang='grc' dir='ltr'><em>Θεοῦ,περὶ</em></span> 
     </span>
    </p>
   </div>
   <div class='ocr_carea' id='block_1_90' title="bbox 2236 5025 3788 5100">
    <p class='ocr_par' dir='ltr' id='par_1_90' title="bbox 2236 5025 3788 5100">
     <span class='ocr_line' id='line_1_90' title="bbox 2236 5025 3788 5100; baseline 0.004 -21"><span class='ocrx_word' id='word_1_704' title='bbox 2236 5025 2583 5099; x_wconf 84' lang='grc' dir='ltr'><em>συγγνώμης,</em></span> <span class='ocrx_word' id='word_1_705' title='bbox 2612 5029 2741 5100; x_wconf 74' lang='grc' dir='ltr'><em>περὶ</em></span> <span class='ocrx_word' id='word_1_706' title='bbox 2765 5027 3072 5098; x_wconf 87' lang='grc' dir='ltr'><em>μετανοίας,</em></span> <span class='ocrx_word' id='word_1_707' title='bbox 3096 5027 3220 5099; x_wconf 75' lang='grc' dir='ltr'><em>περὶ</em></span> <span class='ocrx_word' id='word_1_708' title='bbox 3249 5025 3643 5098; x_wconf 85' lang='grc' dir='ltr'><em>βαπτίσματος,</em></span> <span class='ocrx_word' id='word_1_709' title='bbox 3675 5029 3788 5100; x_wconf 81' lang='grc' dir='ltr'><em>περὶ</em></span> 
     </span>
    </p>
   </div>
   <div class='ocr_carea' id='block_1_91' title="bbox 2235 5110 3786 5183">
    <p class='ocr_par' dir='ltr' id='par_1_91' title="bbox 2235 5110 3786 5183">
     <span class='ocr_line' id='line_1_91' title="bbox 2235 5110 3786 5183; baseline 0.002 -19"><span class='ocrx_word' id='word_1_710' title='bbox 2235 5111 2644 5183; x_wconf 82' lang='grc' dir='ltr'><em>ἁμαρτημάτων</em></span> <span class='ocrx_word' id='word_1_711' title='bbox 2693 5112 2957 5180; x_wconf 79' lang='grc' dir='ltr'><em>ἀφέσεως,</em></span> <span class='ocrx_word' id='word_1_712' title='bbox 3007 5111 3134 5182; x_wconf 73' lang='grc' dir='ltr'><em>περὶ</em></span> <span class='ocrx_word' id='word_1_713' title='bbox 3177 5110 3277 5181; x_wconf 84' lang='grc' dir='ltr'><em>τῆς</em></span> <span class='ocrx_word' id='word_1_714' title='bbox 3319 5110 3550 5177; x_wconf 86' lang='grc' dir='ltr'><em>κτίσεως</em></span> <span class='ocrx_word' id='word_1_715' title='bbox 3599 5113 3786 5181; x_wconf 82' lang='grc' dir='ltr'><em>ταύτης</em></span> 
     </span>
    </p>
   </div>
   <div class='ocr_carea' id='block_1_92' title="bbox 2233 5192 3784 5266">
    <p class='ocr_par' dir='ltr' id='par_1_92' title="bbox 2233 5192 3784 5266">
     <span class='ocr_line' id='line_1_92' title="bbox 2233 5192 3784 5266; baseline -0.001 -19"><span class='ocrx_word' id='word_1_716' title='bbox 2233 5195 2331 5264; x_wconf 82' lang='grc' dir='ltr'><em>τῆς</em></span> <span class='ocrx_word' id='word_1_717' title='bbox 2357 5193 2491 5260; x_wconf 77' lang='grc' dir='ltr'><em>ἀνω,</em></span> <span class='ocrx_word' id='word_1_718' title='bbox 2525 5193 2735 5265; x_wconf 76' lang='grc' dir='ltr'><em>καὶτῆς</em></span> <span class='ocrx_word' id='word_1_719' title='bbox 2761 5194 2930 5259; x_wconf 90' lang='grc' dir='ltr'><em>κάτω,</em></span> <span class='ocrx_word' id='word_1_720' title='bbox 2955 5195 3085 5266; x_wconf 80' lang='grc' dir='ltr'><em>περὶ</em></span> <span class='ocrx_word' id='word_1_721' title='bbox 3110 5192 3409 5264; x_wconf 86' lang='grc' dir='ltr'><em>ἀνθρώπων</em></span> <span class='ocrx_word' id='word_1_722' title='bbox 3425 5193 3656 5264; x_wconf 84' lang='grc' dir='ltr'><em>φύσεως,</em></span> <span class='ocrx_word' id='word_1_723' title='bbox 3671 5197 3784 5265; x_wconf 81' lang='grc' dir='ltr'><em>περὶ</em></span> 
     </span>
    </p>
   </div>
   <div class='ocr_carea' id='block_1_93' title="bbox 2231 5277 3782 5350">
    <p class='ocr_par' dir='ltr' id='par_1_93' title="bbox 2231 5277 3782 5350">
     <span class='ocr_line' id='line_1_93' title="bbox 2231 5277 3782 5350; baseline 0.001 -20"><span class='ocrx_word' id='word_1_724' title='bbox 2231 5277 2498 5346; x_wconf 87' lang='grc' dir='ltr'><em>ἀγγέλων,</em></span> <span class='ocrx_word' id='word_1_725' title='bbox 2513 5279 2641 5349; x_wconf 75' lang='grc' dir='ltr'><em>περὶ</em></span> <span class='ocrx_word' id='word_1_726' title='bbox 2655 5279 2754 5349; x_wconf 84' lang='grc' dir='ltr'><em>τῆς</em></span> <span class='ocrx_word' id='word_1_727' title='bbox 2766 5277 2875 5332; x_wconf 86' lang='grc' dir='ltr'><em>τῶν</em></span> <span class='ocrx_word' id='word_1_728' title='bbox 2889 5277 3156 5348; x_wconf 88' lang='grc' dir='ltr'><em>δαιμόνων</em></span> <span class='ocrx_word' id='word_1_729' title='bbox 3173 5278 3526 5349; x_wconf 89' lang='grc' dir='ltr'><em>κακουργίας,</em></span> <span class='ocrx_word' id='word_1_730' title='bbox 3548 5280 3674 5350; x_wconf 79' lang='grc' dir='ltr'><em>περὶ</em></span> <span class='ocrx_word' id='word_1_731' title='bbox 3688 5278 3782 5331; x_wconf 81' lang='grc' dir='ltr'><em>τῶν</em></span> 
     </span>
    </p>
   </div>
   <div class='ocr_carea' id='block_1_94' title="bbox 2234 5359 3779 5433">
    <p class='ocr_par' dir='ltr' id='par_1_94' title="bbox 2234 5359 3779 5433">
     <span class='ocr_line' id='line_1_94' title="bbox 2234 5359 3779 5433; baseline 0.001 -21"><span class='ocrx_word' id='word_1_732' title='bbox 2234 5359 2522 5430; x_wconf 88' lang='grc' dir='ltr'><em>μεθοδειῶν</em></span> <span class='ocrx_word' id='word_1_733' title='bbox 2538 5359 2628 5413; x_wconf 89' lang='grc' dir='ltr'><em>τοῦ</em></span> <span class='ocrx_word' id='word_1_734' title='bbox 2653 5359 2919 5423; x_wconf 87' lang='grc' dir='ltr'><em>διαϐόλου,</em></span> <span class='ocrx_word' id='word_1_735' title='bbox 2951 5361 3079 5433; x_wconf 75' lang='grc' dir='ltr'><em>περὶ</em></span> <span class='ocrx_word' id='word_1_736' title='bbox 3102 5359 3394 5426; x_wconf 88' lang='grc' dir='ltr'><em>πολιτείας,</em></span> <span class='ocrx_word' id='word_1_737' title='bbox 3427 5363 3554 5432; x_wconf 77' lang='grc' dir='ltr'><em>περὶ</em></span> <span class='ocrx_word' id='word_1_738' title='bbox 3592 5362 3779 5430; x_wconf 82' lang='grc' dir='ltr'><em>δογμά-</em></span> 
     </span>
    </p>
   </div>
   <div class='ocr_carea' id='block_1_95' title="bbox 2227 5443 3778 5515">
    <p class='ocr_par' dir='ltr' id='par_1_95' title="bbox 2227 5443 3778 5515">
     <span class='ocr_line' id='line_1_95' title="bbox 2227 5443 3778 5515; baseline 0.003 -21"><span class='ocrx_word' id='word_1_739' title='bbox 2227 5459 2356 5508; x_wconf 82' lang='grc' dir='ltr'><em>των,</em></span> <span class='ocrx_word' id='word_1_740' title='bbox 2391 5443 2519 5511; x_wconf 81' lang='grc' dir='ltr'><em>περὶ</em></span> <span class='ocrx_word' id='word_1_741' title='bbox 2550 5443 2645 5512; x_wconf 84' lang='grc' dir='ltr'><em>τῆς</em></span> <span class='ocrx_word' id='word_1_742' title='bbox 2661 5443 2827 5514; x_wconf 81' lang='grc' dir='ltr'><em>ὀρθῆς</em></span> <span class='ocrx_word' id='word_1_743' title='bbox 2857 5443 3252 5515; x_wconf 72' lang='grc' dir='ltr'><em>πίστεως,περὶ</em></span> <span class='ocrx_word' id='word_1_744' title='bbox 3265 5443 3372 5496; x_wconf 89' lang='grc' dir='ltr'><em>τῶν</em></span> <span class='ocrx_word' id='word_1_745' title='bbox 3387 5443 3778 5514; x_wconf 76' lang='grc' dir='ltr'><em>διεφθαρμένων</em></span> 
     </span>
    </p>
   </div>
   <div class='ocr_carea' id='block_1_96' title="bbox 2229 5523 3775 5597">
    <p class='ocr_par' dir='ltr' id='par_1_96' title="bbox 2229 5523 3775 5597">
     <span class='ocr_line' id='line_1_96' title="bbox 2229 5523 3775 5597; baseline 0.003 -21"><span class='ocrx_word' id='word_1_746' title='bbox 2229 5524 2490 5594; x_wconf 82' lang='grc' dir='ltr'><em>αἱρέσεων</em></span> <span class='ocrx_word' id='word_1_747' title='bbox 2512 5541 2527 5590; x_wconf 89' lang='grc'>;</span> <span class='ocrx_word' id='word_1_748' title='bbox 2558 5523 2743 5578; x_wconf 88' lang='grc' dir='ltr'><em>Ταῦτα</em></span> <span class='ocrx_word' id='word_1_749' title='bbox 2773 5527 2881 5597; x_wconf 84' lang='grc' dir='ltr'><em>γάρ</em></span> <span class='ocrx_word' id='word_1_750' title='bbox 2899 5526 2995 5580; x_wconf 75' lang='grc' dir='ltr'><em>καὶ</em></span> <span class='ocrx_word' id='word_1_751' title='bbox 3021 5525 3199 5595; x_wconf 87' lang='grc' dir='ltr'><em>πολλῷ</em></span> <span class='ocrx_word' id='word_1_752' title='bbox 3221 5526 3444 5580; x_wconf 88' lang='grc' dir='ltr'><em>πλείονα</em></span> <span class='ocrx_word' id='word_1_753' title='bbox 3471 5527 3673 5581; x_wconf 87' lang='grc' dir='ltr'><em>τούτων</em></span> <span class='ocrx_word' id='word_1_754' title='bbox 3698 5525 3775 5580; x_wconf 67' lang='grc' dir='ltr'><em>τὸν</em></span> 
     </span>
    </p>
   </div>
   <div class='ocr_carea' id='block_1_97' title="bbox 2227 5606 3773 5680">
    <p class='ocr_par' dir='ltr' id='par_1_97' title="bbox 2227 5606 3773 5680">
     <span class='ocr_line' id='line_1_97' title="bbox 2227 5606 3773 5680; baseline 0.001 -20"><span class='ocrx_word' id='word_1_755' title='bbox 2227 5607 2549 5680; x_wconf 82' lang='grc' dir='ltr'><em>Χριστιανὸν</em></span> <span class='ocrx_word' id='word_1_756' title='bbox 2594 5607 2793 5662; x_wconf 90' lang='grc' dir='ltr'><em>είδέναι</em></span> <span class='ocrx_word' id='word_1_757' title='bbox 2845 5606 2972 5679; x_wconf 81' lang='grc' dir='ltr'><em>χρὴ,</em></span> <span class='ocrx_word' id='word_1_758' title='bbox 3023 5609 3114 5662; x_wconf 82' lang='grc' dir='ltr'><em>καὶ</em></span> <span class='ocrx_word' id='word_1_759' title='bbox 3165 5607 3369 5662; x_wconf 85' lang='grc' dir='ltr'><em>τούτων</em></span> <span class='ocrx_word' id='word_1_760' title='bbox 3410 5610 3628 5664; x_wconf 84' lang='grc' dir='ltr'><em>πάντων</em></span> <span class='ocrx_word' id='word_1_761' title='bbox 3654 5611 3773 5663; x_wconf 80' lang='grc' dir='ltr'><em>ἀπο-</em></span> 
     </span>
    </p>
   </div>
   <div class='ocr_carea' id='block_1_98' title="bbox 2227 5689 3770 5763">
    <p class='ocr_par' dir='ltr' id='par_1_98' title="bbox 2227 5689 3770 5763">
     <span class='ocr_line' id='line_1_98' title="bbox 2227 5689 3770 5763; baseline 0.001 -20"><span class='ocrx_word' id='word_1_762' title='bbox 2227 5689 2426 5743; x_wconf 89' lang='grc' dir='ltr'><em>διδόναι</em></span> <span class='ocrx_word' id='word_1_763' title='bbox 2457 5690 2616 5759; x_wconf 85' lang='grc' dir='ltr'><em>λόγον</em></span> <span class='ocrx_word' id='word_1_764' title='bbox 2662 5693 2774 5754; x_wconf 85' lang='grc' dir='ltr'><em>τοῖς</em></span> <span class='ocrx_word' id='word_1_765' title='bbox 2806 5691 3082 5763; x_wconf 84' lang='grc' dir='ltr'><em>ἐρωτῶσιν</em></span> <span class='ocrx_word' id='word_1_766' title='bbox 3117 5693 3282 5763; x_wconf 77' lang='grc' dir='ltr'><em>ὑμᾶς.</em></span> <span class='ocrx_word' id='word_1_767' title='bbox 3321 5692 3512 5762; x_wconf 81' lang='grc' dir='ltr'><em>Ὑμεῖς</em></span> <span class='ocrx_word' id='word_1_768' title='bbox 3559 5693 3621 5747; x_wconf 78' lang='grc' dir='ltr'><em>δὲ</em></span> <span class='ocrx_word' id='word_1_769' title='bbox 3667 5693 3770 5746; x_wconf 66' lang='grc' dir='ltr'><em>οι)δέ</em></span> 
     </span>
    </p>
   </div>
   <div class='ocr_carea' id='block_1_99' title="bbox 2225 5772 3766 5850">
    <p class='ocr_par' dir='ltr' id='par_1_99' title="bbox 2225 5772 3766 5850">
     <span class='ocr_line' id='line_1_99' title="bbox 2225 5772 3766 5850; baseline 0.001 -24"><span class='ocrx_word' id='word_1_770' title='bbox 2225 5773 2286 5826; x_wconf 82' lang='grc' dir='ltr'><em>τὸ</em></span> <span class='ocrx_word' id='word_1_771' title='bbox 2318 5773 2604 5829; x_wconf 78' lang='grc' dir='ltr'><em>πολλοστὸν</em></span> <span class='ocrx_word' id='word_1_772' title='bbox 2635 5772 2841 5831; x_wconf 82' lang='grc' dir='ltr'><em>τούτων</em></span> <span class='ocrx_word' id='word_1_773' title='bbox 2871 5775 3064 5830; x_wconf 79' lang='grc' dir='ltr'><em>εἰδέναι</em></span> <span class='ocrx_word' id='word_1_774' title='bbox 3097 5775 3390 5849; x_wconf 89' lang='grc' dir='ltr'><em>δυνήσεσθε</em></span> <span class='ocrx_word' id='word_1_775' title='bbox 3424 5776 3611 5850; x_wconf 85' lang='grc' dir='ltr'><em>μέρος,</em></span> <span class='ocrx_word' id='word_1_776' title='bbox 3637 5773 3766 5838; x_wconf 72' lang='grc' dir='ltr'><em>ἅπαξ</em></span> 
     </span>
    </p>
   </div>
  </div>
