3862 6232
27 273 150 334 565

1323 282 1409 336 DE
1453 285 1534 338 BA
1545 286 1788 347 PTISMO
1825 292 2116 357 CHRISTI.

3165 325 3267 381 ΞΜ

27 960 348 1003 κυνειιευε
392 960 504 1004 EOS
548 960 657 1014 QUI
698 962 735 1008 Δ
780 962 1016 1008 DIVINIS
1057 965 1299 1009 ABSUNT
1339 968 1616 1025 OFFICIIS;

1724 972 1758 1015 1‘
1799 973 1882 1015 DE
1923 973 2160 1020 SANCTO
2211 977 2286 1022 AC
2341 979 2647 1026 SALUTAR!
2703 985 3098 1034 BAPTISMATE
3141 993 3274 1038 SAL-

97 1061 372 1105 VATORIS
414 1062 636 1105 NOSTRI
678 1062 831 1105 JESU
873 1063 1152 1120 CHRISTI,
1197 1065 1408 1118 DEQUE
1449 1068 1530 1112 IIS
1574 1068 1682 1122 QUI
1725 1071 1985 1116 INDIGNE
2026 1073 2508 1135 COMMUNICANT,
2567 1082 2648 1124 ΕΤ
2689 1082 2860 1135 QUOD
2911 1087 3019 1138 QUI
3070 1090 3282 1136 ιιτυιι.

99 1163 268 1206 61AM
311 1161 763 1204 IMPEBFECTAH
804 1161 1321 1222 DERELINQUUNT,
1365 1165 1575 1219 ATQUE

1724 1170 1782 1212 ΓΕ
1827 1169 2210 1218 ΡοετιιΕΜΔΜ
2249 1175 2616 1225 ΟΒΔΤΙΟΝΕΜ
2667 1182 3140 1248 EGREDIUNTUR,
3183 1193 3286 1237 JU-

99 1260 238 1304 oau
284 1259 660 1317 mnraurun,
704 1259 938 1302 onA'rIo
969 1244 1063 1316 (α).

107 1763 166 1818 1.
195 1759 395 1815 Omnes
414 1767 508 1808 vos
528 1753 580 1807 in
608 1749 788 1806 laetitia
809 1746 966 1802 hodie
986 1786 1000 1811 ,
1028 1758 1129 1813 ego
1153 1755 1282 1798 vero
1310 1739 1364 1796 in
1390 1753 1624 1796 mcerore

27 1869 157 1910 sum
197 1851 361 1907 solus.
385 1846 518 1902 Nam
544 1859 663 1899 eum
691 1843 743 1896 in
773 1841 872 1894 hoc
899 1835 1172 1908 spirituale
1202 1835 1418 1904 pelagus
1440 1831 1624 1887 oculos

27 1959 194 2006 meos
235 1951 520 2007 converto,
547 1951 602 1995 et
638 1935 924 1993 immensas
972 1927 1225 1988 Ecclesia:
1251 1925 1460 1979 divitias
1489 1936 1622 1977 con-

27 2039 274 2108 templor
299 2077 312 2100 ,
342 2051 404 2089 ac
432 2031 624 2088 deinde
662 2025 932 2098 perpendo
967 2024 1082 2079 fore
1105 2065 1120 2090 ,
1152 2025 1210 2076 ut
1241 2034 1363 2076 cum
1393 2014 1621 2108 primum

27 2104 351 2186 soleinnitas
397 2127 498 2179 ista
542 2118 900 2192 praeterierit,
950 2113 1232 2171 multitudo
1282 2127 1466 2168 rursus
1521 2104 1619 2164 ista

27 2219 246 2274 resiliat
272 2231 334 2270 ac
361 2213 601 2270 discedat
619 2251 633 2275 ,
663 2209 873 2265 crucior
915 2215 969 2261 et
993 2206 1153 2260 animi
1195 2203 1382 2258 dolore
1409 2216 1574 2272 angor
1598 2214 1615 2254 :

27 2307 205 2379 quod,
232 2321 353 2361 cum
401 2313 506 2358 tam
547 2301 742 2355 multos
782 2298 982 2353 liberos
1029 2295 1292 2366 pepererit
1343 2291 1620 2356 Ecclesia,

27 2415 142 2455 non
174 2398 282 2452 illis
308 2395 487 2450 itidem
519 2393 571 2447 in
602 2390 822 2460 singulis
851 2388 1094 2442 collectis
1121 2426 1134 2450 ,
1163 2385 1259 2440 sed
1290 2385 1340 2436 in
1370 2384 1503 2436 festo
1528 2395 1620 2435 so-

27 2487 316 2546 lummodo
351 2485 450 2539 frui
491 2483 675 2553 possit.
697 2481 904 2546 Quanta
924 2519 940 2543 ,
972 2492 1183 2546 quaeso,
1218 2475 1304 2528 illa
1332 2472 1621 2544 spiritualis

27 2581 323 2640 exsultatio
341 2579 499 2643 foret,
520 2583 775 2645 quantum
799 2570 1068 2643 gaudium,
1091 2578 1287 2638 quanta
1318 2566 1410 2620 Dei
1429 2565 1616 2635 gloria,

28 2687 234 2750 quanta
266 2673 463 2729 utilitas
487 2671 782 2724 animarum
808 2708 822 2732 ,
853 2665 898 2720 si
924 2663 1165 2720 collectae
1204 2660 1459 2730 cujusque
1487 2667 1622 2712 tem-

27 2749 165 2840 pore
194 2768 274 2820 sic
303 2765 502 2833 repleta
529 2759 767 2815 ecclesia:
783 2765 930 2826 septa
954 2750 1326 2810 cerneremus?
1347 2749 1460 2804 Jam
1489 2763 1619 2809 vero

27 2870 213 2917 nauta:
266 2856 480 2927 quidem
527 2867 590 2906 ac
623 2851 1007 2918 gubernatores
1041 2844 1218 2900 omnia
1260 2841 1536 2905 efficiunt,
1564 2846 1621 2892 ut

27 2956 253 3023 pelagus
283 2949 482 3005 emensi
510 2989 525 3013 ,
557 2945 768 3000 tandem
807 2941 873 2995 ad
902 2947 1108 3010 portum
1138 2935 1487 3005 perveniant:
1523 2944 1620 2985 nos

27 3055 223 3102 contra
255 3044 307 3098 in
338 3042 446 3095 alto
475 3039 606 3093 mari
639 3036 893 3090 fluctuare
927 3029 1298 3086 contendimus
1322 3067 1337 3093 ,
1364 3025 1488 3080 dum
1519 3039 1622 3078 ειε-

27 3137 298 3194 culariutn
328 3131 657 3202 negotiorum
691 3125 937 3196 procellis
963 3137 1174 3192 semper
1199 3118 1474 3173 obruimur
1498 3155 1514 3180 ,
1543 3122 1623 3167 at-

27 3246 134 3301 que
169 3227 222 3280 in
256 3225 385 3279 foris
407 3231 460 3277 et
487 3218 838 3274 tribunalibus
860 3214 1096 3284 judicum
1119 3212 1400 3280 jactamur,
1423 3207 1506 3260 hic
1529 3221 1622 3259 au-

27 3331 140 3377 tem
169 3315 337 3372 semel
364 3322 453 3368 aut
478 3311 669 3366 iterum
701 3309 787 3362 vix
820 3315 931 3360 toto
957 3319 1099 3357 anno
1123 3313 1512 3369 comparemus.

97 3411 336 3467 Ecclesia
375 3415 572 3479 portus.
597 3435 666 3445 —
691 3404 772 3458 An
803 3415 930 3455 vero
969 3397 1220 3469 ignoratis
1249 3437 1263 3460 ,
1298 3405 1353 3448 ut
1397 3395 1448 3446 in
1489 3391 1622 3446 mari

27 3512 253 3574 portus,
279 3499 356 3553 sic
406 3496 659 3552 ecclesias
702 3493 869 3548 Deum
919 3491 970 3544 in
1011 3487 1230 3543 urbibus
1268 3485 1500 3538 erexisse
1523 3523 1538 3546 ,
1567 3489 1625 3536 ut

27 3611 46 3650 ι
102 3590 430 3648 tumultuum
473 3583 806 3641 smcularium
851 3580 1063 3636 turbine
1116 3577 1219 3631 huc
1258 3575 1622 3644 confugientes

27 3697 240 3741 summa
283 3677 659 3748 tranquillitate
705 3671 1002 3743 potiamur?
1030 3667 1146 3724 Non
1187 3667 1328 3721 enim
1366 3665 1621 3719 fluctuum

27 3780 111 3832 hic
142 3783 229 3829 cst
262 3767 653 3828 reformidanda
683 3773 968 3834 tempestas
988 3804 1002 3824 ,
1033 3777 1137 3815 non
1165 3760 1428 3814 latronum
1447 3757 1623 3810 incur-

27 3871 211 3926 siones
248 3909 263 3932 ,
310 3877 414 3918 non
459 3860 766 3930 eruptiones
814 3855 1121 3928 praedonum
1149 3895 1164 3920 ,
1194 3866 1299 3906 non
1343 3859 1619 3904 ventorum

27 3964 296 4030 impetus,
327 3970 431 4009 non
457 3953 662 4008 insidiae
693 3949 985 4004 belluarum
1013 3965 1026 4001 :
1057 3954 1240 4015 portus
1264 3944 1405 3999 enim
1433 3953 1514 3997 est
1553 3942 1620 3996 ab

27 4055 107 4108 bis
135 4049 393 4106 omnibus
436 4046 686 4100 immunis
714 4057 777 4097 ac
806 4041 970 4108 liber,
1001 4047 1188 4110 portus
1213 4046 1296 4092 est
1324 4035 1619 4105 spiritualis

27 4147 356 4201 mimarum.
407 4140 578 4208 Atque
612 4151 797 4191 eorum
844 4150 962 4205 qua:
1008 4133 1116 4187 dixi
1147 4129 1456 4199 vosmetipsi
1489 4126 1619 4182 mihi

27 4247 201 4294 testes
225 4233 375 4288 estis.
409 4231 466 4286 Si
489 4230 605 4298 quis
631 4229 772 4284 enim
801 4235 1035 4281 vestrum
1062 4223 1444 4278 conscientiam
1467 4235 1618 4277 suam

27 4325 368 4388 excusserit,
402 4322 620 4376 multam
676 4321 817 4374 intus
863 4317 1094 4386 reperiet
1139 4314 1615 4384 tranquillitatem:

27 4436 130 4475 non
161 4416 314 4472 enim
341 4415 416 4468 ira
440 4413 705 4482 negotium
735 4409 969 4473 facessit,
997 4423 1100 4460 non
1123 4405 1383 4474 cupiditas
1409 4402 1617 4458 inflam-

27 4523 183 4577 mat,
221 4524 330 4562 non
375 4506 569 4561 invidia
607 4503 854 4558 tabefacit
877 4543 892 4566 ,
941 4517 1046 4555 non
1078 4499 1227 4554 inflat
1277 4497 1574 4568 arrogantia
1598 4537 1615 4566 ,

27 4621 128 4660 non
172 4601 356 4657 inanis
401 4598 582 4669 gloriae
613 4610 764 4650 amor
803 4591 1250 4661 corrumpit;sed
1305 4598 1619 4645 coercentur

27 4709 223 4753 )mnes
247 4692 333 4745 hae
358 4689 551 4745 bellum
571 4729 585 4753 ,
615 4702 735 4742 cum
767 4686 993 4756 primum
1018 4726 1033 4750 ,
1065 4683 1215 4752 quasi
1241 4679 1506 4750 quoddam
1531 4678 1615 4732 di-

27 4789 215 4842 vinum
255 4795 472 4836 carmen
497 4820 512 4843 ,
535 4791 806 4832 sacrarum
850 4774 1050 4828 auditio
1091 4772 1482 4841 Scripturarum
1522 4783 1618 4839 per

27 4891 185 4933 aures
209 4875 264 4929 in
297 4871 526 4925 animam
559 4868 815 4939 cujusque
841 4863 1170 4937 penetravit,
1192 4871 1248 4919 et
1274 4861 1390 4916 illas
1414 4861 1618 4916 alienas

27 4985 47 5024 I
78 4967 305 5023 ratione
332 4960 760 5033 perturbationes
787 4956 1002 5027 sepivit.
1025 4955 1154 5023 Quis
1185 4969 1290 5008 non
1335 4953 1496 5023 igitur
1521 4965 1616 5006 eos

27 5059 101 5114 vel
144 5051 550 5111 infelicissimos
591 5049 828 5119 judlcet,
881 5046 970 5115 qui
1008 5059 1131 5101 cum
1171 5053 1368 5098 tantam
1407 5057 1614 5098 morum

27 5147 372 5204 sanctitatem
398 5149 614 5213 possent
638 5139 894 5210 adipisci,
923 5153 1026 5192 non
1058 5136 1271 5191 assidue
1296 5145 1576 5190 versentur
1597 5175 1614 5201 ,

27 5253 79 5294 ac
100 5239 377 5296 ventitent
399 5235 464 5289 ad
493 5248 828 5289 communem
851 5231 1087 5288 omnium
1119 5238 1407 5300 parentem,
1429 5228 1622 5283 Eccle-

27 5333 156 5387 tiam
196 5325 494 5385 nimirum?
517 5326 726 5381 Etenim
756 5338 916 5395 quam
945 5322 1156 5377 tandem
1183 5335 1301 5376 esse
1329 5321 1420 5376 tibi
1450 5321 1618 5390 magis

84 5501 160 5564 (α)
186 5498 371 5564 collata
393 5509 502 5564 cum
523 5495 666 5546 Codd.
687 5494 953 5564 Regii)“,
978 5495 1116 5556 1976,
1140 5495 1223 5556 qui
1246 5495 1366 5564 mire
1385 5491 1618 5564 diii’erunt

27 5555 103 5612 ιδ’
132 5555 323 5632 fidius;
347 5559 613 5670 gemmis
643 5555 799 5607 solum
839 5555 1075 5606 lectiones
1105 5555 1458 5607 adnotavimus.
1497 5561 1616 5605 Item

27 5635 135 5670 cum
158 5630 327 5670 Remis
409 5619 488 5670 .6.
509 5619 633 5670 2543
650 5626 701 5670 et
721 5617 929 5669 Colbert.
949 5617 1062 5669 970.

27 5635 135 5674 cum
158 5617 327 5686 Regiis
347 5617 633 5681 2026,2345
650 5626 701 5670 et
721 5617 929 5669 Colbert.
949 5617 1062 5669 970.

1731 1738 2055 1794 fructuosam
2084 1743 2485 1812 occupationem
2512 1747 2718 1802 causari
2747 1751 2919 1818 possis
2939 1760 3029 1806 aut
3058 1768 3306 1826 congres-

1728 1843 1846 1882 sum
1875 1830 2173 1885 utiliorem?
2193 1832 2456 1902 quodnam
2483 1846 2658 1890 autem
2699 1839 3152 1912 impedimentum,
3179 1864 3302 1916 quo-

1729 1919 1904 1974 minus
1943 1921 2030 1976 hic
2067 1921 2346 1978 nobiscum
2375 1926 2635 1980 verseris?
2659 1927 3030 1999 Paupertatem
3059 1935 3308 1991 nimirum

1727 2011 1820 2066 tibi
1846 2013 2227 2082 impedimento
2245 2030 2365 2071 esse
2390 2015 2557 2084 dices,
2593 2024 2882 2088 quominus
2903 2025 3156 2092 prmclaro
3183 2028 3306 2084 huic

1724 2107 1886 2166 coetui
1930 2107 2181 2169 intersis:
2209 2124 2261 2169 at
2303 2109 2535 2186 legitima
2587 2126 2692 2165 non
2737 2123 2818 2167 est
2861 2113 2974 2168 haec
3011 2120 3307 2175 excusatio.

1723 2205 1939 2275 Septem
1983 2205 2144 2262 habet
2187 2207 2301 2262 dies
2339 2209 2671 2267 hebdomada
2699 2230 2712 2265 :
2741 2210 2920 2270 divisit
2960 2209 3057 2271 ltos
3101 2222 3302 2288 septem

1723 2297 1999 2352 nobiscum
2028 2297 2188 2362 Deus,
2212 2313 2384 2368 neque
2408 2300 2508 2355 sibi
2534 2302 2745 2370 quidem
2775 2305 3034 2373 potiorem
3059 2321 3261 2376 partem
3285 2351 3303 2373 ,

1722 2388 1877 2442 nobis
1903 2397 2080 2442 autem
2107 2389 2368 2454 minorem
2394 2390 2677 2461 impertiit;
2710 2392 2816 2447 imo
2847 2410 2913 2448 ne
2943 2397 2993 2449 in
3019 2398 3150 2451 duas
3177 2400 3302 2468 qui-

1726 2478 1850 2533 dem
1877 2480 2108 2548 aequales
2135 2490 2309 2549 partes
2337 2496 2431 2536 eas
2459 2481 2762 2548 distribuit;
2787 2501 2890 2538 non
2929 2487 3026 2539 sibi
3073 2499 3180 2543 tres
3222 2506 3306 2543 as.

1723 2573 1947 2641 sumpsit
1970 2612 1986 2639 ,
2013 2581 2225 2643 tresque
2253 2575 2472 2644 largitus
2495 2584 2575 2630 est
2602 2593 2615 2630 :
2643 2592 2826 2631 verum
2849 2579 2942 2632 tibi
2972 2582 3185 2650 quidem
3214 2597 3306 2641 sex

1727 2663 2001 2732 impertiit,
2027 2679 2183 2718 unam
2213 2680 2341 2719 vero
2367 2665 2466 2720 sibi
2498 2665 2714 2735 reliquit
2741 2684 2755 2721 :
2786 2683 2884 2723 nec
2922 2670 2973 2724 in
3007 2671 3103 2725 hac
3131 2681 3304 2727 tamen

1726 2763 1833 2808 tota
1876 2770 1907 2810 a
1959 2757 2184 2826 negotiis
2226 2758 2570 2813 satcularibus
2613 2759 2878 2816 abstinere
2907 2762 3179 2833 dignaris,
3209 2765 3302 2820 sed

1725 2846 1830 2902 hoc
1870 2847 2040 2917 ipsum
2080 2849 2223 2918 quod
2268 2849 2470 2905 faciunt
2495 2851 2586 2921 qui
2612 2866 2792 2908 sacras
2817 2856 3067 2922 pecunias
3103 2856 3307 2925 deprze-

1724 2940 1917 2995 dantur
1945 2982 1959 3004 ,
1994 2951 2047 2995 tu
2077 2942 2173 2995 hac
2200 2942 2359 2997 etiam
2400 2942 2486 2998 die
2516 2953 2726 3012 patrare
2757 2946 2921 3002 audes
2953 2965 2966 3000 :
2995 2948 3118 3002 dmn
3165 2950 3306 3005 illam

1720 3031 1828 3101 jam
1852 3042 2086 3087 sanctam
2104 3041 2158 3087 et
2177 3034 2525 3101 Spiritualium
2557 3036 2889 3104 eloquiorum
2912 3041 3163 3094 auditioni
3181 3056 3307 3096 con-

1725 3133 1985 3178 secratam
2030 3124 2368 3193 surripis,et
2414 3125 2478 3177 ad
2526 3126 2812 3182 saeculares
2856 3145 3012 3185 curas
3040 3132 3307 3188 abutendo

1728 3214 1978 3269 traducis.
2013 3213 2118 3268 Sed
2147 3215 2272 3283 quid
2295 3229 2394 3284 ego
2423 3215 2488 3269 de
2518 3215 2723 3284 integro
2752 3217 2839 3271 die
2865 3218 3098 3287 loquor?
3126 3223 3205 3276 vel
3254 3223 3303 3277 id

1726 3320 1918 3369 unum,
1946 3304 2088 3374 quod
2125 3307 2176 3358 in
2203 3305 2540 3376 eleemosyna
2563 3305 2718 3360 vidua
2769 3306 2895 3360 fecit
2918 3350 2931 3372 ,
2963 3317 3016 3361 tn
3055 3311 3104 3362 in
3152 3312 3305 3380 hujus

1726 3396 1831 3451 diei
1862 3406 2096 3465 tempore
2114 3397 2453 3452 facitozsicut
2473 3397 2560 3451 illa
2586 3397 2718 3453 duos
2741 3398 2928 3453 obolos
2948 3400 3088 3452 misit
3110 3401 3302 3470 (.llarc.

1728 3489 1814 3542 12.
1838 3490 1925 3543 42.
1956 3487 2112 3559 sqq.),
2137 3489 2459 3556 multamque
2484 3504 2512 3540 a
2549 3488 2656 3542 Deo
2680 3490 2901 3557 gratiam
2934 3490 3076 3542 initit
3110 3509 3124 3544 :
3151 3492 3227 3545 sic
3253 3503 3305 3546 et

1729 3589 1780 3634 tu
1812 3580 1943 3634 duas
1974 3579 2127 3633 horas
2154 3580 2259 3635 Deo
2278 3577 2551 3634 commoda
2571 3618 2588 3646 ,
2618 3588 2671 3632 et
2699 3590 3066 3633 sexcentorum
3097 3581 3303 3637 dierum

1729 3671 1930 3726 lucrum
1976 3673 2026 3724 in
2067 3672 2283 3724 domum
2325 3681 2466 3724 tuam
2512 3671 2839 3737 importabis.
2871 3670 3021 3738 Quod
3062 3673 3104 3724 si
3135 3671 3182 3725 id
3208 3674 3302 3727 de-

1728 3772 1940 3826 trectcs,
1972 3762 2091 3817 vide
2117 3778 2183 3817 ne
2209 3761 2364 3829 forte,
2395 3762 2517 3815 dum
2543 3761 2608 3814 ad
2635 3761 2876 3830 exiguum
2910 3765 3158 3832 temporis
3180 3781 3304 3834 spa-

1728 3857 1857 3911 tium
1883 3857 2106 3926 teipsum
2134 3872 2238 3909 non
2269 3856 2348 3908 vis
2374 3869 2403 3907 a
2436 3854 2659 3907 terrenis
2690 3854 2848 3906 lucris
2877 3870 3100 3908 avocare
3121 3897 3133 3915 ,
3169 3859 3306 3908 into-

1724 3962 1937 4016 grorum
1979 3961 2237 4000 annorum
2281 3944 2490 4000 labores
2527 3944 2757 4001 amittas.
2787 3946 2932 4002 Solet
2972 3947 3133 4004 enim
3167 3954 3306 4007 Deus

1725 4057 1844 4095 cum
1876 4049 2210 4109 contemptus
2247 4038 2405 4094 fuerit
2433 4039 2685 4094 collectas
2721 4042 2968 4109 pecunias
2996 4043 3252 4112 dissipare
3285 4063 3298 4096 :

1724 4133 1864 4204 quod
1892 4143 1945 4189 et
1968 4132 2163 4188 Judteis
2184 4133 2474 4189 minitando
2499 4132 2706 4188 dicebat
2732 4174 2746 4198 ,
2778 4135 3024 4204 quoniam
3051 4137 3305 4191 sollicitu-

1725 4228 1902 4284 dinem
1958 4226 2141 4298 templi
2187 4241 2398 4280 omnem
2451 4225 2773 4294 abjiciebant
2808 4244 2821 4280 :
2856 4225 3108 4280 lntulistis
3151 4245 3210 4281 ea
3249 4230 3303 4281 in

1725 4320 1899 4374 domos
1927 4327 2110 4371 uestras
2132 4359 2146 4383 ,
2175 4327 2219 4370 et
2247 4317 2516 4388 exsufﬂavi
2545 4333 2602 4369 ea
2620 4359 2635 4380 ,
2666 4317 2786 4370 dicit
2814 4315 3056 4370 Dominus
3101 4314 3302 4386 (Aggn‘i

1726 4410 1849 4484 19).
1870 4409 2002 4475 Quid
2031 4408 2169 4461 enim
2194 4449 2208 4472 ,
2240 4422 2442 4476 qumso,
2467 4421 2532 4462 ex
2559 4406 2622 4460 iis
2641 4448 2656 4472 ,
2679 4421 2797 4476 qua:
2819 4409 3112 4460 necessaria
3141 4418 3297 4470 sunt,

1724 4510 1777 4555 te
1821 4501 2110 4569 poterimus
2145 4499 2378 4565 docere,
2406 4515 2525 4552 cum
2572 4500 2736 4554 semel
2777 4508 2867 4553 aut
2911 4500 3102 4554 iterum
3148 4503 3300 4555 annis

1723 4592 1940 4660 singulis
1965 4591 2030 4646 ad
2061 4607 2154 4645 nos
2185 4593 2408 4644 ventites
2433 4630 2448 4655 ,
2477 4589 2543 4644 de
2568 4591 2742 4643 anima
2771 4589 3049 4654 nimirum,
3082 4591 3149 4646 de
3177 4608 3300 4645 cor-

1724 4697 1872 4752 pore,
1899 4682 1966 4736 de
1996 4681 2410 4748 immortalitate,
2441 4682 2508 4735 de
2525 4697 2688 4751 regno
2709 4682 2980 4748 eaalorum,
3009 4681 3076 4736 de
3105 4685 3296 4752 pinnis,

1723 4774 1789 4829 de
1815 4773 2076 4844 gehenna,
2101 4772 2169 4826 de
2200 4772 2290 4826 Dei
2322 4772 2740 4842 longanimitate,
2772 4773 2838 4828 de
2868 4773 3213 4843 indulgentia,
3233 4775 3300 4831 de

1724 4863 2031 4936 paenitentia
2051 4905 2066 4929 ,
2089 4863 2156 4918 de
2198 4862 2480 4931 baptismo,
2507 4861 2574 4916 de
2601 4862 2912 4916 remissione
2939 4874 3298 4932 peccatorum,

1721 4958 1790 5014 de
1818 4958 1934 5012 istis
1963 4955 2142 5010 mundi
2189 4969 2309 5009 cum
2353 4954 2646 5023 superioris
2701 4965 2810 5008 tum
2856 4955 3121 5010 inferioris
3147 4972 3296 5011 crea-

1722 5051 1878 5116 turis,
1900 5049 1968 5103 de
1996 5047 2268 5102 hominum
2289 5055 2472 5099 natura
2492 5087 2507 5110 ,
2530 5044 2596 5100 de
2622 5046 2840 5115 angelis,
2869 5045 2936 5100 de
2964 5045 3302 5115 improbitate

1721 5143 2018 5198 dannonum
2039 5179 2054 5203 ,
2077 5135 2142 5192 de
2167 5136 2361 5192 diaboli
2383 5135 2652 5190 fraudibus
2671 5175 2686 5199 ,
2717 5135 2785 5190 de
2811 5134 3047 5190 moribus
3067 5176 3080 5199 ,
3106 5135 3172 5189 de
3199 5134 3299 5186 do—

1720 5231 1985 5302 gmatibus
2001 5270 2018 5297 ,
2045 5229 2112 5285 de
2136 5238 2280 5284 recta
2305 5227 2409 5282 [ide
2431 5268 2448 5294 ,
2477 5225 2545 5282 de
2568 5227 2829 5296 corruptis
2868 5224 3196 5280 lia-resibus?
3220 5224 3296 5276 si-

1720 5323 1930 5393 quidem
1957 5322 2056 5376 ista
2076 5331 2130 5376 et
2150 5319 2316 5375 multo
2342 5319 2486 5389 plura
2515 5333 2670 5373 nosse
2689 5317 3042 5372 Christianum
3068 5324 3296 5383 oportet,

1721 5416 2017 5486 horumque
2066 5413 2302 5468 omnium
2349 5411 2570 5467 reddere
2596 5410 2854 5466 rationem
2893 5409 2958 5464 iis
2991 5408 3078 5478 qui
3118 5407 3298 5461 scisci-

1721 5517 1920 5564 tentur.
1949 5506 2056 5561 Vos
2089 5520 2215 5560 vero
2242 5519 2309 5560 ne
2333 5504 2605 5560 minimam
2633 5501 2844 5572 quidem
2886 5499 3073 5553 borqu
3116 5506 3300 5552 tenere

1723 5609 1927 5674 partem
1971 5597 2206 5670 poteritis
2231 5635 2248 5664 ,
2294 5595 2340 5652 si
2383 5596 2550 5651 semel
2591 5592 2711 5660 hic,
2742 5589 2900 5661 idque
2941 5588 3299 5663 perfunctorie
