3906 6224
587 208 692 264 565

585 323 937 392 conveniatis,
968 337 1068 380 nec
1095 332 1199 378 tam
1229 330 1446 393 propter
1469 323 1661 378 anima:
1690 322 1940 395 pietatem
1960 366 1976 390 ,
2008 339 2168 394 quam

590 425 808 486 propter
833 414 1273 470 consuetudinem
1293 413 1643 470 solemnitatis
1666 432 1680 468 :
1705 415 1790 469 vix
1817 416 1957 470 enim
1987 416 2177 485 cuique

587 508 889 563 assistendo
910 509 1168 573 collectre,
1201 507 1392 576 aliquis
1417 522 1480 562 ex
1508 507 1755 561 omnibus
1786 519 1966 561 exacte
1996 515 2178 576 posset

585 600 766 653 omnia
794 600 880 653 illa
915 599 1146 654 discere.
1173 599 1370 654 Servos
1398 599 1607 654 habetis
1635 601 1786 655 multi
1813 640 1828 664 ,
1856 598 2045 655 horum
2087 601 2177 671 qui

587 692 674 746 hic
699 675 911 756 adsunt,
943 702 997 746 et
1023 691 1160 746 tilios
1184 712 1200 746 :
1221 707 1450 762 cumque
1475 692 1592 746 illos
1613 693 1806 746 artium
1836 692 2102 762 magistris
2124 695 2178 746 in

585 785 920 854 disciplinam
950 786 1158 861 tradere
1186 785 1364 845 vultis.
1394 801 1528 853 quos
1556 785 1856 854 elegeritis,
1881 794 2178 839 vestrarum

587 875 694 929 illis
714 875 908 930 mdium
940 876 1184 945 ingressu
1210 877 1523 932 interdicitis
1551 878 1741 944 semel,
1769 878 1856 932 ubi
1888 878 2178 947 stragulam

587 977 827 1033 vestem,
884 969 1079 1024 cibaria
1124 985 1446 1039 omnemque
1494 970 1652 1024 aliam
1703 970 2083 1040 supellectilem
2125 978 2180 1022 et

587 1070 898 1130 apparatum
934 1061 1312 1130 suppeditastis
1342 1079 1356 1114 ε
1387 1078 1489 1115 una
1518 1077 1637 1115 cum
1669 1062 1920 1131 magistro
1968 1060 2178 1114 habita-

590 1166 700 1208 tum
757 1155 965 1208 tnittitis
996 1196 1011 1218 ,
1054 1170 1117 1209 ac
1175 1171 1242 1208 ne
1284 1155 1500 1210 domum
1539 1164 1771 1209 vestram
1815 1154 2005 1208 adeant
2052 1169 2178 1223 pro-

589 1243 784 1298 hibetis
815 1263 828 1298 :
856 1254 930 1308 ut,
962 1245 1087 1299 dum
1128 1245 1199 1298 ibi
1229 1246 1482 1299 continue
1511 1254 1824 1310 versantur,
1860 1244 2065 1298 facilius
2093 1259 2180 1298 ar-

591 1343 697 1387 tem
720 1334 978 1400 ediscant,
1007 1351 1103 1388 nec
1126 1336 1230 1388 ulla
1259 1335 1613 1389 soilicitudine
1635 1335 1869 1388 studium
1895 1336 2102 1389 illorum
2127 1344 2180 1388 et

588 1427 868 1494 occupatio
885 1426 1270 1496 interpelletur.
1285 1426 1402 1481 Jam
1422 1442 1549 1480 vero
1572 1441 1691 1480 cum
1711 1443 1817 1479 non
1837 1427 2068 1493 vulgaris
2093 1442 2180 1480 ars

589 1517 854 1584 quaedam,
872 1516 965 1570 sed
987 1517 1222 1569 onmium
1246 1517 1475 1570 maxima
1498 1517 1649 1569 vobis
1667 1517 1734 1570 sit
1757 1516 2060 1582 ediscenda,
2075 1532 2180 1586 quo

589 1617 744 1674 pacto
763 1607 870 1659 Deo
884 1606 1196 1674 placendum
1216 1607 1303 1670 sit,
1319 1614 1372 1659 et
1391 1605 1619 1659 cmlestia
1636 1605 1771 1658 bona
1785 1606 2177 1674 consequenda,

589 1695 946 1766 perfunctorie
976 1711 1070 1749 vos
1103 1696 1153 1749 id
1185 1695 1441 1765 perlicere
1469 1710 1624 1764 posse
1651 1697 1883 1750 censetis
1908 1697 1930 1748 Ὶ
1959 1695 2182 1760 Quanta:

590 1785 715 1854 hoc,
747 1802 949 1858 quaeso,
981 1797 1063 1842 est
1082 1787 1400 1841 dementiae?
1422 1785 1554 1840 Nam
1581 1785 1915 1855 disciplinam
1939 1801 2058 1841 esse
2080 1786 2184 1840 hoc

589 1880 902 1949 negotium,
931 1879 1072 1948 quod
1112 1879 1331 1932 multam
1371 1877 1534 1947 exigit
1583 1879 1963 1941 attentionem,
1993 1892 2057 1931 ex
2098 1876 2181 1931 his

588 1969 894 2038 cognoscite
926 1986 940 2022 :
974 1968 1160 2022 Discite
1179 2009 1194 2034 ,
1222 1967 1424 2037 inquit,
1454 1984 1486 2020 a
1512 1982 1590 2020 me
1610 2007 1626 2032 ,
1659 1967 1778 2038 quia
1821 1967 1956 2020 mitis
1994 1984 2104 2020 sum
2136 1975 2182 2022 et

589 2061 796 2115 humilis
841 2059 995 2115 corde
1027 2060 1242 2131 (Manli.
1282 2061 1370 2115 11.
1399 2058 1497 2128 29)
1524 2077 1540 2114 :
1567 2068 1622 2115 et
1661 2074 1850 2114 rursus
1877 2061 2138 2130 propheta
2163 2077 2180 2116 :

598 2152 804 2218 Venite,
833 2154 929 2222 ﬁlii
951 2193 966 2218 ,
991 2153 1165 2208 audite
1201 2169 1280 2207 me
1301 2169 1320 2207 :
1347 2154 1576 2207 timorem
1619 2151 1826 2206 Domini
1869 2153 2056 2208 docebo
2094 2169 2183 2209 vos

589 2243 760 2306 lPsal.
789 2244 878 2298 55.
905 2243 996 2313 12)
1027 2262 1040 2298 :
1073 2253 1128 2298 et
1157 2244 1349 2298 iterum
1381 2261 1394 2296 :
1435 2241 1622 2297 Vaeate
1657 2252 1706 2297 et
1735 2243 1896 2297 uidete
1943 2246 2184 2314 quoniam

587 2351 680 2405 ego
701 2350 811 2388 sum
835 2331 974 2388 Deus
1003 2333 1022 2403 (
1047 2331 1187 2388 Psal.
1215 2334 1304 2388 45.
1336 2334 1392 2388 II
1421 2334 1460 2404 ).
1490 2332 1673 2402 Itaque
1714 2333 1878 2388 multa
1919 2347 2056 2404 opus
2099 2343 2183 2389 est

587 2428 866 2482 vacatione
889 2427 982 2490 illi,
1005 2427 1091 2496 qui
1115 2426 1251 2480 hanc
1273 2442 1480 2480 morum
1504 2425 1841 2495 disciplinam
1866 2435 1921 2480 et
1945 2426 2184 2495 philoso-

591 2517 772 2588 phiam
798 2518 900 2572 sibi
931 2517 1157 2570 voluerit
1184 2531 1522 2586 comparare.

659 2607 712 2660 2.
738 2607 869 2662 Dua:
898 2608 1240 2678 apparitiones
1267 2607 1490 2672 Christi;
1521 2625 1609 2661 cur
1637 2625 1737 2662 non
1761 2607 1868 2662 dies
1893 2617 2031 2662 ortus
2054 2647 2071 2674 ,
2096 2607 2184 2662 sed

589 2700 695 2754 dies
707 2699 939 2769 baptismi
952 2699 1263 2769 Epiphania.
1274 2699 1325 2751 Μ
1330 2700 1577 2752 iraculum
1589 2701 1722 2753 circa
1733 2700 1968 2768 baptismi
1979 2717 2178 2768 aquam.

587 2821 660 2833 -—-
685 2791 880 2845 Verum
914 2807 980 2845 ne
1020 2801 1227 2862 tempus
1265 2806 1424 2845 omne
1463 2791 1516 2845 in
1543 2807 1726 2845 eorum
1771 2791 2184 2862 reprehensione

590 2891 967 2949 conteramus,
991 2884 1080 2952 qui
1117 2883 1291 2936 solent
1319 2883 1543 2946 abesse,
1578 2881 1662 2937 his
1691 2899 1811 2952 quas
1849 2883 1915 2936 ad
1947 2883 2182 2952 ipsorum

591 2975 965 3043 negligentiam
997 2973 1362 3041 corrigendum
1415 2982 1539 3027 sunt
1586 2973 1725 3027 dicta
1773 2974 2008 3028 contenti
2040 3015 2055 3040 ,
2085 2989 2183 3044 age

589 3066 840 3136 quiddam
857 3065 922 3120 de
944 3066 1190 3135 praesenti
1207 3066 1544 3120 solemnitate
1564 3066 2020 3136 philosophemur.
2047 3068 2177 3122 Nam

589 3159 741 3212 multi
771 3159 982 3228 quidem
1013 3158 1142 3212 festa
1164 3159 1436 3213 celebrant
1486 3158 1560 3231 (α)
1585 3201 1599 3225 ,
1630 3169 1684 3214 et
1727 3162 1940 3214 nomina
1995 3177 2180 3216 eorum

591 3259 888 3315 noverunt,
921 3250 1170 3305 historias
1196 3260 1372 3306 autem
1411 3259 1465 3305 et
1495 3253 1806 3306 occasiones
1826 3295 1841 3318 ,
1867 3254 2006 3306 unde
2049 3263 2180 3308 orta:

585 3353 749 3408 sunt,
799 3359 904 3397 non
961 3353 1245 3398 noverunt.
1289 3346 1464 3414 Atque
1509 3343 1862 3413 Epiphaniam
1924 3345 2176 3415 quidem,

585 3437 699 3490 sive
741 3437 1155 3506 apparitionem,
1189 3437 1293 3490 dici
1354 3435 1492 3490 hanc
1531 3438 1893 3492 celebritatem
1932 3439 2180 3494 omnibus

586 3526 772 3596 liquet,
807 3527 919 3581 lucc
947 3542 1074 3581 vero
1097 3527 1356 3597 apparitio
1389 3542 1631 3597 quaenam
1660 3529 1761 3596 sit,
1784 3537 1838 3583 et
1863 3539 2038 3583 utrum
2066 3545 2171 3584 una

586 3618 656 3670 sit
701 3633 767 3670 an
793 3616 910 3670 duae
933 3658 948 3683 ,
984 3617 1034 3671 id
1067 3633 1170 3671 non
1203 3617 1328 3672 item
1360 3627 1658 3681 noverunt;
1689 3629 1744 3673 et
1786 3619 1927 3689 quod
1971 3634 2174 3673 summa

586 3706 874 3762 notandum
907 3708 1190 3778 ignominia
1213 3709 1426 3778 risuque
1448 3707 1663 3778 dignum
1689 3719 1798 3777 est,
1817 3725 1936 3764 eum
1959 3711 2178 3780 singulis

585 3801 742 3855 annis
761 3802 1151 3856 solemnitatem
1173 3801 1326 3855 istam
1350 3801 1644 3868 celebrent,
1667 3803 1782 3872 ejus
1803 3814 2172 3873 argumentum

583 3900 639 3946 et
654 3893 984 3947 occasionem
1011 3893 1271 3963 ignorant.
1297 3893 1530 3948 Primum
1554 3894 1711 3964 igitur
1730 3910 1908 3964 operte
1947 3897 2173 3966 pretium

584 3992 666 4038 est
681 3986 888 4038 caritati
911 3994 1103 4040 vestra:
1122 3987 1354 4041 iudicare
1375 4003 1479 4040 non
1519 4003 1678 4042 unam
1705 4005 1824 4044 esse
1851 3998 2053 4044 tantum
2075 4005 2172 4060 ap-

585 4077 900 4145 paritionem
923 4119 936 4140 ,
962 4077 1054 4132 sed
1093 4078 1222 4132 duas
1249 4095 1261 4131 :
1288 4094 1394 4133 una
1423 4079 1634 4148 quidem
1681 4089 1764 4134 est
1799 4082 1896 4134 ista
1934 4096 2172 4150 praesens

583 4182 703 4236 qua:
731 4168 838 4236 jam
863 4169 1112 4238 contigit;
1143 4171 1308 4224 altera
1336 4184 1462 4222 vero
1512 4185 1629 4238 qua:
1676 4171 1847 4225 futura
1879 4181 1994 4237 est,
2017 4181 2073 4228 et
2117 4173 2170 4228 in

580 4261 1038 4315 consummatione
1081 4262 1262 4315 smculi
1297 4277 1417 4316 cum
1463 4262 1747 4330 splendore
1793 4274 1848 4318 et
1885 4267 2051 4334 gloria
2089 4275 2173 4322 est

583 4361 857 4406 eventura.
891 4354 968 4406 Ac
994 4353 1062 4407 de
1089 4362 1313 4423 utraque
1355 4351 1566 4408 illarum
1595 4355 1816 4410 Paulum
1847 4358 2006 4414 hodie
2051 4361 2171 4414 Tito

581 4445 932 4501 disserentem
959 4447 1199 4514 audistis,
1233 4457 1392 4516 atque
1420 4448 1470 4502 in
1502 4447 1617 4503 hare
1639 4451 1798 4505 verba
1827 4451 1894 4505 de
1922 4453 2169 4520 przcscnti

579 4538 793 4606 quidem
837 4538 1164 4606 loquentem,
1198 4540 1447 4610 Apparuit
1473 4543 1636 4611 gratia
1665 4541 1762 4596 Dei
1785 4545 2024 4599 salutaris
2062 4563 2170 4599 om-

583 4628 729 4681 nibus
755 4629 1058 4694 hominibus,
1081 4631 1313 4684 erudiens
1333 4649 1444 4698 nos,
1469 4643 1523 4685 ut
1541 4633 1844 4704 abnegantes
1864 4637 2170 4702 impietatem

579 4729 625 4772 et
655 4721 920 4773 stecularia
946 4721 1212 4787 desideria,
1243 4722 1404 4776 sobrie
1429 4734 1474 4777 et
1493 4726 1632 4793 juste
1660 4735 1707 4779 et
1741 4729 1823 4796 pie
1857 4729 2076 4782 vivamus
2116 4730 2177 4781 in

579 4810 671 4863 hoc
699 4813 921 4865 siccato:
947 4812 1014 4866 de
1042 4811 1212 4867 futura
1241 4830 1388 4880 vero,
1415 4814 1774 4886 Exspectantes
1803 4820 1995 4874 beatam
2031 4837 2169 4890 spem

579 4911 626 4954 et
649 4902 914 4957 adventum
945 4905 1123 4975 gloria:
1148 4908 1320 4978 magni
1355 4907 1450 4962 Dei
1477 4919 1522 4963 et
1551 4911 1832 4966 Saluatoris
1860 4916 2020 4967 nostri
2042 4915 2168 4970 Jesu

578 4991 767 5046 Christi
794 4994 812 5065 (
837 4994 936 5048 Tit.
967 4999 1023 5051 2.
1055 4998 1141 5051 11.
1172 4998 1259 5052 12.
1290 4999 1416 5070 15).
1446 5000 1514 5054 Ει
1537 5017 1668 5057 vero
1690 5005 1950 5074 pr0pheta
1980 5006 2048 5061 de
2077 5007 2166 5061 illa

577 5086 689 5154 ipsa
716 5086 794 5141 sic
823 5085 987 5142 dixit‘
1025 5106 1038 5142 :
1071 5089 1168 5144 Sol
1195 5096 1516 5146 convertetur'
1530 5093 1583 5148 in
1607 5095 1864 5162 tenebras,
1894 5107 1937 5152 et
1970 5099 2090 5152 luna
2113 5101 2167 5154 in

575 5181 913 5261 sanguinem,
934 5192 1200 5254 antequam
1221 5187 1385 5241 veniat
1411 5189 1517 5242 dies
1542 5187 1751 5244 Domini
1779 5207 1991 5262 magnus
2019 5204 2065 5246 et
2093 5193 2162 5248 il-

576 5271 749 5326 lustris
777 5272 933 5345 (Joel.
961 5273 1014 5328 2.
1046 5274 1158 5344 51).
1190 5275 1259 5331 At
1286 5277 1424 5331 enim
1454 5279 1542 5347 qui
1574 5279 1667 5347 tit,
1695 5289 1753 5334 ut
1779 5296 1881 5335 non
1912 5297 1974 5336 ea
2003 5282 2119 5338 dies
2141 5324 2157 5349 ,

573 5379 676 5431 qua
704 5375 856 5420 natus
876 5375 978 5429 est,
1001 5365 1295 5436 Epiphania
1316 5370 1647 5439 ctapparitio
1664 5373 1978 5441 appelletur,
1993 5374 2159 5432 sedea

574 5469 676 5524 qua
702 5455 999 5526 baptizatus
1022 5458 1142 5511 est?
1164 5458 1287 5513 llaec
1311 5459 1453 5515 enim
1481 5460 1596 5518 dies
1629 5470 1714 5519 est
1737 5478 1839 5535 qua
1865 5463 2160 5537 baptizatus

639 5589 657 5661 ξ
693 5589 1045 5661 tn_haec_verba
1064 5586 1158 5661 (.Gr.
1170 5590 1318 5661 ἔλεγεν
1328 5591 1494 5661 obtine)
1505 5591 1861 5646 desinttCodex
1877 5595 2002 5659 Reg.
2020 5594 2154 5648 1964.

636 5647 710 5711 (a)
743 5651 854 5700 Dies
868 5647 1136 5712 Epiphaniae
1150 5652 1221 5702 cei
1231 5647 1503 5705 abrabatur'.

1341 214 1393 268 S.
1436 212 1710 268 JOANNIS
1747 209 2220 267 tillI‘tYSOSTOSIl
2260 210 2574 267 ARCIIIEP.
2615 207 3148 266 CONSTANTINOP.
3773 213 3847 264 δέη

2285 335 2406 393 est,
2436 338 2490 382 et
2526 342 2782 398 aquarum
2813 336 3058 382 naturam
3085 324 3457 383 sanctiﬁcavit.
3484 323 3704 381 Idcirco
3727 329 3848 379 etiam

2281 417 2332 470 in
2374 419 2474 471 hac
2504 419 2842 473 solemnitate
2868 419 2967 474 sub
2994 417 3224 473 mediam
3255 427 3470 473 noctem
3499 433 3699 472 omnes
3721 459 3734 479 ,
3761 434 3850 471 cum

2278 510 2456 579 aquati
2488 509 2705 575 fuerint,
2730 509 2949 565 domum
2978 509 3164 564 latices
3195 508 3434 566 referunt
3461 525 3534 564 ac
3562 510 3854 574 recondunt,

2280 609 2336 656 et
2362 616 2456 670 per
2480 600 2742 671 integrum
2772 616 2967 656 annum
2992 609 3310 655 conservant
3334 643 3349 665 ,
3383 609 3581 670 utpote
3610 601 3750 670 quod
3788 601 3857 655 ho-

2281 691 2461 746 dierna
2509 691 2596 746 die
2634 693 2977 746 sanctiﬁcata:
3007 693 3112 746 sint
3150 706 3303 762 aqua:
3330 709 3342 745 :
3369 691 3540 760 [itque
3568 692 3856 745 miraculum

2281 779 2527 847 evidens,
2560 783 2686 837 dum
2732 783 2861 836 nihil
2907 783 3160 852 temporis
3193 782 3587 852 longinquitate
3628 798 3858 852 aquarum

2281 875 2490 929 illarum
2521 885 2704 930 natura
2731 875 2944 928 vitiatur
2970 917 2985 940 ,
3017 873 3113 930 sed
3138 874 3343 943 integro
3368 889 3514 927 anno
3560 885 3727 943 atque
3753 874 3860 928 ades

2281 967 2497 1022 biennio
2523 977 2577 1021 et
2603 968 2831 1022 triennio
2860 982 3003 1037 srepe
3027 1009 3042 1034 ,
3071 983 3190 1036 qua:
3218 965 3378 1020 hodie
3422 967 3521 1019 fuit
3551 967 3745 1020 hausta
3769 1007 3784 1032 ,
3806 968 3861 1020 iu-

2281 1069 2531 1127 corrupta
2553 1069 2607 1114 et
2635 1075 2823 1114 recens
2856 1068 3153 1129 permanet,
3187 1073 3248 1113 ac
3275 1067 3398 1130 ροει
3428 1066 3642 1112 tantum
3680 1073 3864 1128 tempo-

2282 1151 2355 1204 ris
2377 1165 2497 1203 cum
2529 1149 2592 1203 iis
2624 1165 2741 1219 qua:
2769 1166 2939 1220 nuper
2982 1149 3176 1204 fuerint
3207 1165 3237 1204 e
3265 1150 3505 1204 fontibus
3532 1151 3748 1204 educta:
3774 1168 3867 1204 cer-

2283 1252 2377 1297 tat.
2410 1243 2704 1310 Quamnam
2735 1243 2892 1312 igitur
2917 1243 2986 1296 ob
3015 1257 3226 1296 causam
3258 1241 3373 1296 haec
3410 1243 3685 1310 apparitio
3708 1260 3867 1309 api-c2...

2283 1333 2444 1388 Iatur‘!
2462 1334 2593 1400 Quia
2617 1335 2862 1388 nimirum
2885 1349 2989 1387 non
3005 1335 3250 1389 onmibus
3268 1335 3586 1388 manifestus
3608 1345 3694 1389 est
3708 1342 3863 1388 reddi-

2285 1434 2385 1489 tus,
2419 1442 2536 1480 cum
2558 1435 2708 1495 partu
2731 1435 2810 1480 est
2833 1425 3021 1488 editus,
3042 1425 3135 1479 sed
3154 1441 3271 1480 cum
3292 1423 3697 1494 estbaptizatns
3723 1444 3737 1478 :
3767 1444 3864 1478 nam

2283 1517 2349 1571 ad
2374 1518 2509 1571 hunc
2533 1533 2700 1587 usque
2719 1517 2859 1572 diem
2892 1518 3049 1587 vulgo
3078 1527 3192 1571 erat
3222 1518 3448 1587 ignotus.
3481 1517 3622 1570 Nam
3649 1518 3869 1585 incogni-

2285 1619 2394 1662 tum
2427 1625 2546 1663 eum
2577 1609 2738 1664 fuisse
2768 1610 2944 1680 vulgo,
2974 1625 3145 1680 neque
3165 1611 3404 1680 quisnam
3435 1619 3588 1664 esset
3612 1612 3870 1679 plerosque

2284 1701 2504 1756 scivisse
2530 1711 2739 1756 constat
2767 1718 2831 1757 ex
2863 1704 2978 1756 istis
2998 1702 3216 1757 Joannis
3244 1703 3497 1772 Baptistae
3521 1704 3712 1758 verbis
3738 1721 3753 1755 :
3784 1704 3869 1756 Me-

2286 1791 2402 1846 dius
2443 1802 2659 1847 vestrum
2688 1795 2859 1858 stetit,
2891 1811 3036 1863 quem
3076 1810 3160 1847 vos
3203 1794 3402 1847 nescitis
3445 1791 3636 1864 (Joan.
3683 1795 3738 1848 1.
3777 1795 3866 1861 26;.

2285 1883 2422 1951 Quid
2465 1899 2593 1938 vero
2631 1886 2822 1939 mirum
2853 1886 2898 1939 si
2927 1886 3015 1940 alii
3055 1901 3158 1940 non
3191 1895 3412 1940 nossent
3440 1928 3456 1952 ,
3485 1886 3714 1956 qnando
3746 1889 3865 1940 illus

2285 1976 2444 2031 etiam
2475 1975 2588 2047 ipse
2613 1977 2847 2047 Baptista
2876 1977 2943 2032 ad
2970 1993 3092 2032 eum
3122 1992 3287 2046 usque
3311 1978 3452 2032 diem
3486 1979 3869 2048 ignorabat?£t

2285 2083 2376 2138 ego
2405 2068 2686 2122 nesciebam
2713 2084 2860 2134 eum,
2893 2069 3061 2138 inquit
3086 2086 3101 2122 :
3125 2068 3211 2123 sed
3244 2068 3329 2137 qui
3352 2068 3491 2122 misit
3517 2085 3602 2122 me
3633 2068 3873 2138 baptizari

2293 2163 2353 2218 in
2375 2175 2545 2230 aqua,
2569 2158 2660 2214 ille
2700 2159 2826 2214 mihi
2855 2159 2985 2214 dixit
3007 2201 3022 2226 ,
3049 2159 3217 2230 Super
3239 2175 3385 2228 quem
3409 2159 3604 2214 videris
3635 2160 3877 2231 Spiritui

2283 2248 2665 2307 descendentem
2709 2251 2726 2283 ¹
2746 2260 2795 2307 et
2820 2261 3103 2306 manentem
3127 2267 3277 2321 super
3296 2268 3432 2319 eum,
3463 2252 3547 2305 hic
3597 2263 3675 2307 est
3697 2255 3786 2322 qui
3804 2254 3877 2306 bu-

2293 2342 2449 2412 ptizat
2473 2343 2527 2396 in
2554 2341 2756 2412 Spiritu
2798 2352 2974 2396 sancto
2997 2340 3099 2411 (Ib.
3133 2342 3245 2411 55).
3277 2342 3418 2396 Duas
3444 2342 3616 2412 igitur
3645 2359 3776 2398 esse
3796 2360 3873 2412 ap-

2285 2435 2576 2504 paritiones
2596 2451 2661 2489 ex
2694 2435 2776 2489 his
2801 2434 2988 2504 liquet;
3012 2434 3104 2489 sed
3131 2449 3356 2503 quanam
3386 2435 3456 2489 de
3483 2450 3660 2491 causa
3689 2436 3876 2491 venerit

2285 2524 2352 2578 ad
2373 2525 2689 2594 baptismum
2713 2524 2976 2589 Christus,
3001 2541 3137 2579 nunc
3163 2539 3250 2579 res
3277 2526 3510 2594 postulat
3533 2537 3601 2580 ut
3626 2528 3873 2589 dicamus,

2285 2625 2337 2669 et
2359 2614 2424 2668 ad
2448 2630 2732 2684 quemnam
2761 2615 3077 2683 baptismum
3103 2615 3306 2669 venerit
3330 2632 3342 2668 :
3366 2631 3490 2669 nam
3514 2625 3572 2669 et
3591 2616 3703 2671 hoc
3718 2633 3876 2684 opere

2286 2706 2516 2776 pretium
2564 2717 2642 2761 est
2688 2720 3010 2776 cognoscere
3035 2747 3046 2767 ,
3073 2717 3126 2759 ut
3157 2720 3285 2760 sane
3313 2707 3473 2760 etiam
3506 2707 3672 2761 illud.
3705 2707 3773 2762 Et
3797 2708 3876 2759 hex

2286 2796 2434 2866 prius
2471 2797 2744 2850 caritatem
2786 2805 3016 2850 vestram
3065 2796 3262 2850 docere
3288 2805 3540 2863 oportet:
3571 2813 3708 2849 nam
3741 2807 3796 2851 et
3826 2813 3874 2850 ex

2288 2887 2388 2942 hoc
2412 2887 2538 2943 illud
2569 2889 2928 2958 intelligimus.
2961 2887 3238 2942 Judaicnm
3266 2897 3379 2942 erat
3419 2887 3731 2957 baptisma,
3757 2889 3871 2959 quad

2287 2979 2473 3034 sordes
2515 2995 2797 3048 corporum
2829 3019 2844 3044 ,
2876 2995 2980 3032 non
3038 2988 3249 3047 peccata
3292 2993 3408 3046 quae
3449 2977 3505 3031 in
3553 2982 3870 3033 conscieniiz

2286 3069 2571 3137 resident,
2605 3069 2872 3123 abluebat.
2913 3068 3092 3138 Neque
3131 3069 3274 3123 enim
3320 3069 3364 3122 si
3392 3069 3512 3136 quis
3557 3069 3869 3124 adulteriua

2285 3171 2667 3230 perpetrasset,
2696 3176 2870 3229 neque
2901 3161 2944 3213 si
2967 3161 3082 3230 quis
3125 3160 3245 3212 furti
3277 3174 3332 3213 se
3360 3161 3645 3229 alligasset
3670 3202 3688 3228 ,
3727 3177 3870 3229 neq:

2285 3252 2330 3306 si
2353 3253 2472 3320 quis
2494 3252 2633 3306 aliud
2660 3251 2928 3321 quidpiam
2955 3252 3173 3306 sceleris
3201 3251 3523 3316 admisisset,
3551 3269 3689 3306 eum
3717 3257 3873 3307 crina-

2284 3342 2438 3396 nibus
2467 3342 2716 3410 expiabat
2742 3359 2755 3394 :
2780 3341 2874 3396 sed
2918 3341 2962 3396 si
2991 3342 3108 3411 quis
3135 3350 3464 3396 mortuorum
3501 3357 3636 3395 ossa
3693 3347 3876 3413 tetigis-

2283 3445 2366 3490 set
2391 3477 2407 3501 ,
2435 3437 2478 3490 si
2503 3437 2623 3504 quis
2652 3437 2842 3490 vetitos
2871 3451 2899 3488 a
2938 3435 3052 3504 lege
3082 3435 3230 3490 cibos
3260 3434 3606 3504 degustasset
3634 3478 3649 3501 ,
3688 3439 3742 3491 si
3785 3440 3882 3506 quis

2282 3542 2311 3580 a
2341 3529 2683 3597 corruptione
2709 3527 3032 3592 advenisset,
3061 3527 3106 3582 si
3134 3527 3252 3595 quis
3281 3541 3401 3580 cum
3433 3527 3678 3594 lcprosis
3712 3544 3882 3582 vers:-

2283 3627 2368 3672 tus
2405 3629 2583 3686 esset,
2615 3619 2928 3684 lavabatur,
2958 3627 3012 3673 et
3055 3617 3361 3672 immundus
3413 3625 3530 3672 erat
3595 3634 3789 3689 usque
3838 3617 3882 3672 sd

2283 3725 2578 3780 vesperam,
2598 3709 2788 3764 deinde
2816 3709 3185 3764 mundabatur.
3205 3708 3476 3762 Lavabitur
3498 3711 3667 3775 enim,
3702 3712 3881 3782 inquit,

2279 3818 2462 3871 corpus
2496 3803 2603 3872 ejus
2643 3818 2775 3872 aqua
2820 3801 3042 3866 munda,
3073 3811 3119 3855 et
3152 3801 3442 3855 immundus
3481 3802 3585 3853 erit
3635 3819 3816 3871 usque
3841 3803 3882 3854 si

2280 3907 2557 3961 uesperam,
2587 3902 2633 3946 et
2659 3891 2986 3945 inundabitur
3007 3891 3193 3960 (Leuit.
3214 3892 3298 3946 15.
3331 3893 3384 3947 5.
3407 3907 3518 3962 sqq.
3546 3901 3601 3946 et
3627 3893 3761 3960 15).
3792 3894 3882 3947 Non

2279 3983 2423 4038 enim
2453 3983 2567 4039 haec
2616 4000 2739 4039 vere
2767 3992 3040 4052 peccatum
3065 3992 3217 4039 erant
3252 3998 3422 4054 neque
3470 3984 3726 4052 pollutio
3759 4029 3778 4054 ,
3810 3984 3882 4040 sel

2279 4074 2423 4144 quod
2485 4073 2901 4143 imperfectiores
2957 4083 3185 4141 essent,
3215 4090 3308 4144 per
3335 4074 3613 4144 ejusmodi
3662 4092 3771 4132 res
3814 4092 3882 4131 eo:

2279 4165 2514 4220 efﬁciens
2530 4165 2907 4234 religiosiores,
2930 4165 3068 4220 Deus
3095 4166 3160 4219 ad
3191 4165 3450 4234 majorum
3477 4180 3678 4219 rerum
3713 4170 3882 4223 obses

2282 4257 2552 4310 vationem
2580 4259 2814 4324 aptiores
2843 4267 2898 4311 et
2925 4256 3290 4326 diligentiores
3317 4256 3443 4310 olim
3472 4257 3798 4313 reddebat.

2351 4349 2404 4403 5.
2438 4348 2686 4420 Baptismi
2711 4349 3013 4406 Iudaeorum
3041 4359 3088 4403 et
3117 4349 3351 4420 baptismi
3377 4347 3610 4402 Joannis
3639 4355 3820 4407 ratio.
3841 4381 3882 4393 —

2280 4443 2464 4513 Itaque
2516 4443 2734 4498 Judaica
2784 4444 2870 4497 illa
2918 4443 3130 4513 quidem
3177 4445 3407 4513 expiatio
3456 4459 3838 4516 nequaquam
3877 4462 3882 4499 ι

2280 4535 2511 4606 peccatis
2552 4535 2832 4602 liberabat,
2865 4535 2957 4590 sed
2989 4551 3017 4588 a
3046 4537 3317 4606 corporeis
3346 4536 3606 4591 sordibus
3638 4548 3873 4594 tantum

2280 4638 2460 4684 nostra
2487 4642 2614 4681 vero
2641 4627 2760 4680 talis
2785 4642 2889 4680 non
2913 4636 2994 4681 est
3015 4668 3028 4690 ,
3061 4627 3157 4681 sed
3185 4627 3348 4680 nmlto
3377 4628 3556 4693 major
3576 4669 3590 4687 ,
3628 4645 3710 4684 ac
3742 4633 3882 4684 mult

2277 4720 2442 4790 gratia
2482 4718 2678 4773 referta
2707 4733 2720 4770 :
2746 4734 2866 4771 nam
2893 4729 2946 4773 et
2978 4717 3169 4771 liberat
3195 4733 3223 4770 a
3255 4717 3482 4786 peccatis
3506 4760 3524 4779 ,
3559 4728 3620 4772 et
3648 4725 3882 4775 animai

2277 4811 2564 4877 emundat,
2609 4821 2662 4866 et
2697 4811 2922 4880 Spiritus
2951 4810 3172 4879 gratiam
3221 4809 3458 4879 largitur.
3487 4809 3752 4868 Joannis
3786 4831 3882 4867 rer

2278 4903 2539 4972 baptisma
2568 4902 2789 4957 Judaico
2809 4901 3020 4972 quidem
3044 4903 3211 4955 multo
3237 4901 3516 4956 sublimius
3551 4902 3687 4969 fuit,
3721 4907 3882 4960 humi

2280 4994 2379 5049 lius
2413 5010 2544 5050 vero
2587 5004 2772 5048 nostro
2796 5035 2811 5060 ,
2861 4993 3020 5048 veluti
3053 5008 3188 5063 pons
3216 4993 3428 5062 quidam
3462 4995 3788 5067 utriusque
3825 5001 3882 5052 bs

2278 5087 2539 5156 ptismatis
2578 5085 2733 5156 hujus
2757 5128 2772 5151 ,
2814 5085 2881 5140 ab
2919 5085 3009 5140 illo
3039 5085 3105 5139 ad
3136 5085 3274 5139 istud
3306 5100 3399 5154 per
3428 5101 3486 5139 se
3514 5091 3690 5156 quasi
3748 5107 3882 5145 man

2276 5179 2478 5234 ducens
2503 5197 2516 5233 :
2541 5193 2649 5233 non
2679 5178 2824 5234 enim
2854 5191 2946 5232 eos
2975 5176 3158 5246 utique
3185 5175 3252 5230 ad
3283 5177 3754 5234 observationem
3788 5197 3882 5236 cor

2274 5272 2420 5341 poris
2461 5271 2828 5340 purgationum
2877 5268 3198 5335 inducebat,
3247 5269 3340 5324 sed
3379 5268 3448 5325 ab
3490 5271 3604 5325 illis
3651 5288 3882 5328 avocati

2274 5363 2654 5422 cohortabatur
2690 5373 2745 5417 et
2785 5361 3134 5427 consulebat,
3167 5371 3275 5414 uta
3304 5361 3435 5416 vitio
3465 5362 3882 5420 traducerent:

2271 5454 2338 5509 ad
2367 5454 2637 5520 virtutem,
2656 5463 2812 5523 atque
2836 5452 2889 5507 in
2911 5465 3132 5522 operum
3155 5460 3302 5507 recte
3327 5450 3480 5506 factis
3498 5466 3672 5524 spem
3709 5455 3882 5510 saluti

2269 5563 2378 5604 non
2421 5547 2475 5602 in
2518 5546 2744 5602 diversis
2780 5545 3058 5618 baptismis
3097 5555 3154 5600 et
3199 5559 3461 5616 aquarum
3499 5545 3882 5604 ablutioniha

2335 5660 2352 5692 ί
2388 5665 2490 5710 Duo
2511 5664 2640 5722 Mss,
2667 5657 3033 5711 descendentem
3048 5654 3188 5722 quasi
3200 5654 3494 5711 columbam.
