  <div class='ocr_page' id='page_1' title='image "/cluster/home/n/w/nwhite01/storage/ocr_20150623/49/mdp.39015028539461/364.png"; bbox 0 0 3906 6224; ppageno 0'>
   <div class='ocr_carea' id='block_1_1' title="bbox 148 304 278 361">
    <p class='ocr_par' dir='ltr' id='par_1_1' title="bbox 148 304 278 361">
     <span class='ocr_line' id='line_1_1' title="bbox 148 304 278 361; baseline 0 0"><span class='ocrx_word' id='word_1_1' title='bbox 148 304 278 361; x_wconf 72' lang='lat'>365</span> 
     </span>
    </p>
   </div>
   <div class='ocr_carea' id='block_1_2' title="bbox 150 414 1746 490">
    <p class='ocr_par' dir='ltr' id='par_1_2' title="bbox 150 414 1746 490">
     <span class='ocr_line' id='line_1_2' title="bbox 150 414 1746 490; baseline -0.004 -15"><span class='ocrx_word' id='word_1_2' title='bbox 150 419 402 475; x_wconf 75' lang='grc' dir='ltr'>ἐνταῦθα</span> <span class='ocrx_word' id='word_1_3' title='bbox 440 419 536 471; x_wconf 71' lang='grc' dir='ltr'>καὶ</span> <span class='ocrx_word' id='word_1_4' title='bbox 576 414 736 471; x_wconf 86' lang='grc' dir='ltr'>τοῦτο</span> <span class='ocrx_word' id='word_1_5' title='bbox 778 418 1078 490; x_wconf 79' lang='grc' dir='ltr'>παρέργως</span> <span class='ocrx_word' id='word_1_6' title='bbox 1107 419 1487 488; x_wconf 84' lang='grc' dir='ltr'>συναγόμενοι,</span> <span class='ocrx_word' id='word_1_7' title='bbox 1528 418 1623 471; x_wconf 69' lang='grc' dir='ltr'>καὶ</span> <span class='ocrx_word' id='word_1_8' title='bbox 1658 416 1746 470; x_wconf 79' lang='grc' dir='ltr'>διὰ</span> 
     </span>
    </p>
   </div>
   <div class='ocr_carea' id='block_1_3' title="bbox 154 501 1747 574">
    <p class='ocr_par' dir='ltr' id='par_1_3' title="bbox 154 501 1747 574">
     <span class='ocr_line' id='line_1_3' title="bbox 154 501 1747 574; baseline -0.004 -15"><span class='ocrx_word' id='word_1_9' title='bbox 154 502 467 574; x_wconf 83' lang='grc' dir='ltr'>συνήθειαν</span> <span class='ocrx_word' id='word_1_10' title='bbox 496 501 714 572; x_wconf 78' lang='grc' dir='ltr'>ἑορτῆς,</span> <span class='ocrx_word' id='word_1_11' title='bbox 751 501 814 554; x_wconf 87' lang='grc' dir='ltr'>οὑ</span> <span class='ocrx_word' id='word_1_12' title='bbox 848 503 915 555; x_wconf 87' lang='grc' dir='ltr'>δι’</span> <span class='ocrx_word' id='word_1_13' title='bbox 948 501 1234 555; x_wconf 80' lang='grc' dir='ltr'>εὐλάϐειαν</span> <span class='ocrx_word' id='word_1_14' title='bbox 1266 501 1464 571; x_wconf 78' lang='grc' dir='ltr'>ψυχῆς.</span> <span class='ocrx_word' id='word_1_15' title='bbox 1505 502 1747 571; x_wconf 81' lang='grc' dir='ltr'>Ἀγαπη-</span> 
     </span>
    </p>
   </div>
   <div class='ocr_carea' id='block_1_4' title="bbox 151 582 1748 656">
    <p class='ocr_par' dir='ltr' id='par_1_4' title="bbox 151 582 1748 656">
     <span class='ocr_line' id='line_1_4' title="bbox 151 582 1748 656; baseline -0.003 -18"><span class='ocrx_word' id='word_1_16' title='bbox 151 585 262 638; x_wconf 79' lang='grc' dir='ltr'>τὺν</span> <span class='ocrx_word' id='word_1_17' title='bbox 289 585 402 656; x_wconf 86' lang='grc' dir='ltr'>γάρ</span> <span class='ocrx_word' id='word_1_18' title='bbox 435 585 485 636; x_wconf 90' lang='grc' dir='ltr'>εἰ</span> <span class='ocrx_word' id='word_1_19' title='bbox 526 582 647 636; x_wconf 82' lang='grc' dir='ltr'>καθ’</span> <span class='ocrx_word' id='word_1_20' title='bbox 679 582 918 654; x_wconf 79' lang='grc' dir='ltr'>ἑκάστην</span> <span class='ocrx_word' id='word_1_21' title='bbox 946 583 1167 648; x_wconf 83' lang='grc' dir='ltr'>σύναξιν</span> <span class='ocrx_word' id='word_1_22' title='bbox 1198 583 1433 637; x_wconf 84' lang='grc' dir='ltr'>ἐνταῦθά</span> <span class='ocrx_word' id='word_1_23' title='bbox 1457 599 1542 646; x_wconf 88' lang='grc' dir='ltr'>τις</span> <span class='ocrx_word' id='word_1_24' title='bbox 1573 584 1748 634; x_wconf 88' lang='grc' dir='ltr'>ἀπαν-</span> 
     </span>
    </p>
   </div>
   <div class='ocr_carea' id='block_1_5' title="bbox 153 665 1747 737">
    <p class='ocr_par' dir='ltr' id='par_1_5' title="bbox 153 665 1747 737">
     <span class='ocr_line' id='line_1_5' title="bbox 153 665 1747 737; baseline -0.004 -15"><span class='ocrx_word' id='word_1_25' title='bbox 153 670 280 722; x_wconf 85' lang='grc' dir='ltr'>τῶν</span> <span class='ocrx_word' id='word_1_26' title='bbox 320 667 578 737; x_wconf 78' lang='grc' dir='ltr'>δυνηθείη</span> <span class='ocrx_word' id='word_1_27' title='bbox 627 668 745 737; x_wconf 87' lang='grc' dir='ltr'>μετ’</span> <span class='ocrx_word' id='word_1_28' title='bbox 782 665 1071 735; x_wconf 87' lang='grc' dir='ltr'>ἀκριϐείας</span> <span class='ocrx_word' id='word_1_29' title='bbox 1111 667 1329 721; x_wconf 73' lang='grc' dir='ltr'>ἅπαντα</span> <span class='ocrx_word' id='word_1_30' title='bbox 1363 665 1535 719; x_wconf 87' lang='grc' dir='ltr'>ταῦτα</span> <span class='ocrx_word' id='word_1_31' title='bbox 1575 682 1747 717; x_wconf 89' lang='grc' dir='ltr'>κατα-</span> 
     </span>
    </p>
   </div>
   <div class='ocr_carea' id='block_1_6' title="bbox 159 748 1746 821">
    <p class='ocr_par' dir='ltr' id='par_1_6' title="bbox 159 748 1746 821">
     <span class='ocr_line' id='line_1_6' title="bbox 159 748 1746 821; baseline -0.001 -18"><span class='ocrx_word' id='word_1_32' title='bbox 159 754 343 821; x_wconf 80' lang='grc' dir='ltr'>σχεῖν.</span> <span class='ocrx_word' id='word_1_33' title='bbox 375 750 607 812; x_wconf 77' lang='grc' dir='ltr'>Οἰκέτας</span> <span class='ocrx_word' id='word_1_34' title='bbox 653 749 806 819; x_wconf 82' lang='grc' dir='ltr'>ἔχετε</span> <span class='ocrx_word' id='word_1_35' title='bbox 840 748 1026 802; x_wconf 88' lang='grc' dir='ltr'>πολλοί</span> <span class='ocrx_word' id='word_1_36' title='bbox 1058 749 1168 801; x_wconf 87' lang='grc' dir='ltr'>τῶν</span> <span class='ocrx_word' id='word_1_37' title='bbox 1200 748 1436 802; x_wconf 81' lang='grc' dir='ltr'>ἐνταῦθα</span> <span class='ocrx_word' id='word_1_38' title='bbox 1464 748 1746 819; x_wconf 84' lang='grc' dir='ltr'>παρόντων</span> 
     </span>
    </p>
   </div>
   <div class='ocr_carea' id='block_1_7' title="bbox 157 831 1746 902">
    <p class='ocr_par' dir='ltr' id='par_1_7' title="bbox 157 831 1746 902">
     <span class='ocr_line' id='line_1_7' title="bbox 157 831 1746 902; baseline -0.002 -16"><span class='ocrx_word' id='word_1_39' title='bbox 157 834 268 886; x_wconf 78' lang='grc' dir='ltr'>καὶ</span> <span class='ocrx_word' id='word_1_40' title='bbox 317 834 488 896; x_wconf 81' lang='grc' dir='ltr'>υἰοὺς,</span> <span class='ocrx_word' id='word_1_41' title='bbox 521 833 617 885; x_wconf 72' lang='grc' dir='ltr'>καὶ</span> <span class='ocrx_word' id='word_1_42' title='bbox 660 831 948 902; x_wconf 84' lang='grc' dir='ltr'>μέλλοντες</span> <span class='ocrx_word' id='word_1_43' title='bbox 992 832 1190 895; x_wconf 74' lang='grc' dir='ltr'>αὐτοὺς</span> <span class='ocrx_word' id='word_1_44' title='bbox 1230 831 1583 902; x_wconf 80' lang='grc' dir='ltr'>παραδιδόναι</span> <span class='ocrx_word' id='word_1_45' title='bbox 1634 833 1746 894; x_wconf 88' lang='grc' dir='ltr'>τοῖς</span> 
     </span>
    </p>
   </div>
   <div class='ocr_carea' id='block_1_8' title="bbox 157 907 1749 986">
    <p class='ocr_par' dir='ltr' id='par_1_8' title="bbox 157 907 1749 986">
     <span class='ocr_line' id='line_1_8' title="bbox 157 907 1749 986; baseline -0.003 -16"><span class='ocrx_word' id='word_1_46' title='bbox 157 916 279 970; x_wconf 82' lang='grc' dir='ltr'>τῶν</span> <span class='ocrx_word' id='word_1_47' title='bbox 305 916 512 986; x_wconf 81' lang='grc' dir='ltr'>τεχνῶν</span> <span class='ocrx_word' id='word_1_48' title='bbox 553 915 892 978; x_wconf 83' lang='grc' dir='ltr'>ἐπιστάταις,</span> <span class='ocrx_word' id='word_1_49' title='bbox 923 907 998 969; x_wconf 83' lang='grc' dir='ltr'>ὧν</span> <span class='ocrx_word' id='word_1_50' title='bbox 1029 915 1095 968; x_wconf 85' lang='grc' dir='ltr'>ἂν</span> <span class='ocrx_word' id='word_1_51' title='bbox 1124 914 1353 976; x_wconf 71' lang='grc' dir='ltr'>ἕλοισθε,</span> <span class='ocrx_word' id='word_1_52' title='bbox 1404 915 1499 968; x_wconf 75' lang='grc' dir='ltr'>καὶ</span> <span class='ocrx_word' id='word_1_53' title='bbox 1540 913 1637 984; x_wconf 84' lang='grc' dir='ltr'>τὴν</span> <span class='ocrx_word' id='word_1_54' title='bbox 1670 915 1749 965; x_wconf 85' lang='grc' dir='ltr'>οἰ-</span> 
     </span>
    </p>
   </div>
   <div class='ocr_carea' id='block_1_9' title="bbox 161 995 1743 1069">
    <p class='ocr_par' dir='ltr' id='par_1_9' title="bbox 161 995 1743 1069">
     <span class='ocr_line' id='line_1_9' title="bbox 161 995 1743 1069; baseline -0.001 -17"><span class='ocrx_word' id='word_1_55' title='bbox 161 999 299 1053; x_wconf 85' lang='grc' dir='ltr'>κίαν</span> <span class='ocrx_word' id='word_1_56' title='bbox 327 999 511 1061; x_wconf 85' lang='grc' dir='ltr'>αὑτοῖς</span> <span class='ocrx_word' id='word_1_57' title='bbox 548 997 649 1068; x_wconf 87' lang='grc' dir='ltr'>τὴν</span> <span class='ocrx_word' id='word_1_58' title='bbox 683 997 956 1069; x_wconf 79' lang='grc' dir='ltr'>ὑμετέραν</span> <span class='ocrx_word' id='word_1_59' title='bbox 989 996 1188 1053; x_wconf 78' lang='grc' dir='ltr'>ἄϐατον</span> <span class='ocrx_word' id='word_1_60' title='bbox 1234 1000 1437 1050; x_wconf 85' lang='grc' dir='ltr'>ποιεῖτε</span> <span class='ocrx_word' id='word_1_61' title='bbox 1467 995 1743 1061; x_wconf 79' lang='grc' dir='ltr'>καθάπαξ,</span> 
     </span>
    </p>
   </div>
   <div class='ocr_carea' id='block_1_10' title="bbox 162 1079 1746 1152">
    <p class='ocr_par' dir='ltr' id='par_1_10' title="bbox 162 1079 1746 1152">
     <span class='ocr_line' id='line_1_10' title="bbox 162 1079 1746 1152; baseline -0.003 -16"><span class='ocrx_word' id='word_1_62' title='bbox 162 1082 270 1136; x_wconf 72' lang='grc' dir='ltr'>καὶ</span> <span class='ocrx_word' id='word_1_63' title='bbox 320 1079 618 1152; x_wconf 82' lang='grc' dir='ltr'>στρώματα</span> <span class='ocrx_word' id='word_1_64' title='bbox 660 1081 755 1133; x_wconf 81' lang='grc' dir='ltr'>καὶ</span> <span class='ocrx_word' id='word_1_65' title='bbox 791 1080 999 1151; x_wconf 80' lang='grc' dir='ltr'>τροφὰς</span> <span class='ocrx_word' id='word_1_66' title='bbox 1044 1082 1139 1134; x_wconf 75' lang='grc' dir='ltr'>καὶ</span> <span class='ocrx_word' id='word_1_67' title='bbox 1170 1080 1269 1152; x_wconf 84' lang='grc' dir='ltr'>τὴν</span> <span class='ocrx_word' id='word_1_68' title='bbox 1306 1080 1471 1151; x_wconf 79' lang='grc' dir='ltr'>ἄλλην</span> <span class='ocrx_word' id='word_1_69' title='bbox 1527 1080 1746 1133; x_wconf 81' lang='grc' dir='ltr'>ἃπασαν</span> 
     </span>
    </p>
   </div>
   <div class='ocr_carea' id='block_1_11' title="bbox 163 1161 1747 1234">
    <p class='ocr_par' dir='ltr' id='par_1_11' title="bbox 163 1161 1747 1234">
     <span class='ocr_line' id='line_1_11' title="bbox 163 1161 1747 1234; baseline -0.002 -17"><span class='ocrx_word' id='word_1_70' title='bbox 163 1165 359 1227; x_wconf 83' lang='grc' dir='ltr'>αὐτοῖς</span> <span class='ocrx_word' id='word_1_71' title='bbox 406 1163 930 1234; x_wconf 82' lang='grc' dir='ltr'>παρασκευάσαντες</span> <span class='ocrx_word' id='word_1_72' title='bbox 981 1162 1276 1223; x_wconf 83' lang='grc' dir='ltr'>διακονίαν,</span> <span class='ocrx_word' id='word_1_73' title='bbox 1323 1162 1401 1233; x_wconf 83' lang='grc' dir='ltr'>τῷ</span> <span class='ocrx_word' id='word_1_74' title='bbox 1444 1161 1747 1232; x_wconf 86' lang='grc' dir='ltr'>διδασκάλῳ</span> 
     </span>
    </p>
   </div>
   <div class='ocr_carea' id='block_1_12' title="bbox 164 1244 1746 1316">
    <p class='ocr_par' dir='ltr' id='par_1_12' title="bbox 164 1244 1746 1316">
     <span class='ocr_line' id='line_1_12' title="bbox 164 1244 1746 1316; baseline -0.003 -17"><span class='ocrx_word' id='word_1_75' title='bbox 164 1244 622 1315; x_wconf 79' lang='grc' dir='ltr'>συγκατοικίζετε</span> <span class='ocrx_word' id='word_1_76' title='bbox 651 1245 1009 1316; x_wconf 83' lang='grc' dir='ltr'>ἀπείργοντες</span> <span class='ocrx_word' id='word_1_77' title='bbox 1048 1245 1245 1308; x_wconf 76' lang='grc' dir='ltr'>αὑτοὺς</span> <span class='ocrx_word' id='word_1_78' title='bbox 1275 1245 1375 1315; x_wconf 78' lang='grc' dir='ltr'>τῆς</span> <span class='ocrx_word' id='word_1_79' title='bbox 1402 1246 1579 1307; x_wconf 83' lang='grc' dir='ltr'>οἰκίας</span> <span class='ocrx_word' id='word_1_80' title='bbox 1622 1246 1746 1296; x_wconf 88' lang='grc' dir='ltr'>ἐπι-</span> 
     </span>
    </p>
   </div>
   <div class='ocr_carea' id='block_1_13' title="bbox 166 1325 1745 1398">
    <p class='ocr_par' dir='ltr' id='par_1_13' title="bbox 166 1325 1745 1398">
     <span class='ocr_line' id='line_1_13' title="bbox 166 1325 1745 1398; baseline -0.003 -16"><span class='ocrx_word' id='word_1_81' title='bbox 166 1327 380 1382; x_wconf 83' lang='grc' dir='ltr'>ϐαίνειν</span> <span class='ocrx_word' id='word_1_82' title='bbox 407 1327 509 1396; x_wconf 81' lang='grc' dir='ltr'>τῆς</span> <span class='ocrx_word' id='word_1_83' title='bbox 555 1326 847 1397; x_wconf 83' lang='grc' dir='ltr'>ὑμετέρας,</span> <span class='ocrx_word' id='word_1_84' title='bbox 881 1327 969 1381; x_wconf 80' lang='grc' dir='ltr'>ἵνα</span> <span class='ocrx_word' id='word_1_85' title='bbox 999 1329 1032 1398; x_wconf 82' lang='grc' dir='ltr'>ἡ</span> <span class='ocrx_word' id='word_1_86' title='bbox 1071 1327 1299 1397; x_wconf 83' lang='grc' dir='ltr'>συνεχὴς</span> <span class='ocrx_word' id='word_1_87' title='bbox 1347 1329 1464 1380; x_wconf 85' lang='grc' dir='ltr'>ἐκεῖ</span> <span class='ocrx_word' id='word_1_88' title='bbox 1497 1325 1745 1398; x_wconf 84' lang='grc' dir='ltr'>διατριϐὴ</span> 
     </span>
    </p>
   </div>
   <div class='ocr_carea' id='block_1_14' title="bbox 163 1408 1745 1480">
    <p class='ocr_par' dir='ltr' id='par_1_14' title="bbox 163 1408 1745 1480">
     <span class='ocr_line' id='line_1_14' title="bbox 163 1408 1745 1480; baseline -0.001 -18"><span class='ocrx_word' id='word_1_89' title='bbox 163 1411 273 1480; x_wconf 81' lang='grc' dir='ltr'>τὴν</span> <span class='ocrx_word' id='word_1_90' title='bbox 300 1408 646 1463; x_wconf 80' lang='grc' dir='ltr'>διδασκαλίαν</span> <span class='ocrx_word' id='word_1_91' title='bbox 674 1408 1066 1480; x_wconf 87' lang='grc' dir='ltr'>ἀκριϐεστέραν</span> <span class='ocrx_word' id='word_1_92' title='bbox 1103 1411 1433 1480; x_wconf 84' lang='grc' dir='ltr'>ἐργάσηται,</span> <span class='ocrx_word' id='word_1_93' title='bbox 1478 1408 1745 1479; x_wconf 79' lang='grc' dir='ltr'>μηδεμιᾶς</span> 
     </span>
    </p>
   </div>
   <div class='ocr_carea' id='block_1_15' title="bbox 163 1492 1746 1565">
    <p class='ocr_par' dir='ltr' id='par_1_15' title="bbox 163 1492 1746 1565">
     <span class='ocr_line' id='line_1_15' title="bbox 163 1492 1746 1565; baseline -0.001 -19"><span class='ocrx_word' id='word_1_94' title='bbox 163 1493 453 1565; x_wconf 80' lang='grc' dir='ltr'>φροντίδος</span> <span class='ocrx_word' id='word_1_95' title='bbox 493 1492 593 1564; x_wconf 87' lang='grc' dir='ltr'>τὴν</span> <span class='ocrx_word' id='word_1_96' title='bbox 639 1492 832 1563; x_wconf 78' lang='grc' dir='ltr'>σχολὴν</span> <span class='ocrx_word' id='word_1_97' title='bbox 859 1492 1277 1564; x_wconf 87' lang='grc' dir='ltr'>διακοπτοὺσης.</span> <span class='ocrx_word' id='word_1_98' title='bbox 1306 1494 1441 1547; x_wconf 76' lang='grc' dir='ltr'>Νυνὶ</span> <span class='ocrx_word' id='word_1_99' title='bbox 1471 1494 1528 1546; x_wconf 85' lang='grc' dir='ltr'>δὲ</span> <span class='ocrx_word' id='word_1_100' title='bbox 1554 1494 1615 1546; x_wconf 85' lang='grc' dir='ltr'>οὐ</span> <span class='ocrx_word' id='word_1_101' title='bbox 1659 1492 1746 1545; x_wconf 91' lang='grc' dir='ltr'>τέ-</span> 
     </span>
    </p>
   </div>
   <div class='ocr_carea' id='block_1_16' title="bbox 162 1576 1744 1649">
    <p class='ocr_par' dir='ltr' id='par_1_16' title="bbox 162 1576 1744 1649">
     <span class='ocr_line' id='line_1_16' title="bbox 162 1576 1744 1649; baseline 0.001 -20"><span class='ocrx_word' id='word_1_102' title='bbox 162 1593 306 1647; x_wconf 86' lang='grc' dir='ltr'>χνην</span> <span class='ocrx_word' id='word_1_103' title='bbox 338 1578 436 1647; x_wconf 80' lang='grc' dir='ltr'>τὴν</span> <span class='ocrx_word' id='word_1_104' title='bbox 472 1576 762 1647; x_wconf 81' lang='grc' dir='ltr'>τυχοῦσαν,</span> <span class='ocrx_word' id='word_1_105' title='bbox 805 1576 941 1630; x_wconf 86' lang='grc' dir='ltr'>ἀλλά</span> <span class='ocrx_word' id='word_1_106' title='bbox 987 1576 1085 1647; x_wconf 84' lang='grc' dir='ltr'>τὴν</span> <span class='ocrx_word' id='word_1_107' title='bbox 1121 1578 1311 1631; x_wconf 89' lang='grc' dir='ltr'>πασῶν</span> <span class='ocrx_word' id='word_1_108' title='bbox 1349 1577 1568 1649; x_wconf 78' lang='grc' dir='ltr'>μείζονα</span> <span class='ocrx_word' id='word_1_109' title='bbox 1603 1593 1744 1648; x_wconf 83' lang='grc' dir='ltr'>μαν-</span> 
     </span>
    </p>
   </div>
   <div class='ocr_carea' id='block_1_17' title="bbox 162 1658 1745 1731">
    <p class='ocr_par' dir='ltr' id='par_1_17' title="bbox 162 1658 1745 1731">
     <span class='ocr_line' id='line_1_17' title="bbox 162 1658 1745 1731; baseline 0.001 -18"><span class='ocrx_word' id='word_1_110' title='bbox 162 1658 355 1713; x_wconf 83' lang='grc' dir='ltr'>θάνειν</span> <span class='ocrx_word' id='word_1_111' title='bbox 390 1659 694 1730; x_wconf 84' lang='grc' dir='ltr'>μέλλοντες,</span> <span class='ocrx_word' id='word_1_112' title='bbox 728 1658 844 1722; x_wconf 85' lang='grc' dir='ltr'>πῶς</span> <span class='ocrx_word' id='word_1_113' title='bbox 872 1659 1064 1730; x_wconf 85' lang='grc' dir='ltr'>ἀρέσαι</span> <span class='ocrx_word' id='word_1_114' title='bbox 1101 1660 1178 1729; x_wconf 83' lang='grc' dir='ltr'>τῷ</span> <span class='ocrx_word' id='word_1_115' title='bbox 1205 1660 1324 1731; x_wconf 81' lang='grc' dir='ltr'>Θεῷ</span> <span class='ocrx_word' id='word_1_116' title='bbox 1368 1660 1466 1725; x_wconf 87' lang='grc' dir='ltr'>δεῖ,</span> <span class='ocrx_word' id='word_1_117' title='bbox 1510 1661 1606 1714; x_wconf 77' lang='grc' dir='ltr'>καὶ</span> <span class='ocrx_word' id='word_1_118' title='bbox 1634 1659 1745 1714; x_wconf 86' lang='grc' dir='ltr'>τῶν</span> 
     </span>
    </p>
   </div>
   <div class='ocr_carea' id='block_1_18' title="bbox 161 1741 1743 1814">
    <p class='ocr_par' dir='ltr' id='par_1_18' title="bbox 161 1741 1743 1814">
     <span class='ocr_line' id='line_1_18' title="bbox 161 1741 1743 1814; baseline 0 -19"><span class='ocrx_word' id='word_1_119' title='bbox 161 1741 437 1813; x_wconf 80' lang='grc' dir='ltr'>οὐρανίων</span> <span class='ocrx_word' id='word_1_120' title='bbox 483 1745 782 1814; x_wconf 72' lang='grc' dir='ltr'>ἐπιτυχεῖν,</span> <span class='ocrx_word' id='word_1_121' title='bbox 842 1743 1136 1814; x_wconf 82' lang='grc' dir='ltr'>παρέργως</span> <span class='ocrx_word' id='word_1_122' title='bbox 1208 1743 1431 1814; x_wconf 83' lang='grc' dir='ltr'>ἡγεῖσθε</span> <span class='ocrx_word' id='word_1_123' title='bbox 1479 1742 1743 1797; x_wconf 85' lang='grc' dir='ltr'>δύνασθαι</span> 
     </span>
    </p>
   </div>
   <div class='ocr_carea' id='block_1_19' title="bbox 160 1823 1739 1898">
    <p class='ocr_par' dir='ltr' id='par_1_19' title="bbox 160 1823 1739 1898">
     <span class='ocr_line' id='line_1_19' title="bbox 160 1823 1739 1898; baseline 0.003 -22"><span class='ocrx_word' id='word_1_124' title='bbox 160 1824 333 1879; x_wconf 84' lang='grc' dir='ltr'>τοῦτο</span> <span class='ocrx_word' id='word_1_125' title='bbox 377 1823 524 1898; x_wconf 81' lang='grc'>[569]</span> <span class='ocrx_word' id='word_1_126' title='bbox 572 1825 891 1897; x_wconf 84' lang='grc' dir='ltr'>κατορθοῦν.</span> <span class='ocrx_word' id='word_1_127' title='bbox 928 1826 1039 1880; x_wconf 76' lang='grc' dir='ltr'>Καὶ</span> <span class='ocrx_word' id='word_1_128' title='bbox 1096 1825 1267 1897; x_wconf 84' lang='grc' dir='ltr'>πόσης</span> <span class='ocrx_word' id='word_1_129' title='bbox 1317 1827 1478 1880; x_wconf 81' lang='grc' dir='ltr'>τοῦτο</span> <span class='ocrx_word' id='word_1_130' title='bbox 1519 1827 1739 1892; x_wconf 87' lang='grc' dir='ltr'>ἀνοίας;</span> 
     </span>
    </p>
   </div>
   <div class='ocr_carea' id='block_1_20' title="bbox 165 1908 1743 1981">
    <p class='ocr_par' dir='ltr' id='par_1_20' title="bbox 165 1908 1743 1981">
     <span class='ocr_line' id='line_1_20' title="bbox 165 1908 1743 1981; baseline 0 -19"><span class='ocrx_word' id='word_1_131' title='bbox 165 1908 300 1962; x_wconf 86' lang='grc' dir='ltr'>Ὅτι</span> <span class='ocrx_word' id='word_1_132' title='bbox 334 1909 442 1980; x_wconf 86' lang='grc' dir='ltr'>γὰρ</span> <span class='ocrx_word' id='word_1_133' title='bbox 472 1910 705 1981; x_wconf 84' lang='grc' dir='ltr'>μάθησις</span> <span class='ocrx_word' id='word_1_134' title='bbox 728 1909 788 1962; x_wconf 86' lang='grc' dir='ltr'>τὸ</span> <span class='ocrx_word' id='word_1_135' title='bbox 816 1909 1052 1980; x_wconf 81' lang='grc' dir='ltr'>πρᾶγμά</span> <span class='ocrx_word' id='word_1_136' title='bbox 1096 1911 1212 1961; x_wconf 87' lang='grc' dir='ltr'>ἐστι</span> <span class='ocrx_word' id='word_1_137' title='bbox 1255 1908 1457 1978; x_wconf 80' lang='grc' dir='ltr'>πολλῆς</span> <span class='ocrx_word' id='word_1_138' title='bbox 1490 1908 1743 1979; x_wconf 87' lang='grc' dir='ltr'>δεόμενον</span> 
     </span>
    </p>
   </div>
   <div class='ocr_carea' id='block_1_21' title="bbox 160 1990 1741 2064">
    <p class='ocr_par' dir='ltr' id='par_1_21' title="bbox 160 1990 1741 2064">
     <span class='ocr_line' id='line_1_21' title="bbox 160 1990 1741 2064; baseline 0 -18"><span class='ocrx_word' id='word_1_139' title='bbox 160 1993 270 2062; x_wconf 85' lang='grc' dir='ltr'>τῆς</span> <span class='ocrx_word' id='word_1_140' title='bbox 309 1994 602 2064; x_wconf 74' lang='grc' dir='ltr'>προσοχῆς,</span> <span class='ocrx_word' id='word_1_141' title='bbox 641 1992 872 2047; x_wconf 79' lang='grc' dir='ltr'>ἄκουσον</span> <span class='ocrx_word' id='word_1_142' title='bbox 899 1992 951 2046; x_wconf 90' lang='grc' dir='ltr'>τί</span> <span class='ocrx_word' id='word_1_143' title='bbox 985 2007 1152 2064; x_wconf 88' lang='grc' dir='ltr'>φησι·</span> <span class='ocrx_word' id='word_1_144' title='bbox 1187 1990 1415 2045; x_wconf 80' lang='grc' dir='ltr'>Μάθετε</span> <span class='ocrx_word' id='word_1_145' title='bbox 1466 1992 1567 2046; x_wconf 82' lang='grc' dir='ltr'>ἀπ’</span> <span class='ocrx_word' id='word_1_146' title='bbox 1594 1993 1741 2061; x_wconf 79' lang='grc' dir='ltr'>ἐμοῦ</span> 
     </span>
    </p>
   </div>
   <div class='ocr_carea' id='block_1_22' title="bbox 160 2074 1742 2146">
    <p class='ocr_par' dir='ltr' id='par_1_22' title="bbox 160 2074 1742 2146">
     <span class='ocr_line' id='line_1_22' title="bbox 160 2074 1742 2146; baseline -0.001 -16"><span class='ocrx_word' id='word_1_147' title='bbox 160 2075 263 2130; x_wconf 83' lang='grc' dir='ltr'>ὄτι</span> <span class='ocrx_word' id='word_1_148' title='bbox 316 2075 505 2144; x_wconf 76' lang='grc' dir='ltr'>πρᾶός</span> <span class='ocrx_word' id='word_1_149' title='bbox 553 2078 702 2146; x_wconf 85' lang='grc' dir='ltr'>ειμι,</span> <span class='ocrx_word' id='word_1_150' title='bbox 746 2076 843 2131; x_wconf 75' lang='grc' dir='ltr'>καί</span> <span class='ocrx_word' id='word_1_151' title='bbox 886 2075 1165 2141; x_wconf 77' lang='grc' dir='ltr'>ταπεινὸς</span> <span class='ocrx_word' id='word_1_152' title='bbox 1219 2074 1295 2143; x_wconf 75' lang='grc' dir='ltr'>τῇ</span> <span class='ocrx_word' id='word_1_153' title='bbox 1353 2074 1595 2143; x_wconf 80' lang='grc' dir='ltr'>καρδίᾳ·</span> <span class='ocrx_word' id='word_1_154' title='bbox 1645 2076 1742 2129; x_wconf 78' lang='grc' dir='ltr'>καὶ</span> 
     </span>
    </p>
   </div>
   <div class='ocr_carea' id='block_1_23' title="bbox 163 2157 1737 2231">
    <p class='ocr_par' dir='ltr' id='par_1_23' title="bbox 163 2157 1737 2231">
     <span class='ocr_line' id='line_1_23' title="bbox 163 2157 1737 2231; baseline 0 -19"><span class='ocrx_word' id='word_1_155' title='bbox 163 2157 337 2212; x_wconf 89' lang='grc' dir='ltr'>πάλιν</span> <span class='ocrx_word' id='word_1_156' title='bbox 362 2160 391 2211; x_wconf 79' lang='grc' dir='ltr'><strong>ὁ</strong></span> <span class='ocrx_word' id='word_1_157' title='bbox 429 2160 745 2231; x_wconf 74' lang='grc' dir='ltr'>προφήτηςο</span> <span class='ocrx_word' id='word_1_158' title='bbox 775 2159 974 2222; x_wconf 82' lang='grc' dir='ltr'>Δεῦτε,</span> <span class='ocrx_word' id='word_1_159' title='bbox 1004 2159 1208 2225; x_wconf 80' lang='grc' dir='ltr'>τέκνα,</span> <span class='ocrx_word' id='word_1_160' title='bbox 1239 2157 1545 2215; x_wconf 78' lang='grc' dir='ltr'>ἀκούσατέ</span> <span class='ocrx_word' id='word_1_161' title='bbox 1581 2175 1700 2227; x_wconf 84' lang='grc' dir='ltr'>μου</span> <span class='ocrx_word' id='word_1_162' title='bbox 1720 2172 1737 2191; x_wconf 78' lang='grc'><strong><em>⁸</em></strong></span> 
     </span>
    </p>
   </div>
   <div class='ocr_carea' id='block_1_24' title="bbox 160 2239 1738 2312">
    <p class='ocr_par' dir='ltr' id='par_1_24' title="bbox 160 2239 1738 2312">
     <span class='ocr_line' id='line_1_24' title="bbox 160 2239 1738 2312; baseline 0.001 -19"><span class='ocrx_word' id='word_1_163' title='bbox 160 2242 361 2309; x_wconf 72' lang='grc' dir='ltr'>φόϐον</span> <span class='ocrx_word' id='word_1_164' title='bbox 393 2243 613 2310; x_wconf 83' lang='grc' dir='ltr'>Κυρίου</span> <span class='ocrx_word' id='word_1_165' title='bbox 648 2240 865 2306; x_wconf 81' lang='grc' dir='ltr'>διδάξω</span> <span class='ocrx_word' id='word_1_166' title='bbox 901 2240 1093 2312; x_wconf 82' lang='grc' dir='ltr'>ὑμᾶς’</span> <span class='ocrx_word' id='word_1_167' title='bbox 1136 2243 1232 2296; x_wconf 77' lang='grc' dir='ltr'>καὶ</span> <span class='ocrx_word' id='word_1_168' title='bbox 1277 2241 1471 2295; x_wconf 80' lang='grc' dir='ltr'>πάλιν⁸</span> <span class='ocrx_word' id='word_1_169' title='bbox 1507 2239 1738 2309; x_wconf 79' lang='grc' dir='ltr'>Σχολά-</span> 
     </span>
    </p>
   </div>
   <div class='ocr_carea' id='block_1_25' title="bbox 160 2322 1741 2394">
    <p class='ocr_par' dir='ltr' id='par_1_25' title="bbox 160 2322 1741 2394">
     <span class='ocr_line' id='line_1_25' title="bbox 160 2322 1741 2394; baseline 0 -18"><span class='ocrx_word' id='word_1_170' title='bbox 160 2337 320 2376; x_wconf 83' lang='grc' dir='ltr'>σατε</span> <span class='ocrx_word' id='word_1_171' title='bbox 345 2323 443 2377; x_wconf 77' lang='grc' dir='ltr'>καί</span> <span class='ocrx_word' id='word_1_172' title='bbox 475 2322 681 2394; x_wconf 73' lang='grc' dir='ltr'>γνῶτε,</span> <span class='ocrx_word' id='word_1_173' title='bbox 708 2324 796 2377; x_wconf 85' lang='grc' dir='ltr'>ὅτι</span> <span class='ocrx_word' id='word_1_174' title='bbox 830 2323 944 2394; x_wconf 77' lang='grc' dir='ltr'>ἐγώ</span> <span class='ocrx_word' id='word_1_175' title='bbox 960 2325 1078 2392; x_wconf 84' lang='grc' dir='ltr'>είμι</span> <span class='ocrx_word' id='word_1_176' title='bbox 1099 2327 1134 2378; x_wconf 79' lang='grc' dir='ltr'>ό</span> <span class='ocrx_word' id='word_1_177' title='bbox 1160 2325 1322 2390; x_wconf 87' lang='grc' dir='ltr'>Θεός.</span> <span class='ocrx_word' id='word_1_178' title='bbox 1349 2324 1510 2378; x_wconf 82' lang='grc' dir='ltr'>’Ὥστε</span> <span class='ocrx_word' id='word_1_179' title='bbox 1540 2322 1741 2391; x_wconf 81' lang='grc' dir='ltr'>πολλῆς</span> 
     </span>
    </p>
   </div>
   <div class='ocr_carea' id='block_1_26' title="bbox 164 2405 1738 2477">
    <p class='ocr_par' dir='ltr' id='par_1_26' title="bbox 164 2405 1738 2477">
     <span class='ocr_line' id='line_1_26' title="bbox 164 2405 1738 2477; baseline 0.002 -22"><span class='ocrx_word' id='word_1_180' title='bbox 164 2405 368 2475; x_wconf 81' lang='grc' dir='ltr'>σχολῆς</span> <span class='ocrx_word' id='word_1_181' title='bbox 404 2406 561 2476; x_wconf 81' lang='grc' dir='ltr'>χρεία</span> <span class='ocrx_word' id='word_1_182' title='bbox 590 2405 666 2476; x_wconf 82' lang='grc' dir='ltr'>τῷ</span> <span class='ocrx_word' id='word_1_183' title='bbox 701 2406 944 2477; x_wconf 86' lang='grc' dir='ltr'>μέλλοντι</span> <span class='ocrx_word' id='word_1_184' title='bbox 974 2406 1176 2477; x_wconf 84' lang='grc' dir='ltr'>ταύτης</span> <span class='ocrx_word' id='word_1_185' title='bbox 1214 2406 1612 2460; x_wconf 80' lang='grc' dir='ltr'>ἀπολαύσεσθαι</span> <span class='ocrx_word' id='word_1_186' title='bbox 1638 2405 1738 2476; x_wconf 84' lang='grc' dir='ltr'>τῆς</span> 
     </span>
    </p>
   </div>
   <div class='ocr_carea' id='block_1_27' title="bbox 166 2489 512 2558">
    <p class='ocr_par' dir='ltr' id='par_1_27' title="bbox 166 2489 512 2558">
     <span class='ocr_line' id='line_1_27' title="bbox 166 2489 512 2558; baseline 0.003 -18"><span class='ocrx_word' id='word_1_187' title='bbox 166 2489 512 2558; x_wconf 81' lang='grc' dir='ltr'>φιλοσοφίας.</span> 
     </span>
    </p>
   </div>
   <div class='ocr_carea' id='block_1_28' title="bbox 244 2571 1741 2644">
    <p class='ocr_par' dir='ltr' id='par_1_28' title="bbox 244 2571 1741 2644">
     <span class='ocr_line' id='line_1_28' title="bbox 244 2571 1741 2644; baseline -0.001 -17"><span class='ocrx_word' id='word_1_188' title='bbox 244 2572 313 2642; x_wconf 87' lang='grc' dir='ltr'>β’.</span> <span class='ocrx_word' id='word_1_189' title='bbox 333 2572 493 2625; x_wconf 78' lang='grc' dir='ltr'>Ἀλλά</span> <span class='ocrx_word' id='word_1_190' title='bbox 511 2572 641 2643; x_wconf 83' lang='grc' dir='ltr'>γὰρ,</span> <span class='ocrx_word' id='word_1_191' title='bbox 668 2571 753 2625; x_wconf 84' lang='grc' dir='ltr'>ἵνα</span> <span class='ocrx_word' id='word_1_192' title='bbox 775 2571 847 2643; x_wconf 87' lang='grc' dir='ltr'>μὴ</span> <span class='ocrx_word' id='word_1_193' title='bbox 866 2573 958 2626; x_wconf 83' lang='grc' dir='ltr'>τὸν</span> <span class='ocrx_word' id='word_1_194' title='bbox 973 2573 1161 2644; x_wconf 90' lang='grc' dir='ltr'>χρόνον</span> <span class='ocrx_word' id='word_1_195' title='bbox 1178 2573 1476 2637; x_wconf 82' lang='grc' dir='ltr'>άπανταείς</span> <span class='ocrx_word' id='word_1_196' title='bbox 1493 2573 1741 2643; x_wconf 85' lang='grc' dir='ltr'>ἔγκλημα</span> 
     </span>
    </p>
   </div>
   <div class='ocr_carea' id='block_1_29' title="bbox 158 2663 1741 2737">
    <p class='ocr_par' dir='ltr' id='par_1_29' title="bbox 158 2663 1741 2737">
     <span class='ocr_line' id='line_1_29' title="bbox 158 2663 1741 2737; baseline 0.001 -21"><span class='ocrx_word' id='word_1_197' title='bbox 158 2663 279 2717; x_wconf 82' lang='grc' dir='ltr'>τῶν</span> <span class='ocrx_word' id='word_1_198' title='bbox 298 2663 822 2734; x_wconf 85' lang='grc' dir='ltr'>ἀπολιμπανομένων</span> <span class='ocrx_word' id='word_1_199' title='bbox 839 2665 1226 2737; x_wconf 85' lang='grc' dir='ltr'>ἀναλώσωμεν,</span> <span class='ocrx_word' id='word_1_200' title='bbox 1254 2666 1612 2737; x_wconf 85' lang='grc' dir='ltr'>ἀρκεσθέντες</span> <span class='ocrx_word' id='word_1_201' title='bbox 1628 2669 1741 2730; x_wconf 89' lang='grc' dir='ltr'>τοῖς</span> 
     </span>
    </p>
   </div>
   <div class='ocr_carea' id='block_1_30' title="bbox 160 2754 1739 2830">
    <p class='ocr_par' dir='ltr' id='par_1_30' title="bbox 160 2754 1739 2830">
     <span class='ocr_line' id='line_1_30' title="bbox 160 2754 1739 2830; baseline 0.001 -22"><span class='ocrx_word' id='word_1_202' title='bbox 160 2754 479 2825; x_wconf 73' lang='grc' dir='ltr'>εἰρημένοις</span> <span class='ocrx_word' id='word_1_203' title='bbox 523 2757 601 2819; x_wconf 87' lang='grc' dir='ltr'>εἰς</span> <span class='ocrx_word' id='word_1_204' title='bbox 641 2755 739 2825; x_wconf 85' lang='grc' dir='ltr'>τὴν</span> <span class='ocrx_word' id='word_1_205' title='bbox 775 2756 875 2826; x_wconf 81' lang='grc' dir='ltr'>τῆς</span> <span class='ocrx_word' id='word_1_206' title='bbox 923 2755 1148 2830; x_wconf 70' lang='grc' dir='ltr'>[αὐτῶν]</span> <span class='ocrx_word' id='word_1_207' title='bbox 1197 2757 1419 2811; x_wconf 75' lang='grc' dir='ltr'>ἐκείνων</span> <span class='ocrx_word' id='word_1_208' title='bbox 1472 2756 1739 2829; x_wconf 75' lang='grc' dir='ltr'>ῥᾳθυμίας</span> 
     </span>
    </p>
   </div>
   <div class='ocr_carea' id='block_1_31' title="bbox 157 2846 1743 2922">
    <p class='ocr_par' dir='ltr' id='par_1_31' title="bbox 157 2846 1743 2922">
     <span class='ocr_line' id='line_1_31' title="bbox 157 2846 1743 2922; baseline 0.002 -22"><span class='ocrx_word' id='word_1_209' title='bbox 157 2846 469 2919; x_wconf 84' lang='grc' dir='ltr'>διόρθωσιν,</span> <span class='ocrx_word' id='word_1_210' title='bbox 502 2848 632 2918; x_wconf 77' lang='grc' dir='ltr'>φέρε</span> <span class='ocrx_word' id='word_1_211' title='bbox 679 2865 731 2902; x_wconf 91' lang='grc' dir='ltr'>τι</span> <span class='ocrx_word' id='word_1_212' title='bbox 777 2851 1027 2921; x_wconf 72' lang='grc' dir='ltr'>περὶτῆς</span> <span class='ocrx_word' id='word_1_213' title='bbox 1056 2850 1336 2921; x_wconf 86' lang='grc' dir='ltr'>παρούσης</span> <span class='ocrx_word' id='word_1_214' title='bbox 1367 2851 1560 2922; x_wconf 83' lang='grc' dir='ltr'>έορτῆς</span> <span class='ocrx_word' id='word_1_215' title='bbox 1593 2851 1743 2921; x_wconf 88' lang='grc' dir='ltr'>φιλο-</span> 
     </span>
    </p>
   </div>
   <div class='ocr_carea' id='block_1_32' title="bbox 163 2941 1741 3015">
    <p class='ocr_par' dir='ltr' id='par_1_32' title="bbox 163 2941 1741 3015">
     <span class='ocr_line' id='line_1_32' title="bbox 163 2941 1741 3015; baseline 0.003 -23"><span class='ocrx_word' id='word_1_216' title='bbox 163 2941 517 3011; x_wconf 81' lang='grc' dir='ltr'>σοφήσωμεν.</span> <span class='ocrx_word' id='word_1_217' title='bbox 549 2941 740 2994; x_wconf 85' lang='grc' dir='ltr'>Πολλοί</span> <span class='ocrx_word' id='word_1_218' title='bbox 773 2942 881 3014; x_wconf 90' lang='grc' dir='ltr'>γάρ</span> <span class='ocrx_word' id='word_1_219' title='bbox 913 2944 1011 3006; x_wconf 87' lang='grc' dir='ltr'>τὰς</span> <span class='ocrx_word' id='word_1_220' title='bbox 1047 2944 1144 3012; x_wconf 83' lang='grc' dir='ltr'>μὲν</span> <span class='ocrx_word' id='word_1_221' title='bbox 1175 2943 1366 3015; x_wconf 87' lang='grc' dir='ltr'>ἐορτάς</span> <span class='ocrx_word' id='word_1_222' title='bbox 1403 2944 1613 3012; x_wconf 80' lang='grc' dir='ltr'>ἄγουσι,</span> <span class='ocrx_word' id='word_1_223' title='bbox 1647 2944 1741 2998; x_wconf 76' lang='grc' dir='ltr'>καὶ</span> 
     </span>
    </p>
   </div>
   <div class='ocr_carea' id='block_1_33' title="bbox 157 3034 1740 3103">
    <p class='ocr_par' dir='ltr' id='par_1_33' title="bbox 157 3034 1740 3103">
     <span class='ocr_line' id='line_1_33' title="bbox 157 3034 1740 3103; baseline 0.003 -17"><span class='ocrx_word' id='word_1_224' title='bbox 157 3034 237 3086; x_wconf 84' lang='grc' dir='ltr'>τά</span> <span class='ocrx_word' id='word_1_225' title='bbox 275 3034 512 3103; x_wconf 79' lang='grc' dir='ltr'>ὀνόματα</span> <span class='ocrx_word' id='word_1_226' title='bbox 560 3034 736 3089; x_wconf 84' lang='grc' dir='ltr'>αὑτῶν</span> <span class='ocrx_word' id='word_1_227' title='bbox 787 3036 969 3100; x_wconf 84' lang='grc' dir='ltr'>ῐσασι,</span> <span class='ocrx_word' id='word_1_228' title='bbox 1017 3036 1116 3098; x_wconf 79' lang='grc' dir='ltr'>τὰς</span> <span class='ocrx_word' id='word_1_229' title='bbox 1162 3037 1219 3089; x_wconf 81' lang='grc' dir='ltr'>δὲ</span> <span class='ocrx_word' id='word_1_230' title='bbox 1254 3036 1569 3099; x_wconf 85' lang='grc' dir='ltr'>ὑποθέσεις,</span> <span class='ocrx_word' id='word_1_231' title='bbox 1618 3037 1740 3091; x_wconf 84' lang='grc' dir='ltr'>ὅθεν</span> 
     </span>
    </p>
   </div>
   <div class='ocr_carea' id='block_1_34' title="bbox 163 3121 1738 3198">
    <p class='ocr_par' dir='ltr' id='par_1_34' title="bbox 163 3121 1738 3198">
     <span class='ocr_line' id='line_1_34' title="bbox 163 3121 1738 3198; baseline 0.003 -24"><span class='ocrx_word' id='word_1_232' title='bbox 163 3122 494 3193; x_wconf 78' lang='grc' dir='ltr'>ἐτέχθησαν,</span> <span class='ocrx_word' id='word_1_233' title='bbox 540 3124 845 3191; x_wconf 79' lang='grc' dir='ltr'>ἀγνοοῦσιν.</span> <span class='ocrx_word' id='word_1_234' title='bbox 876 3125 1002 3178; x_wconf 85' lang='grc' dir='ltr'>’Ότι</span> <span class='ocrx_word' id='word_1_235' title='bbox 1057 3125 1155 3194; x_wconf 83' lang='grc' dir='ltr'>μὲν</span> <span class='ocrx_word' id='word_1_236' title='bbox 1193 3121 1284 3178; x_wconf 88' lang='grc' dir='ltr'>οῦν</span> <span class='ocrx_word' id='word_1_237' title='bbox 1340 3127 1656 3195; x_wconf 85' lang='grc' dir='ltr'>Ἐπιφάνεια</span> <span class='ocrx_word' id='word_1_238' title='bbox 1705 3128 1738 3198; x_wconf 81' lang='grc' dir='ltr'>ή</span> 
     </span>
    </p>
   </div>
   <div class='ocr_carea' id='block_1_35' title="bbox 161 3213 1734 3285">
    <p class='ocr_par' dir='ltr' id='par_1_35' title="bbox 161 3213 1734 3285">
     <span class='ocr_line' id='line_1_35' title="bbox 161 3213 1734 3285; baseline 0.001 -15"><span class='ocrx_word' id='word_1_239' title='bbox 161 3213 416 3285; x_wconf 69' lang='grc' dir='ltr'>παροῦσα</span> <span class='ocrx_word' id='word_1_240' title='bbox 445 3213 660 3281; x_wconf 86' lang='grc' dir='ltr'>λέγεται</span> <span class='ocrx_word' id='word_1_241' title='bbox 707 3215 902 3284; x_wconf 79' lang='grc' dir='ltr'>ἑορτὴ,</span> <span class='ocrx_word' id='word_1_242' title='bbox 944 3214 1099 3285; x_wconf 83' lang='grc' dir='ltr'>δῆλόν</span> <span class='ocrx_word' id='word_1_243' title='bbox 1154 3216 1271 3268; x_wconf 82' lang='grc' dir='ltr'>ἐστι</span> <span class='ocrx_word' id='word_1_244' title='bbox 1322 3217 1492 3269; x_wconf 80' lang='grc' dir='ltr'>πᾶσι·</span> <span class='ocrx_word' id='word_1_245' title='bbox 1538 3216 1623 3281; x_wconf 92' lang='grc' dir='ltr'>τίς</span> <span class='ocrx_word' id='word_1_246' title='bbox 1673 3218 1734 3271; x_wconf 86' lang='grc' dir='ltr'>δέ</span> 
     </span>
    </p>
   </div>
   <div class='ocr_carea' id='block_1_36' title="bbox 157 3304 1738 3379">
    <p class='ocr_par' dir='ltr' id='par_1_36' title="bbox 157 3304 1738 3379">
     <span class='ocr_line' id='line_1_36' title="bbox 157 3304 1738 3379; baseline 0.002 -20"><span class='ocrx_word' id='word_1_247' title='bbox 157 3307 314 3359; x_wconf 73' lang='grc' dir='ltr'>ἐστιν</span> <span class='ocrx_word' id='word_1_248' title='bbox 344 3307 376 3376; x_wconf 79' lang='grc' dir='ltr'><strong>ἡ</strong></span> <span class='ocrx_word' id='word_1_249' title='bbox 408 3305 693 3373; x_wconf 85' lang='grc' dir='ltr'>ἐπιφάνεια</span> <span class='ocrx_word' id='word_1_250' title='bbox 735 3304 905 3376; x_wconf 75' lang='grc' dir='ltr'>αὕτη,</span> <span class='ocrx_word' id='word_1_251' title='bbox 946 3307 1039 3359; x_wconf 80' lang='grc' dir='ltr'>καὶ</span> <span class='ocrx_word' id='word_1_252' title='bbox 1075 3306 1299 3378; x_wconf 87' lang='grc' dir='ltr'>πότερον</span> <span class='ocrx_word' id='word_1_253' title='bbox 1335 3308 1434 3379; x_wconf 88' lang='grc' dir='ltr'>μία</span> <span class='ocrx_word' id='word_1_254' title='bbox 1463 3308 1547 3372; x_wconf 89' lang='grc' dir='ltr'>τίς</span> <span class='ocrx_word' id='word_1_255' title='bbox 1591 3310 1738 3362; x_wconf 88' lang='grc' dir='ltr'>ἐστιν</span> 
     </span>
    </p>
   </div>
   <div class='ocr_carea' id='block_1_37' title="bbox 156 3394 1738 3474">
    <p class='ocr_par' dir='ltr' id='par_1_37' title="bbox 156 3394 1738 3474">
     <span class='ocr_line' id='line_1_37' title="bbox 156 3394 1738 3474; baseline 0.004 -26"><span class='ocrx_word' id='word_1_256' title='bbox 156 3397 196 3466; x_wconf 76' lang='grc' dir='ltr'><strong>ἢ</strong></span> <span class='ocrx_word' id='word_1_257' title='bbox 232 3395 349 3459; x_wconf 85' lang='grc' dir='ltr'>δύο,</span> <span class='ocrx_word' id='word_1_258' title='bbox 378 3395 536 3448; x_wconf 89' lang='grc' dir='ltr'>τοῦτο</span> <span class='ocrx_word' id='word_1_259' title='bbox 562 3396 661 3449; x_wconf 86' lang='grc' dir='ltr'>οὐκ</span> <span class='ocrx_word' id='word_1_260' title='bbox 700 3394 778 3448; x_wconf 77' lang='grc' dir='ltr'>ἔτι</span> <span class='ocrx_word' id='word_1_261' title='bbox 808 3397 983 3450; x_wconf 75' lang='grc' dir='ltr'>ἴσασιν</span> <span class='ocrx_word' id='word_1_262' title='bbox 1003 3414 1017 3428; x_wconf 74' lang='grc' dir='ltr'><strong>ο</strong></span> <span class='ocrx_word' id='word_1_263' title='bbox 1048 3398 1187 3469; x_wconf 84' lang='grc' dir='ltr'>ὅπερ</span> <span class='ocrx_word' id='word_1_264' title='bbox 1211 3400 1445 3470; x_wconf 78' lang='grc' dir='ltr'>ἐσχάτης</span> <span class='ocrx_word' id='word_1_265' title='bbox 1474 3401 1738 3474; x_wconf 83' lang='grc' dir='ltr'>αἰσχύνης</span> 
     </span>
    </p>
   </div>
   <div class='ocr_carea' id='block_1_38' title="bbox 159 3480 1736 3553">
    <p class='ocr_par' dir='ltr' id='par_1_38' title="bbox 159 3480 1736 3553">
     <span class='ocr_line' id='line_1_38' title="bbox 159 3480 1736 3553; baseline 0.004 -15"><span class='ocrx_word' id='word_1_266' title='bbox 159 3485 233 3538; x_wconf 83' lang='grc' dir='ltr'>ἂν</span> <span class='ocrx_word' id='word_1_267' title='bbox 271 3483 356 3552; x_wconf 73' lang='grc' dir='ltr'>εἴη</span> <span class='ocrx_word' id='word_1_268' title='bbox 394 3483 490 3536; x_wconf 79' lang='grc' dir='ltr'>καὶ</span> <span class='ocrx_word' id='word_1_269' title='bbox 530 3480 726 3535; x_wconf 89' lang='grc' dir='ltr'>πολλοῦ</span> <span class='ocrx_word' id='word_1_270' title='bbox 777 3482 869 3536; x_wconf 91' lang='grc' dir='ltr'>τοῦ</span> <span class='ocrx_word' id='word_1_271' title='bbox 918 3485 1310 3553; x_wconf 83' lang='grc' dir='ltr'>καταγέλωτος,</span> <span class='ocrx_word' id='word_1_272' title='bbox 1362 3487 1482 3542; x_wconf 89' lang='grc' dir='ltr'>καθ’</span> <span class='ocrx_word' id='word_1_273' title='bbox 1508 3490 1736 3544; x_wconf 74' lang='grc' dir='ltr'>ἕκαστον</span> 
     </span>
    </p>
   </div>
   <div class='ocr_carea' id='block_1_39' title="bbox 157 3569 1735 3644">
    <p class='ocr_par' dir='ltr' id='par_1_39' title="bbox 157 3569 1735 3644">
     <span class='ocr_line' id='line_1_39' title="bbox 157 3569 1735 3644; baseline 0.006 -20"><span class='ocrx_word' id='word_1_274' title='bbox 157 3569 413 3625; x_wconf 74' lang='grc' dir='ltr'>ἐνιαυτὸν</span> <span class='ocrx_word' id='word_1_275' title='bbox 450 3569 550 3642; x_wconf 81' lang='grc' dir='ltr'>τὴν</span> <span class='ocrx_word' id='word_1_276' title='bbox 596 3571 786 3644; x_wconf 68' lang='grc' dir='ltr'>ἑορτὴν</span> <span class='ocrx_word' id='word_1_277' title='bbox 813 3571 1015 3643; x_wconf 90' lang='grc' dir='ltr'>ταύτην</span> <span class='ocrx_word' id='word_1_278' title='bbox 1045 3574 1307 3643; x_wconf 82' lang='grc' dir='ltr'>ἄγοντας,</span> <span class='ocrx_word' id='word_1_279' title='bbox 1348 3575 1448 3644; x_wconf 84' lang='grc' dir='ltr'>τὴν</span> <span class='ocrx_word' id='word_1_280' title='bbox 1480 3577 1735 3633; x_wconf 87' lang='grc' dir='ltr'>ὑπόθεσιν</span> 
     </span>
    </p>
   </div>
   <div class='ocr_carea' id='block_1_40' title="bbox 156 3636 1736 3746">
    <p class='ocr_par' dir='ltr' id='par_1_40' title="bbox 156 3636 1736 3746">
     <span class='ocr_line' id='line_1_40' title="bbox 156 3636 1736 3746; baseline 0.004 -31"><span class='ocrx_word' id='word_1_281' title='bbox 156 3663 336 3732; x_wconf 77' lang='grc' dir='ltr'>αὑτῆς</span> <span class='ocrx_word' id='word_1_282' title='bbox 388 3636 900 3746; x_wconf 62' lang='grc' dir='ltr'>ἀγνοεῖν.β]ρῶτον</span> <span class='ocrx_word' id='word_1_283' title='bbox 956 3662 1052 3732; x_wconf 84' lang='grc' dir='ltr'>μὲν</span> <span class='ocrx_word' id='word_1_284' title='bbox 1095 3659 1187 3717; x_wconf 85' lang='grc' dir='ltr'>οῦν</span> <span class='ocrx_word' id='word_1_285' title='bbox 1223 3667 1516 3735; x_wconf 87' lang='grc' dir='ltr'>ἀναγκαῖον</span> <span class='ocrx_word' id='word_1_286' title='bbox 1561 3671 1736 3722; x_wconf 83' lang='grc' dir='ltr'>εἰπεῖν</span> 
     </span>
    </p>
   </div>
   <div class='ocr_carea' id='block_1_41' title="bbox 160 3754 1736 3829">
    <p class='ocr_par' dir='ltr' id='par_1_41' title="bbox 160 3754 1736 3829">
     <span class='ocr_line' id='line_1_41' title="bbox 160 3754 1736 3829; baseline 0.001 -18"><span class='ocrx_word' id='word_1_287' title='bbox 160 3756 308 3828; x_wconf 71' lang='grc' dir='ltr'>πρὸς</span> <span class='ocrx_word' id='word_1_288' title='bbox 337 3757 435 3827; x_wconf 84' lang='grc' dir='ltr'>τὴν</span> <span class='ocrx_word' id='word_1_289' title='bbox 477 3754 745 3827; x_wconf 85' lang='grc' dir='ltr'>ὑμετέραν</span> <span class='ocrx_word' id='word_1_290' title='bbox 791 3755 1032 3827; x_wconf 88' lang='grc' dir='ltr'>ἀγάπην,</span> <span class='ocrx_word' id='word_1_291' title='bbox 1079 3756 1161 3810; x_wconf 84' lang='grc' dir='ltr'>δτι</span> <span class='ocrx_word' id='word_1_292' title='bbox 1210 3758 1270 3811; x_wconf 91' lang='grc' dir='ltr'>οὑ</span> <span class='ocrx_word' id='word_1_293' title='bbox 1313 3758 1410 3829; x_wconf 88' lang='grc' dir='ltr'>μία</span> <span class='ocrx_word' id='word_1_294' title='bbox 1456 3759 1539 3821; x_wconf 88' lang='grc' dir='ltr'>τίς</span> <span class='ocrx_word' id='word_1_295' title='bbox 1590 3761 1736 3813; x_wconf 86' lang='grc' dir='ltr'>ἐστιν</span> 
     </span>
    </p>
   </div>
   <div class='ocr_carea' id='block_1_42' title="bbox 160 3845 1736 3921">
    <p class='ocr_par' dir='ltr' id='par_1_42' title="bbox 160 3845 1736 3921">
     <span class='ocr_line' id='line_1_42' title="bbox 160 3845 1736 3921; baseline 0.001 -19"><span class='ocrx_word' id='word_1_296' title='bbox 160 3852 479 3919; x_wconf 80' lang='grc' dir='ltr'>ἐπιφάνεια,</span> <span class='ocrx_word' id='word_1_297' title='bbox 525 3848 659 3901; x_wconf 89' lang='grc' dir='ltr'>ἀλλά</span> <span class='ocrx_word' id='word_1_298' title='bbox 690 3845 811 3901; x_wconf 86' lang='grc' dir='ltr'>δύο·</span> <span class='ocrx_word' id='word_1_299' title='bbox 861 3846 959 3918; x_wconf 89' lang='grc' dir='ltr'>μία</span> <span class='ocrx_word' id='word_1_300' title='bbox 997 3849 1092 3918; x_wconf 82' lang='grc' dir='ltr'>μὲν</span> <span class='ocrx_word' id='word_1_301' title='bbox 1120 3850 1153 3918; x_wconf 78' lang='grc' dir='ltr'>ἡ</span> <span class='ocrx_word' id='word_1_302' title='bbox 1192 3849 1438 3920; x_wconf 87' lang='grc' dir='ltr'>παροῦσα</span> <span class='ocrx_word' id='word_1_303' title='bbox 1470 3849 1606 3921; x_wconf 83' lang='grc' dir='ltr'>αῦτη</span> <span class='ocrx_word' id='word_1_304' title='bbox 1642 3852 1736 3904; x_wconf 79' lang='grc' dir='ltr'>καὶ</span> 
     </span>
    </p>
   </div>
   <div class='ocr_carea' id='block_1_43' title="bbox 157 3938 1737 4012">
    <p class='ocr_par' dir='ltr' id='par_1_43' title="bbox 157 3938 1737 4012">
     <span class='ocr_line' id='line_1_43' title="bbox 157 3938 1737 4012; baseline 0 -18"><span class='ocrx_word' id='word_1_305' title='bbox 157 3941 452 4011; x_wconf 81' lang='grc' dir='ltr'>γενομένη,</span> <span class='ocrx_word' id='word_1_306' title='bbox 490 3938 714 4009; x_wconf 89' lang='grc' dir='ltr'>δευτέρα</span> <span class='ocrx_word' id='word_1_307' title='bbox 745 3939 802 3991; x_wconf 83' lang='grc' dir='ltr'>δέ</span> <span class='ocrx_word' id='word_1_308' title='bbox 828 3941 861 4009; x_wconf 87' lang='grc' dir='ltr'>ή</span> <span class='ocrx_word' id='word_1_309' title='bbox 901 3938 1166 4009; x_wconf 84' lang='grc' dir='ltr'>μέλλουσα</span> <span class='ocrx_word' id='word_1_310' title='bbox 1193 3940 1286 3993; x_wconf 75' lang='grc' dir='ltr'>καὶ</span> <span class='ocrx_word' id='word_1_311' title='bbox 1315 3941 1457 3994; x_wconf 86' lang='grc' dir='ltr'>κατὰ</span> <span class='ocrx_word' id='word_1_312' title='bbox 1485 3940 1583 4012; x_wconf 84' lang='grc' dir='ltr'>τὴν</span> <span class='ocrx_word' id='word_1_313' title='bbox 1615 3959 1737 3994; x_wconf 85' lang='grc' dir='ltr'>συν-</span> 
     </span>
    </p>
   </div>
   <div class='ocr_carea' id='block_1_44' title="bbox 160 4029 1735 4103">
    <p class='ocr_par' dir='ltr' id='par_1_44' title="bbox 160 4029 1735 4103">
     <span class='ocr_line' id='line_1_44' title="bbox 160 4029 1735 4103; baseline 0 -17"><span class='ocrx_word' id='word_1_314' title='bbox 160 4032 379 4086; x_wconf 84' lang='grc' dir='ltr'>τέλειαν</span> <span class='ocrx_word' id='word_1_315' title='bbox 432 4030 653 4097; x_wconf 75' lang='grc' dir='ltr'>ἐνδόξως</span> <span class='ocrx_word' id='word_1_316' title='bbox 710 4029 1071 4099; x_wconf 87' lang='grc' dir='ltr'>γενησομένη.</span> <span class='ocrx_word' id='word_1_317' title='bbox 1117 4032 1227 4083; x_wconf 76' lang='grc' dir='ltr'>Καὶ</span> <span class='ocrx_word' id='word_1_318' title='bbox 1283 4030 1410 4102; x_wconf 77' lang='grc' dir='ltr'>περὶ</span> <span class='ocrx_word' id='word_1_319' title='bbox 1470 4033 1735 4103; x_wconf 79' lang='grc' dir='ltr'>ἑκατέρας</span> 
     </span>
    </p>
   </div>
   <div class='ocr_carea' id='block_1_45' title="bbox 161 4119 1732 4193">
    <p class='ocr_par' dir='ltr' id='par_1_45' title="bbox 161 4119 1732 4193">
     <span class='ocr_line' id='line_1_45' title="bbox 161 4119 1732 4193; baseline 0 -17"><span class='ocrx_word' id='word_1_320' title='bbox 161 4122 346 4177; x_wconf 74' lang='grc' dir='ltr'>αὐτῶν</span> <span class='ocrx_word' id='word_1_321' title='bbox 372 4119 635 4190; x_wconf 76' lang='grc' dir='ltr'>ἠκούσατε</span> <span class='ocrx_word' id='word_1_322' title='bbox 665 4121 902 4190; x_wconf 90' lang='grc' dir='ltr'>σήμερον</span> <span class='ocrx_word' id='word_1_323' title='bbox 935 4119 1148 4174; x_wconf 85' lang='grc' dir='ltr'>Παύλου</span> <span class='ocrx_word' id='word_1_324' title='bbox 1178 4121 1321 4192; x_wconf 86' lang='grc' dir='ltr'>Τίτῳ</span> <span class='ocrx_word' id='word_1_325' title='bbox 1353 4122 1732 4193; x_wconf 84' lang='grc' dir='ltr'>διαλεγομένου</span> 
     </span>
    </p>
   </div>
   <div class='ocr_carea' id='block_1_46' title="bbox 162 4207 1732 4283">
    <p class='ocr_par' dir='ltr' id='par_1_46' title="bbox 162 4207 1732 4283">
     <span class='ocr_line' id='line_1_46' title="bbox 162 4207 1732 4283; baseline -0.018 -16"><span class='ocrx_word' id='word_1_326' title='bbox 162 4211 264 4266; x_wconf 71' lang='grc' dir='ltr'>καὶ</span> <span class='ocrx_word' id='word_1_327' title='bbox 300 4209 546 4277; x_wconf 82' lang='grc' dir='ltr'>λέγοντος</span> <span class='ocrx_word' id='word_1_328' title='bbox 585 4207 756 4261; x_wconf 81' lang='grc' dir='ltr'>οὑτω·</span> <span class='ocrx_word' id='word_1_329' title='bbox 796 4208 925 4280; x_wconf 75' lang='grc' dir='ltr'>περὶ</span> <span class='ocrx_word' id='word_1_330' title='bbox 970 4209 1068 4279; x_wconf 82' lang='grc' dir='ltr'>μὲν</span> <span class='ocrx_word' id='word_1_331' title='bbox 1108 4209 1209 4279; x_wconf 85' lang='grc' dir='ltr'>τῆς</span> <span class='ocrx_word' id='word_1_332' title='bbox 1247 4212 1555 4283; x_wconf 71' lang='grc' dir='ltr'>παρούσης.</span> <span class='ocrx_word' id='word_1_333' title='bbox 1600 4214 1732 4269; x_wconf 44' lang='lat' dir='ltr'>Em</span> 
     </span>
    </p>
   </div>
   <div class='ocr_carea' id='block_1_47' title="bbox 162 4300 1733 4373">
    <p class='ocr_par' dir='ltr' id='par_1_47' title="bbox 162 4300 1733 4373">
     <span class='ocr_line' id='line_1_47' title="bbox 162 4300 1733 4373; baseline -0.002 -13"><span class='ocrx_word' id='word_1_334' title='bbox 162 4305 359 4373; x_wconf 66' lang='grc' dir='ltr'>εφιὶνη</span> <span class='ocrx_word' id='word_1_335' title='bbox 396 4302 434 4368; x_wconf 74' lang='grc' dir='ltr'>ἡ</span> <span class='ocrx_word' id='word_1_336' title='bbox 465 4300 568 4354; x_wconf 86' lang='grc' dir='ltr'>τοῦ</span> <span class='ocrx_word' id='word_1_337' title='bbox 618 4300 764 4354; x_wconf 86' lang='grc' dir='ltr'>Θεοῦ</span> <span class='ocrx_word' id='word_1_338' title='bbox 807 4302 979 4370; x_wconf 82' lang='grc' dir='ltr'>χάρις</span> <span class='ocrx_word' id='word_1_339' title='bbox 1014 4301 1052 4368; x_wconf 74' lang='grc' dir='ltr'>η</span> <span class='ocrx_word' id='word_1_340' title='bbox 1080 4300 1373 4370; x_wconf 80' lang='grc' dir='ltr'>σωτήριος</span> <span class='ocrx_word' id='word_1_341' title='bbox 1411 4303 1601 4358; x_wconf 82' lang='grc' dir='ltr'>πᾶσιν</span> <span class='ocrx_word' id='word_1_342' title='bbox 1627 4306 1733 4360; x_wconf 81' lang='grc' dir='ltr'>ἀν-</span> 
     </span>
    </p>
   </div>
   <div class='ocr_carea' id='block_1_48' title="bbox 164 4391 1735 4466">
    <p class='ocr_par' dir='ltr' id='par_1_48' title="bbox 164 4391 1735 4466">
     <span class='ocr_line' id='line_1_48' title="bbox 164 4391 1735 4466; baseline 0.003 -18"><span class='ocrx_word' id='word_1_343' title='bbox 164 4394 439 4464; x_wconf 79' lang='grc' dir='ltr'>θρώποις,</span> <span class='ocrx_word' id='word_1_344' title='bbox 467 4391 835 4446; x_wconf 82' lang='grc' dir='ltr'>παιδεύουσα</span> <span class='ocrx_word' id='word_1_345' title='bbox 858 4391 1035 4462; x_wconf 77' lang='grc' dir='ltr'>ημᾶς,</span> <span class='ocrx_word' id='word_1_346' title='bbox 1059 4393 1159 4446; x_wconf 70' lang='grc' dir='ltr'>ἵνα</span> <span class='ocrx_word' id='word_1_347' title='bbox 1186 4394 1591 4465; x_wconf 74' lang='grc' dir='ltr'>ἀρνησάμενοι</span> <span class='ocrx_word' id='word_1_348' title='bbox 1619 4398 1735 4466; x_wconf 77' lang='grc' dir='ltr'>τὴν</span> 
     </span>
    </p>
   </div>
   <div class='ocr_carea' id='block_1_49' title="bbox 162 4483 1733 4559">
    <p class='ocr_par' dir='ltr' id='par_1_49' title="bbox 162 4483 1733 4559">
     <span class='ocr_line' id='line_1_49' title="bbox 162 4483 1733 4559; baseline 0.001 -16"><span class='ocrx_word' id='word_1_349' title='bbox 162 4487 449 4544; x_wconf 72' lang='grc' dir='ltr'>ἀσέϐειαν</span> <span class='ocrx_word' id='word_1_350' title='bbox 475 4483 573 4538; x_wconf 77' lang='grc' dir='ltr'>καὶ</span> <span class='ocrx_word' id='word_1_351' title='bbox 604 4484 712 4551; x_wconf 86' lang='grc' dir='ltr'>τὰς</span> <span class='ocrx_word' id='word_1_352' title='bbox 739 4483 1030 4554; x_wconf 81' lang='grc' dir='ltr'>κοσμικὰς</span> <span class='ocrx_word' id='word_1_353' title='bbox 1053 4484 1384 4554; x_wconf 79' lang='grc' dir='ltr'>ἐπιθυμίας,</span> <span class='ocrx_word' id='word_1_354' title='bbox 1412 4491 1733 4559; x_wconf 70' lang='grc' dir='ltr'>σωφρόνως</span> 
     </span>
    </p>
   </div>
   <div class='ocr_carea' id='block_1_50' title="bbox 163 4574 1734 4646">
    <p class='ocr_par' dir='ltr' id='par_1_50' title="bbox 163 4574 1734 4646">
     <span class='ocr_line' id='line_1_50' title="bbox 163 4574 1734 4646; baseline -0.007 -9"><span class='ocrx_word' id='word_1_355' title='bbox 163 4581 270 4637; x_wconf 78' lang='grc' dir='ltr'>καί</span> <span class='ocrx_word' id='word_1_356' title='bbox 318 4578 557 4640; x_wconf 82' lang='grc' dir='ltr'>δικαίως</span> <span class='ocrx_word' id='word_1_357' title='bbox 595 4576 693 4628; x_wconf 82' lang='grc' dir='ltr'>καὶ</span> <span class='ocrx_word' id='word_1_358' title='bbox 741 4575 1003 4641; x_wconf 75' lang='grc' dir='ltr'>εὐσεϐῶς</span> <span class='ocrx_word' id='word_1_359' title='bbox 1051 4574 1321 4646; x_wconf 65' lang='grc' dir='ltr'>ζὸξσωμεν</span> <span class='ocrx_word' id='word_1_360' title='bbox 1373 4578 1444 4631; x_wconf 73' lang='grc' dir='ltr'>ἐν</span> <span class='ocrx_word' id='word_1_361' title='bbox 1495 4577 1577 4646; x_wconf 84' lang='grc' dir='ltr'>τῷ</span> <span class='ocrx_word' id='word_1_362' title='bbox 1603 4580 1734 4635; x_wconf 72' lang='grc' dir='ltr'>,νῦν</span> 
     </span>
    </p>
   </div>
   <div class='ocr_carea' id='block_1_51' title="bbox 161 4663 1734 4737">
    <p class='ocr_par' dir='ltr' id='par_1_51' title="bbox 161 4663 1734 4737">
     <span class='ocr_line' id='line_1_51' title="bbox 161 4663 1734 4737; baseline 0 -12"><span class='ocrx_word' id='word_1_363' title='bbox 161 4669 362 4725; x_wconf 69' lang='grc' dir='ltr'>αἰῶνι*</span> <span class='ocrx_word' id='word_1_364' title='bbox 396 4665 524 4737; x_wconf 75' lang='grc' dir='ltr'>περὶ</span> <span class='ocrx_word' id='word_1_365' title='bbox 545 4664 602 4718; x_wconf 85' lang='grc' dir='ltr'>δὲ</span> <span class='ocrx_word' id='word_1_366' title='bbox 626 4665 724 4734; x_wconf 82' lang='grc' dir='ltr'>τῆς</span> <span class='ocrx_word' id='word_1_367' title='bbox 756 4663 1053 4735; x_wconf 86' lang='grc' dir='ltr'>μελλούσης</span> <span class='ocrx_word' id='word_1_368' title='bbox 1076 4682 1089 4695; x_wconf 69' lang='grc' dir='ltr'>ο</span> <span class='ocrx_word' id='word_1_369' title='bbox 1121 4667 1596 4736; x_wconf 81' lang='grc' dir='ltr'>Προσδεχόμενοι</span> <span class='ocrx_word' id='word_1_370' title='bbox 1619 4671 1734 4736; x_wconf 76' lang='grc' dir='ltr'>τὴν</span> 
     </span>
    </p>
   </div>
   <div class='ocr_carea' id='block_1_52' title="bbox 157 4754 1730 4831">
    <p class='ocr_par' dir='ltr' id='par_1_52' title="bbox 157 4754 1730 4831">
     <span class='ocr_line' id='line_1_52' title="bbox 157 4754 1730 4831; baseline 0.003 -21"><span class='ocrx_word' id='word_1_371' title='bbox 157 4757 462 4831; x_wconf 78' lang='grc' dir='ltr'>μακαρίαν</span> <span class='ocrx_word' id='word_1_372' title='bbox 493 4754 710 4808; x_wconf 74' lang='grc' dir='ltr'>ἐλπίδα</span> <span class='ocrx_word' id='word_1_373' title='bbox 750 4755 849 4808; x_wconf 78' lang='grc' dir='ltr'>καὶ</span> <span class='ocrx_word' id='word_1_374' title='bbox 884 4754 1237 4823; x_wconf 67' lang='grc' dir='ltr'>ἐπιφάνειαν</span> <span class='ocrx_word' id='word_1_375' title='bbox 1268 4757 1378 4825; x_wconf 82' lang='grc' dir='ltr'>τῆς</span> <span class='ocrx_word' id='word_1_376' title='bbox 1412 4758 1598 4825; x_wconf 75' lang='grc' dir='ltr'>δόξης</span> <span class='ocrx_word' id='word_1_377' title='bbox 1623 4761 1730 4814; x_wconf 89' lang='grc' dir='ltr'>τοῦ</span> 
     </span>
    </p>
   </div>
   <div class='ocr_carea' id='block_1_53' title="bbox 158 4842 1731 4919">
    <p class='ocr_par' dir='ltr' id='par_1_53' title="bbox 158 4842 1731 4919">
     <span class='ocr_line' id='line_1_53' title="bbox 158 4842 1731 4919; baseline 0.001 -17"><span class='ocrx_word' id='word_1_378' title='bbox 158 4848 428 4918; x_wconf 65' lang='grc' dir='ltr'>μεγάλου</span> <span class='ocrx_word' id='word_1_379' title='bbox 476 4843 622 4898; x_wconf 89' lang='grc' dir='ltr'>Θεοῦ</span> <span class='ocrx_word' id='word_1_380' title='bbox 672 4844 771 4897; x_wconf 82' lang='grc' dir='ltr'>καί</span> <span class='ocrx_word' id='word_1_381' title='bbox 815 4842 1091 4911; x_wconf 86' lang='grc' dir='ltr'>Σωτῆρος</span> <span class='ocrx_word' id='word_1_382' title='bbox 1148 4845 1318 4915; x_wconf 77' lang='grc' dir='ltr'>ἡμῶν</span> <span class='ocrx_word' id='word_1_383' title='bbox 1365 4848 1557 4914; x_wconf 83' lang='grc' dir='ltr'>Ἰησοῦ</span> <span class='ocrx_word' id='word_1_384' title='bbox 1600 4852 1731 4919; x_wconf 85' lang='grc' dir='ltr'>Χρι-</span> 
     </span>
    </p>
   </div>
   <div class='ocr_carea' id='block_1_54' title="bbox 160 4935 1730 5011">
    <p class='ocr_par' dir='ltr' id='par_1_54' title="bbox 160 4935 1730 5011">
     <span class='ocr_line' id='line_1_54' title="bbox 160 4935 1730 5011; baseline -0.001 -16"><span class='ocrx_word' id='word_1_385' title='bbox 160 4939 337 4995; x_wconf 85' lang='grc' dir='ltr'>στοῦ.</span> <span class='ocrx_word' id='word_1_386' title='bbox 364 4937 470 4990; x_wconf 78' lang='grc' dir='ltr'>Καὶ</span> <span class='ocrx_word' id='word_1_387' title='bbox 499 4937 528 4988; x_wconf 85' lang='grc' dir='ltr'>ὁ</span> <span class='ocrx_word' id='word_1_388' title='bbox 560 4935 842 5005; x_wconf 77' lang='grc' dir='ltr'>προφήτης</span> <span class='ocrx_word' id='word_1_389' title='bbox 865 4935 923 4988; x_wconf 80' lang='grc' dir='ltr'>δὲ</span> <span class='ocrx_word' id='word_1_390' title='bbox 952 4937 1079 5007; x_wconf 75' lang='grc' dir='ltr'>περὶ</span> <span class='ocrx_word' id='word_1_391' title='bbox 1109 4937 1277 5007; x_wconf 83' lang='grc' dir='ltr'>αὑτῆς</span> <span class='ocrx_word' id='word_1_392' title='bbox 1310 4938 1523 5009; x_wconf 76' lang='grc' dir='ltr'>ἐκείνης</span> <span class='ocrx_word' id='word_1_393' title='bbox 1550 4939 1730 5011; x_wconf 73' lang='grc' dir='ltr'>ἔλεγεν</span> 
     </span>
    </p>
   </div>
   <div class='ocr_carea' id='block_1_55' title="bbox 161 5027 1727 5101">
    <p class='ocr_par' dir='ltr' id='par_1_55' title="bbox 161 5027 1727 5101">
     <span class='ocr_line' id='line_1_55' title="bbox 161 5027 1727 5101; baseline 0.002 -17"><span class='ocrx_word' id='word_1_394' title='bbox 161 5032 367 5094; x_wconf 79' lang='grc' dir='ltr'>οὑτως·</span> <span class='ocrx_word' id='word_1_395' title='bbox 412 5031 466 5081; x_wconf 91' lang='grc' dir='ltr'><em>Ὀ</em></span> <span class='ocrx_word' id='word_1_396' title='bbox 514 5027 684 5095; x_wconf 79' lang='grc' dir='ltr'>ἥλιος</span> <span class='ocrx_word' id='word_1_397' title='bbox 725 5027 1283 5097; x_wconf 68' lang='grc' dir='ltr'>μεταστραφήσεται</span> <span class='ocrx_word' id='word_1_398' title='bbox 1335 5032 1423 5095; x_wconf 83' lang='grc' dir='ltr'>εἰς</span> <span class='ocrx_word' id='word_1_399' title='bbox 1477 5033 1727 5101; x_wconf 81' lang='grc' dir='ltr'>σκότος,</span> 
     </span>
    </p>
   </div>
   <div class='ocr_carea' id='block_1_56' title="bbox 164 5114 1732 5191">
    <p class='ocr_par' dir='ltr' id='par_1_56' title="bbox 164 5114 1732 5191">
     <span class='ocr_line' id='line_1_56' title="bbox 164 5114 1732 5191; baseline -0.012 -11"><span class='ocrx_word' id='word_1_400' title='bbox 164 5127 265 5180; x_wconf 78' lang='grc' dir='ltr'>καὶ</span> <span class='ocrx_word' id='word_1_401' title='bbox 307 5126 345 5191; x_wconf 78' lang='grc' dir='ltr'><strong><em>ἠ</em></strong></span> <span class='ocrx_word' id='word_1_402' title='bbox 373 5120 603 5188; x_wconf 66' lang='grc' dir='ltr'>σελήνη</span> <span class='ocrx_word' id='word_1_403' title='bbox 634 5123 721 5186; x_wconf 82' lang='grc' dir='ltr'>εὶς</span> <span class='ocrx_word' id='word_1_404' title='bbox 758 5114 918 5188; x_wconf 81' lang='grc' dir='ltr'>αἷμα,</span> <span class='ocrx_word' id='word_1_405' title='bbox 960 5122 1101 5188; x_wconf 79' lang='grc' dir='ltr'>πρὶν</span> <span class='ocrx_word' id='word_1_406' title='bbox 1133 5120 1333 5175; x_wconf 73' lang='grc' dir='ltr'>ἐλθεῖν</span> <span class='ocrx_word' id='word_1_407' title='bbox 1365 5122 1480 5190; x_wconf 72' lang='grc' dir='ltr'>τὴν</span> <span class='ocrx_word' id='word_1_408' title='bbox 1504 5125 1732 5191; x_wconf 67' lang='grc' dir='ltr'>ἡμέραν</span> 
     </span>
    </p>
   </div>
   <div class='ocr_carea' id='block_1_57' title="bbox 163 5210 1730 5284">
    <p class='ocr_par' dir='ltr' id='par_1_57' title="bbox 163 5210 1730 5284">
     <span class='ocr_line' id='line_1_57' title="bbox 163 5210 1730 5284; baseline 0.001 -19"><span class='ocrx_word' id='word_1_409' title='bbox 163 5217 386 5284; x_wconf 74' lang='grc' dir='ltr'>Κυρίου</span> <span class='ocrx_word' id='word_1_410' title='bbox 445 5214 553 5281; x_wconf 73' lang='grc' dir='ltr'>τὴν</span> <span class='ocrx_word' id='word_1_411' title='bbox 596 5210 868 5282; x_wconf 75' lang='grc' dir='ltr'>μεγάλην</span> <span class='ocrx_word' id='word_1_412' title='bbox 916 5211 1011 5264; x_wconf 78' lang='grc' dir='ltr'>καὶ</span> <span class='ocrx_word' id='word_1_413' title='bbox 1061 5211 1343 5281; x_wconf 60' lang='grc' dir='ltr'>ἐπιφανῆ.</span> <span class='ocrx_word' id='word_1_414' title='bbox 1384 5214 1542 5267; x_wconf 77' lang='grc' dir='ltr'>Ἀλλά</span> <span class='ocrx_word' id='word_1_415' title='bbox 1588 5215 1730 5280; x_wconf 87' lang='grc' dir='ltr'>τίνος</span> 
     </span>
    </p>
   </div>
   <div class='ocr_carea' id='block_1_58' title="bbox 162 5303 1729 5377">
    <p class='ocr_par' dir='ltr' id='par_1_58' title="bbox 162 5303 1729 5377">
     <span class='ocr_line' id='line_1_58' title="bbox 162 5303 1729 5377; baseline -0.001 -15"><span class='ocrx_word' id='word_1_416' title='bbox 162 5310 347 5362; x_wconf 75' lang='grc' dir='ltr'>ἕνεκεν</span> <span class='ocrx_word' id='word_1_417' title='bbox 385 5306 503 5374; x_wconf 75' lang='grc' dir='ltr'>οὐχὶ</span> <span class='ocrx_word' id='word_1_418' title='bbox 550 5307 583 5376; x_wconf 80' lang='grc' dir='ltr'>ἡ</span> <span class='ocrx_word' id='word_1_419' title='bbox 618 5306 796 5377; x_wconf 83' lang='grc' dir='ltr'>ήμέρα</span> <span class='ocrx_word' id='word_1_420' title='bbox 846 5303 967 5358; x_wconf 84' lang='grc' dir='ltr'>καθ’</span> <span class='ocrx_word' id='word_1_421' title='bbox 994 5305 1060 5375; x_wconf 78' lang='grc' dir='ltr'>ἣν</span> <span class='ocrx_word' id='word_1_422' title='bbox 1099 5305 1313 5376; x_wconf 79' lang='grc' dir='ltr'>ἐτέχθη,</span> <span class='ocrx_word' id='word_1_423' title='bbox 1342 5305 1454 5359; x_wconf 83' lang='grc' dir='ltr'>ἀλλ’</span> <span class='ocrx_word' id='word_1_424' title='bbox 1483 5309 1515 5377; x_wconf 75' lang='grc' dir='ltr'>ἡ</span> <span class='ocrx_word' id='word_1_425' title='bbox 1550 5308 1729 5377; x_wconf 76' lang='grc' dir='ltr'>ἡμέρα</span> 
     </span>
    </p>
   </div>
   <div class='ocr_carea' id='block_1_59' title="bbox 160 5393 1730 5469">
    <p class='ocr_par' dir='ltr' id='par_1_59' title="bbox 160 5393 1730 5469">
     <span class='ocr_line' id='line_1_59' title="bbox 160 5393 1730 5469; baseline 0 -17"><span class='ocrx_word' id='word_1_426' title='bbox 160 5397 280 5452; x_wconf 78' lang='grc' dir='ltr'>καθ’</span> <span class='ocrx_word' id='word_1_427' title='bbox 319 5399 386 5466; x_wconf 80' lang='grc' dir='ltr'>ἢν</span> <span class='ocrx_word' id='word_1_428' title='bbox 436 5395 756 5465; x_wconf 84' lang='grc' dir='ltr'>ἐϐαπτίσθη,</span> <span class='ocrx_word' id='word_1_429' title='bbox 805 5394 1093 5464; x_wconf 82' lang='grc' dir='ltr'>ἐπιφάνεια</span> <span class='ocrx_word' id='word_1_430' title='bbox 1134 5393 1381 5463; x_wconf 83' lang='grc' dir='ltr'>λέγεται;</span> <span class='ocrx_word' id='word_1_431' title='bbox 1417 5397 1566 5467; x_wconf 85' lang='grc' dir='ltr'>Λὺτη</span> <span class='ocrx_word' id='word_1_432' title='bbox 1623 5399 1730 5469; x_wconf 87' lang='grc' dir='ltr'>γάρ</span> 
     </span>
    </p>
   </div>
   <div class='ocr_carea' id='block_1_60' title="bbox 159 5485 1728 5561">
    <p class='ocr_par' dir='ltr' id='par_1_60' title="bbox 159 5485 1728 5561">
     <span class='ocr_line' id='line_1_60' title="bbox 159 5485 1728 5561; baseline -0.001 -16"><span class='ocrx_word' id='word_1_433' title='bbox 159 5490 308 5545; x_wconf 77' lang='grc' dir='ltr'>ἐστιν</span> <span class='ocrx_word' id='word_1_434' title='bbox 355 5490 390 5561; x_wconf 83' lang='grc' dir='ltr'><strong>ἡ</strong></span> <span class='ocrx_word' id='word_1_435' title='bbox 444 5488 626 5560; x_wconf 79' lang='grc' dir='ltr'>ἡμέρα</span> <span class='ocrx_word' id='word_1_436' title='bbox 680 5487 800 5542; x_wconf 82' lang='grc' dir='ltr'>καθ’</span> <span class='ocrx_word' id='word_1_437' title='bbox 839 5487 908 5558; x_wconf 79' lang='grc' dir='ltr'>ἣν</span> <span class='ocrx_word' id='word_1_438' title='bbox 941 5485 1289 5555; x_wconf 84' lang='grc' dir='ltr'>ἐϐαπτίσατο,</span> <span class='ocrx_word' id='word_1_439' title='bbox 1336 5489 1430 5541; x_wconf 78' lang='grc' dir='ltr'>καὶ</span> <span class='ocrx_word' id='word_1_440' title='bbox 1464 5490 1561 5561; x_wconf 75' lang='grc' dir='ltr'>τὴν</span> <span class='ocrx_word' id='word_1_441' title='bbox 1621 5491 1728 5544; x_wconf 85' lang='grc' dir='ltr'>τῶν</span> 
     </span>
    </p>
   </div>
   <div class='ocr_carea' id='block_1_61' title="bbox 222 5650 1723 5717">
    <p class='ocr_par' dir='ltr' id='par_1_61' title="bbox 222 5650 1723 5717">
     <span class='ocr_line' id='line_1_61' title="bbox 222 5650 1723 5717; baseline 0 -15"><span class='ocrx_word' id='word_1_442' title='bbox 222 5656 246 5685; x_wconf 80' lang='grc'>⁸</span> <span class='ocrx_word' id='word_1_443' title='bbox 290 5653 396 5703; x_wconf 87' lang='lat' dir='ltr'>Duo</span> <span class='ocrx_word' id='word_1_444' title='bbox 439 5666 553 5717; x_wconf 76' lang='lat' dir='ltr'>mss.</span> <span class='ocrx_word' id='word_1_445' title='bbox 596 5653 913 5717; x_wconf 78' lang='grc' dir='ltr'>ὑδρευόμενοι.</span> <span class='ocrx_word' id='word_1_446' title='bbox 952 5650 1125 5701; x_wconf 77' lang='lat' dir='ltr'>Morel.</span> <span class='ocrx_word' id='word_1_447' title='bbox 1176 5652 1529 5715; x_wconf 80' lang='grc' dir='ltr'>ὑδρευσάμενοι.</span> <span class='ocrx_word' id='word_1_448' title='bbox 1574 5655 1723 5706; x_wconf 77' lang='lat' dir='ltr'>Savil.</span> 
     </span>
    </p>
   </div>
   <div class='ocr_carea' id='block_1_62' title="bbox 158 5714 543 5781">
    <p class='ocr_par' dir='ltr' id='par_1_62' title="bbox 158 5714 543 5781">
     <span class='ocr_line' id='line_1_62' title="bbox 158 5714 543 5781; baseline 0.01 -19"><span class='ocrx_word' id='word_1_449' title='bbox 158 5714 425 5781; x_wconf 73' lang='grc' dir='ltr'>ὑδρεύονται</span> <span class='ocrx_word' id='word_1_450' title='bbox 447 5716 543 5766; x_wconf 83' lang='grc' dir='ltr'>καί.</span> 
     </span>
    </p>
   </div>
   <div class='ocr_carea' id='block_1_63' title="bbox 1306 297 2107 389">
    <p class='ocr_par' dir='ltr' id='par_1_63' title="bbox 1306 297 2107 389">
     <span class='ocr_line' id='line_1_63' title="bbox 1306 297 2107 389; baseline -0.001 -34"><span class='ocrx_word' id='word_1_451' title='bbox 1306 302 1396 357; x_wconf 82' lang='lat' dir='ltr'><strong>DE</strong></span> <span class='ocrx_word' id='word_1_452' title='bbox 1432 298 1774 356; x_wconf 77' lang='lat' dir='ltr'>BAPTISMO</span> <span class='ocrx_word' id='word_1_453' title='bbox 1806 297 2107 389; x_wconf 65' lang='grc' dir='ltr'>ςιιιιιδτι.</span> 
     </span>
    </p>
   </div>
   <div class='ocr_carea' id='block_1_64' title="bbox 3308 306 3421 363">
    <p class='ocr_par' dir='ltr' id='par_1_64' title="bbox 3308 306 3421 363">
     <span class='ocr_line' id='line_1_64' title="bbox 3308 306 3421 363; baseline 0.018 -2"><span class='ocrx_word' id='word_1_454' title='bbox 3308 306 3421 363; x_wconf 76' lang='grc'>566</span> 
     </span>
    </p>
   </div>
   <div class='ocr_carea' id='block_1_65' title="bbox 1849 413 3422 489">
    <p class='ocr_par' dir='ltr' id='par_1_65' title="bbox 1849 413 3422 489">
     <span class='ocr_line' id='line_1_65' title="bbox 1849 413 3422 489; baseline 0.006 -24"><span class='ocrx_word' id='word_1_455' title='bbox 1849 414 2055 467; x_wconf 82' lang='grc' dir='ltr'>ὑδάτων</span> <span class='ocrx_word' id='word_1_456' title='bbox 2089 413 2281 483; x_wconf 82' lang='grc' dir='ltr'>ήγίασε</span> <span class='ocrx_word' id='word_1_457' title='bbox 2329 414 2507 484; x_wconf 87' lang='grc' dir='ltr'>φύσιν.</span> <span class='ocrx_word' id='word_1_458' title='bbox 2532 416 2631 471; x_wconf 86' lang='grc' dir='ltr'>Διά</span> <span class='ocrx_word' id='word_1_459' title='bbox 2656 432 2739 469; x_wconf 90' lang='grc' dir='ltr'>τοι</span> <span class='ocrx_word' id='word_1_460' title='bbox 2770 414 2930 470; x_wconf 86' lang='grc' dir='ltr'>τοῦτο</span> <span class='ocrx_word' id='word_1_461' title='bbox 2966 417 3061 472; x_wconf 74' lang='grc' dir='ltr'>καὶ</span> <span class='ocrx_word' id='word_1_462' title='bbox 3103 417 3160 471; x_wconf 72' lang='grc' dir='ltr'>ἐν</span> <span class='ocrx_word' id='word_1_463' title='bbox 3191 435 3422 489; x_wconf 83' lang='grc' dir='ltr'>μεσονυ-</span> 
     </span>
    </p>
   </div>
   <div class='ocr_carea' id='block_1_66' title="bbox 1846 505 3419 582">
    <p class='ocr_par' dir='ltr' id='par_1_66' title="bbox 1846 505 3419 582">
     <span class='ocr_line' id='line_1_66' title="bbox 1846 505 3419 582; baseline 0.004 -24"><span class='ocrx_word' id='word_1_464' title='bbox 1846 505 1981 575; x_wconf 79' lang='grc' dir='ltr'>κτίῳ</span> <span class='ocrx_word' id='word_1_465' title='bbox 2012 505 2153 560; x_wconf 86' lang='grc' dir='ltr'>κατά</span> <span class='ocrx_word' id='word_1_466' title='bbox 2193 506 2292 579; x_wconf 79' lang='grc' dir='ltr'>τήν</span> <span class='ocrx_word' id='word_1_467' title='bbox 2316 507 2509 578; x_wconf 69' lang='grc' dir='ltr'>Δἑορτὴν</span> <span class='ocrx_word' id='word_1_468' title='bbox 2558 508 2764 579; x_wconf 78' lang='grc' dir='ltr'>ταύτην</span> <span class='ocrx_word' id='word_1_469' title='bbox 2797 509 3037 572; x_wconf 75' lang='grc' dir='ltr'>ἅπαντες</span> <span class='ocrx_word' id='word_1_470' title='bbox 3082 509 3419 582; x_wconf 78' lang='grc' dir='ltr'>ὑδρευσάμεο</span> 
     </span>
    </p>
   </div>
   <div class='ocr_carea' id='block_1_67' title="bbox 1846 596 3429 669">
    <p class='ocr_par' dir='ltr' id='par_1_67' title="bbox 1846 596 3429 669">
     <span class='ocr_line' id='line_1_67' title="bbox 1846 596 3429 669; baseline 0.003 -18"><span class='ocrx_word' id='word_1_471' title='bbox 1846 614 1925 651; x_wconf 92' lang='grc' dir='ltr'>νοι</span> <span class='ocrx_word' id='word_1_472' title='bbox 1952 609 1977 637; x_wconf 73' lang='grc' dir='ltr'>α</span> <span class='ocrx_word' id='word_1_473' title='bbox 2008 596 2188 652; x_wconf 72' lang='grc' dir='ltr'>οἶκαδε</span> <span class='ocrx_word' id='word_1_474' title='bbox 2214 599 2281 651; x_wconf 85' lang='grc' dir='ltr'>τά</span> <span class='ocrx_word' id='word_1_475' title='bbox 2307 598 2520 669; x_wconf 87' lang='grc' dir='ltr'>νάματα</span> <span class='ocrx_word' id='word_1_476' title='bbox 2548 600 2915 664; x_wconf 87' lang='grc' dir='ltr'>ἀποτίθενται,</span> <span class='ocrx_word' id='word_1_477' title='bbox 2945 602 3040 654; x_wconf 76' lang='grc' dir='ltr'>καὶ</span> <span class='ocrx_word' id='word_1_478' title='bbox 3069 602 3149 664; x_wconf 88' lang='grc' dir='ltr'>εἰς</span> <span class='ocrx_word' id='word_1_479' title='bbox 3178 603 3429 657; x_wconf 73' lang='grc' dir='ltr'>ἐνιαυτὸν</span> 
     </span>
    </p>
   </div>
   <div class='ocr_carea' id='block_1_68' title="bbox 1845 689 3427 765">
    <p class='ocr_par' dir='ltr' id='par_1_68' title="bbox 1845 689 3427 765">
     <span class='ocr_line' id='line_1_68' title="bbox 1845 689 3427 765; baseline 0.005 -23"><span class='ocrx_word' id='word_1_480' title='bbox 1845 689 2137 761; x_wconf 87' lang='grc' dir='ltr'>ὁλόκληρον</span> <span class='ocrx_word' id='word_1_481' title='bbox 2163 689 2541 760; x_wconf 80' lang='grc' dir='ltr'>φυλάττουσιν,</span> <span class='ocrx_word' id='word_1_482' title='bbox 2574 694 2670 748; x_wconf 85' lang='grc' dir='ltr'>ἆτε</span> <span class='ocrx_word' id='word_1_483' title='bbox 2701 695 2764 764; x_wconf 83' lang='grc' dir='ltr'>δὴ</span> <span class='ocrx_word' id='word_1_484' title='bbox 2790 695 3028 765; x_wconf 81' lang='grc' dir='ltr'>σήμερον</span> <span class='ocrx_word' id='word_1_485' title='bbox 3056 694 3427 761; x_wconf 84' lang='grc' dir='ltr'>ἀγιασθέντων</span> 
     </span>
    </p>
   </div>
   <div class='ocr_carea' id='block_1_69' title="bbox 1842 775 3426 851">
    <p class='ocr_par' dir='ltr' id='par_1_69' title="bbox 1842 775 3426 851">
     <span class='ocr_line' id='line_1_69' title="bbox 1842 775 3426 851; baseline 0.004 -23"><span class='ocrx_word' id='word_1_486' title='bbox 1842 775 1951 828; x_wconf 85' lang='grc' dir='ltr'>τῶν</span> <span class='ocrx_word' id='word_1_487' title='bbox 1988 777 2229 830; x_wconf 67' lang='grc' dir='ltr'>ὑδάτωνδ</span> <span class='ocrx_word' id='word_1_488' title='bbox 2273 777 2369 830; x_wconf 78' lang='grc' dir='ltr'>καὶ</span> <span class='ocrx_word' id='word_1_489' title='bbox 2415 778 2477 830; x_wconf 85' lang='grc' dir='ltr'>τὸ</span> <span class='ocrx_word' id='word_1_490' title='bbox 2531 781 2757 849; x_wconf 88' lang='grc' dir='ltr'>σημεῖον</span> <span class='ocrx_word' id='word_1_491' title='bbox 2819 779 3030 847; x_wconf 88' lang='grc' dir='ltr'>γίνεται</span> <span class='ocrx_word' id='word_1_492' title='bbox 3084 780 3316 851; x_wconf 82' lang='grc' dir='ltr'>ἐναργὲς</span> <span class='ocrx_word' id='word_1_493' title='bbox 3362 781 3426 834; x_wconf 79' lang='grc' dir='ltr'>οὐ</span> 
     </span>
    </p>
   </div>
   <div class='ocr_carea' id='block_1_70' title="bbox 1843 862 3429 939">
    <p class='ocr_par' dir='ltr' id='par_1_70' title="bbox 1843 862 3429 939">
     <span class='ocr_line' id='line_1_70' title="bbox 1843 862 3429 939; baseline 0.003 -23"><span class='ocrx_word' id='word_1_494' title='bbox 1843 862 2298 934; x_wconf 78' lang='grc' dir='ltr'>διαφθειρομένης</span> <span class='ocrx_word' id='word_1_495' title='bbox 2323 864 2423 935; x_wconf 83' lang='grc' dir='ltr'>τῆς</span> <span class='ocrx_word' id='word_1_496' title='bbox 2453 865 2563 919; x_wconf 82' lang='grc' dir='ltr'>τῶν</span> <span class='ocrx_word' id='word_1_497' title='bbox 2607 867 2813 920; x_wconf 85' lang='grc' dir='ltr'>ὑδάτων</span> <span class='ocrx_word' id='word_1_498' title='bbox 2843 867 3067 920; x_wconf 81' lang='grc' dir='ltr'>ἐκείνων</span> <span class='ocrx_word' id='word_1_499' title='bbox 3099 867 3312 935; x_wconf 86' lang='grc' dir='ltr'>φύσεως</span> <span class='ocrx_word' id='word_1_500' title='bbox 3347 869 3429 939; x_wconf 85' lang='grc' dir='ltr'>τῷ</span> 
     </span>
    </p>
   </div>
   <div class='ocr_carea' id='block_1_71' title="bbox 1848 950 3428 1023">
    <p class='ocr_par' dir='ltr' id='par_1_71' title="bbox 1848 950 3428 1023">
     <span class='ocr_line' id='line_1_71' title="bbox 1848 950 3428 1023; baseline 0.005 -23"><span class='ocrx_word' id='word_1_501' title='bbox 1848 951 2011 1019; x_wconf 85' lang='grc' dir='ltr'>μήκει</span> <span class='ocrx_word' id='word_1_502' title='bbox 2051 950 2144 1002; x_wconf 83' lang='grc' dir='ltr'>τοῦ</span> <span class='ocrx_word' id='word_1_503' title='bbox 2193 951 2406 1020; x_wconf 86' lang='grc' dir='ltr'>χρόνου,</span> <span class='ocrx_word' id='word_1_504' title='bbox 2455 951 2569 1005; x_wconf 82' lang='grc' dir='ltr'>ἀλλ’</span> <span class='ocrx_word' id='word_1_505' title='bbox 2594 955 2675 1016; x_wconf 91' lang='grc' dir='ltr'>εἰς</span> <span class='ocrx_word' id='word_1_506' title='bbox 2717 953 2960 1007; x_wconf 81' lang='grc' dir='ltr'>ἐνιαυτὸν</span> <span class='ocrx_word' id='word_1_507' title='bbox 3002 953 3295 1023; x_wconf 81' lang='grc' dir='ltr'>ὀλόκληρον</span> <span class='ocrx_word' id='word_1_508' title='bbox 3332 957 3428 1008; x_wconf 78' lang='grc' dir='ltr'>καὶ</span> 
     </span>
    </p>
   </div>
   <div class='ocr_carea' id='block_1_72' title="bbox 1844 1036 3426 1112">
    <p class='ocr_par' dir='ltr' id='par_1_72' title="bbox 1844 1036 3426 1112">
     <span class='ocr_line' id='line_1_72' title="bbox 1844 1036 3426 1112; baseline 0.003 -24"><span class='ocrx_word' id='word_1_509' title='bbox 1844 1037 1937 1090; x_wconf 83' lang='grc' dir='ltr'>δύο</span> <span class='ocrx_word' id='word_1_510' title='bbox 1977 1036 2072 1089; x_wconf 76' lang='grc' dir='ltr'>καὶ</span> <span class='ocrx_word' id='word_1_511' title='bbox 2109 1039 2234 1108; x_wconf 88' lang='grc' dir='ltr'>τρία</span> <span class='ocrx_word' id='word_1_512' title='bbox 2262 1038 2522 1102; x_wconf 86' lang='grc' dir='ltr'>πολλάκις</span> <span class='ocrx_word' id='word_1_513' title='bbox 2556 1040 2651 1111; x_wconf 77' lang='grc' dir='ltr'>ἐτη</span> <span class='ocrx_word' id='word_1_514' title='bbox 2681 1041 2774 1093; x_wconf 88' lang='grc' dir='ltr'>τοῦ</span> <span class='ocrx_word' id='word_1_515' title='bbox 2804 1042 3041 1112; x_wconf 83' lang='grc' dir='ltr'>σήμερον</span> <span class='ocrx_word' id='word_1_516' title='bbox 3069 1040 3426 1111; x_wconf 88' lang='grc' dir='ltr'>ἀντληθέντος</span> 
     </span>
    </p>
   </div>
   <div class='ocr_carea' id='block_1_73' title="bbox 1845 1120 3429 1196">
    <p class='ocr_par' dir='ltr' id='par_1_73' title="bbox 1845 1120 3429 1196">
     <span class='ocr_line' id='line_1_73' title="bbox 1845 1120 3429 1196; baseline 0.003 -23"><span class='ocrx_word' id='word_1_517' title='bbox 1845 1120 2033 1184; x_wconf 79' lang='grc' dir='ltr'>ὓδατος</span> <span class='ocrx_word' id='word_1_518' title='bbox 2092 1121 2349 1192; x_wconf 86' lang='grc' dir='ltr'>ἀκεραίου</span> <span class='ocrx_word' id='word_1_519' title='bbox 2402 1124 2495 1176; x_wconf 75' lang='grc' dir='ltr'>καὶ</span> <span class='ocrx_word' id='word_1_520' title='bbox 2549 1124 2745 1195; x_wconf 83' lang='grc' dir='ltr'>νεαροῦ</span> <span class='ocrx_word' id='word_1_521' title='bbox 2802 1125 3089 1194; x_wconf 85' lang='grc' dir='ltr'>μένοντος,</span> <span class='ocrx_word' id='word_1_522' title='bbox 3144 1126 3238 1177; x_wconf 76' lang='grc' dir='ltr'>καὶ</span> <span class='ocrx_word' id='word_1_523' title='bbox 3286 1124 3429 1196; x_wconf 90' lang='grc' dir='ltr'>μετά</span> 
     </span>
    </p>
   </div>
   <div class='ocr_carea' id='block_1_74' title="bbox 1841 1199 3424 1282">
    <p class='ocr_par' dir='ltr' id='par_1_74' title="bbox 1841 1199 3424 1282">
     <span class='ocr_line' id='line_1_74' title="bbox 1841 1199 3424 1282; baseline 0.004 -23"><span class='ocrx_word' id='word_1_524' title='bbox 1841 1208 2094 1261; x_wconf 79' lang='grc' dir='ltr'>τοσοῦτον</span> <span class='ocrx_word' id='word_1_525' title='bbox 2125 1208 2314 1279; x_wconf 82' lang='grc' dir='ltr'>χρόνον</span> <span class='ocrx_word' id='word_1_526' title='bbox 2345 1212 2458 1272; x_wconf 87' lang='grc' dir='ltr'>τοῖς</span> <span class='ocrx_word' id='word_1_527' title='bbox 2495 1211 2622 1280; x_wconf 81' lang='grc' dir='ltr'>ἄρτι</span> <span class='ocrx_word' id='word_1_528' title='bbox 2649 1211 2758 1263; x_wconf 85' lang='grc' dir='ltr'>τῶν</span> <span class='ocrx_word' id='word_1_529' title='bbox 2788 1211 2977 1281; x_wconf 83' lang='grc' dir='ltr'>πηγῶν</span> <span class='ocrx_word' id='word_1_530' title='bbox 3005 1199 3424 1282; x_wconf 73' lang='grc' dir='ltr'>ἐξαρπασθεῐοιν</span> 
     </span>
    </p>
   </div>
   <div class='ocr_carea' id='block_1_75' title="bbox 1845 1293 3425 1368">
    <p class='ocr_par' dir='ltr' id='par_1_75' title="bbox 1845 1293 3425 1368">
     <span class='ocr_line' id='line_1_75' title="bbox 1845 1293 3425 1368; baseline 0.004 -22"><span class='ocrx_word' id='word_1_531' title='bbox 1845 1294 2026 1347; x_wconf 74' lang='grc' dir='ltr'>ὕδασιν</span> <span class='ocrx_word' id='word_1_532' title='bbox 2075 1295 2473 1365; x_wconf 82' lang='grc' dir='ltr'>ἁμιλλωμένου.</span> <span class='ocrx_word' id='word_1_533' title='bbox 2504 1297 2658 1361; x_wconf 83' lang='grc' dir='ltr'>Τίνος</span> <span class='ocrx_word' id='word_1_534' title='bbox 2699 1293 2791 1351; x_wconf 85' lang='grc' dir='ltr'>οῦν</span> <span class='ocrx_word' id='word_1_535' title='bbox 2834 1297 3018 1350; x_wconf 81' lang='grc' dir='ltr'>’ἐνεκεν</span> <span class='ocrx_word' id='word_1_536' title='bbox 3049 1297 3189 1368; x_wconf 82' lang='grc' dir='ltr'>αῦτη</span> <span class='ocrx_word' id='word_1_537' title='bbox 3226 1299 3425 1368; x_wconf 80' lang='grc' dir='ltr'>ἐπιφά-</span> 
     </span>
    </p>
   </div>
   <div class='ocr_carea' id='block_1_76' title="bbox 1843 1380 3427 1455">
    <p class='ocr_par' dir='ltr' id='par_1_76' title="bbox 1843 1380 3427 1455">
     <span class='ocr_line' id='line_1_76' title="bbox 1843 1380 3427 1455; baseline 0.004 -22"><span class='ocrx_word' id='word_1_538' title='bbox 1843 1398 1961 1434; x_wconf 87' lang='grc' dir='ltr'>νεια</span> <span class='ocrx_word' id='word_1_539' title='bbox 1997 1380 2247 1449; x_wconf 81' lang='grc' dir='ltr'>λέγεται;</span> <span class='ocrx_word' id='word_1_540' title='bbox 2290 1383 2507 1452; x_wconf 85' lang='grc' dir='ltr'>Ἐπειδὴ</span> <span class='ocrx_word' id='word_1_541' title='bbox 2555 1385 2653 1453; x_wconf 80' lang='grc' dir='ltr'>οὐχ</span> <span class='ocrx_word' id='word_1_542' title='bbox 2694 1384 2781 1436; x_wconf 86' lang='grc' dir='ltr'>ὅτε</span> <span class='ocrx_word' id='word_1_543' title='bbox 2815 1384 3039 1455; x_wconf 81' lang='grc' dir='ltr'>ἐτέχθη,</span> <span class='ocrx_word' id='word_1_544' title='bbox 3083 1386 3204 1438; x_wconf 84' lang='grc' dir='ltr'>τότε</span> <span class='ocrx_word' id='word_1_545' title='bbox 3257 1389 3427 1440; x_wconf 71' lang='grc' dir='ltr'>πᾶσιν</span> 
     </span>
    </p>
   </div>
   <div class='ocr_carea' id='block_1_77' title="bbox 1843 1469 3423 1544">
    <p class='ocr_par' dir='ltr' id='par_1_77' title="bbox 1843 1469 3423 1544">
     <span class='ocr_line' id='line_1_77' title="bbox 1843 1469 3423 1544; baseline 0.004 -23"><span class='ocrx_word' id='word_1_546' title='bbox 1843 1470 2056 1536; x_wconf 84' lang='grc' dir='ltr'>ἐγένετο</span> <span class='ocrx_word' id='word_1_547' title='bbox 2100 1469 2416 1541; x_wconf 88' lang='grc' dir='ltr'>κατάδηλος,</span> <span class='ocrx_word' id='word_1_548' title='bbox 2444 1472 2561 1524; x_wconf 81' lang='grc' dir='ltr'>ἀλλ’</span> <span class='ocrx_word' id='word_1_549' title='bbox 2587 1473 2674 1524; x_wconf 79' lang='grc' dir='ltr'>ὅτε</span> <span class='ocrx_word' id='word_1_550' title='bbox 2720 1471 3082 1526; x_wconf 64' lang='grc' dir='ltr'>ἐϐαπτίσατω</span> <span class='ocrx_word' id='word_1_551' title='bbox 3115 1473 3275 1544; x_wconf 84' lang='grc' dir='ltr'>μέχρι</span> <span class='ocrx_word' id='word_1_552' title='bbox 3313 1476 3423 1543; x_wconf 86' lang='grc' dir='ltr'>γὰρ</span> 
     </span>
    </p>
   </div>
   <div class='ocr_carea' id='block_1_78' title="bbox 1840 1556 3422 1629">
    <p class='ocr_par' dir='ltr' id='par_1_78' title="bbox 1840 1556 3422 1629">
     <span class='ocr_line' id='line_1_78' title="bbox 1840 1556 3422 1629; baseline 0.004 -21"><span class='ocrx_word' id='word_1_553' title='bbox 1840 1556 2043 1625; x_wconf 79' lang='grc' dir='ltr'>ταύτης</span> <span class='ocrx_word' id='word_1_554' title='bbox 2076 1558 2320 1627; x_wconf 78' lang='grc' dir='ltr'>ἠγνοεῖτο</span> <span class='ocrx_word' id='word_1_555' title='bbox 2348 1560 2445 1629; x_wconf 78' lang='grc' dir='ltr'>τῆς</span> <span class='ocrx_word' id='word_1_556' title='bbox 2477 1560 2691 1629; x_wconf 79' lang='grc' dir='ltr'>ἡμέρας</span> <span class='ocrx_word' id='word_1_557' title='bbox 2739 1563 2850 1622; x_wconf 85' lang='grc' dir='ltr'>τοῖς</span> <span class='ocrx_word' id='word_1_558' title='bbox 2901 1559 3132 1623; x_wconf 78' lang='grc' dir='ltr'>πολλοῖς.</span> <span class='ocrx_word' id='word_1_559' title='bbox 3180 1562 3289 1613; x_wconf 74' lang='grc' dir='ltr'>Καὶ</span> <span class='ocrx_word' id='word_1_560' title='bbox 3339 1562 3422 1614; x_wconf 82' lang='grc' dir='ltr'>ὅτι</span> 
     </span>
    </p>
   </div>
   <div class='ocr_carea' id='block_1_79' title="bbox 1839 1645 3424 1716">
    <p class='ocr_par' dir='ltr' id='par_1_79' title="bbox 1839 1645 3424 1716">
     <span class='ocr_line' id='line_1_79' title="bbox 1839 1645 3424 1716; baseline 0.001 -18"><span class='ocrx_word' id='word_1_561' title='bbox 1839 1645 2064 1714; x_wconf 73' lang='grc' dir='ltr'>ἠγνόουν</span> <span class='ocrx_word' id='word_1_562' title='bbox 2093 1646 2253 1699; x_wconf 85' lang='grc' dir='ltr'>αὑτὸν</span> <span class='ocrx_word' id='word_1_563' title='bbox 2281 1648 2329 1698; x_wconf 90' lang='grc' dir='ltr'>οί</span> <span class='ocrx_word' id='word_1_564' title='bbox 2364 1646 2568 1712; x_wconf 75' lang='grc' dir='ltr'>πολλοὶ,</span> <span class='ocrx_word' id='word_1_565' title='bbox 2597 1648 2691 1706; x_wconf 76' lang='grc' dir='ltr'>καὶ</span> <span class='ocrx_word' id='word_1_566' title='bbox 2723 1648 2823 1700; x_wconf 82' lang='grc' dir='ltr'>οὑκ</span> <span class='ocrx_word' id='word_1_567' title='bbox 2857 1647 3077 1716; x_wconf 75' lang='grc' dir='ltr'>ᾔδεισαν</span> <span class='ocrx_word' id='word_1_568' title='bbox 3106 1648 3253 1710; x_wconf 81' lang='grc' dir='ltr'>ὅστις</span> <span class='ocrx_word' id='word_1_569' title='bbox 3291 1648 3424 1699; x_wconf 85' lang='grc' dir='ltr'>ποτέ</span> 
     </span>
    </p>
   </div>
   <div class='ocr_carea' id='block_1_80' title="bbox 1839 1726 3416 1802">
    <p class='ocr_par' dir='ltr' id='par_1_80' title="bbox 1839 1726 3416 1802">
     <span class='ocr_line' id='line_1_80' title="bbox 1839 1726 3416 1802; baseline 0.002 -18"><span class='ocrx_word' id='word_1_570' title='bbox 1839 1726 1935 1802; x_wconf 80' lang='grc' dir='ltr'>ἦν,</span> <span class='ocrx_word' id='word_1_571' title='bbox 1986 1732 2218 1785; x_wconf 83' lang='grc' dir='ltr'>ἄκουσον</span> <span class='ocrx_word' id='word_1_572' title='bbox 2291 1732 2383 1784; x_wconf 85' lang='grc' dir='ltr'>τοῦ</span> <span class='ocrx_word' id='word_1_573' title='bbox 2451 1733 2756 1785; x_wconf 85' lang='grc' dir='ltr'>Βαπτιστοῦ</span> <span class='ocrx_word' id='word_1_574' title='bbox 2816 1734 3060 1787; x_wconf 78' lang='grc' dir='ltr'>Ἰωάννου</span> <span class='ocrx_word' id='word_1_575' title='bbox 3130 1734 3378 1802; x_wconf 83' lang='grc' dir='ltr'>λέγοντος</span> <span class='ocrx_word' id='word_1_576' title='bbox 3402 1749 3416 1763; x_wconf 73' lang='grc' dir='ltr'>ο</span> 
     </span>
    </p>
   </div>
   <div class='ocr_carea' id='block_1_81' title="bbox 1839 1818 3416 1891">
    <p class='ocr_par' dir='ltr' id='par_1_81' title="bbox 1839 1818 3416 1891">
     <span class='ocr_line' id='line_1_81' title="bbox 1839 1818 3416 1891; baseline 0.001 -17"><span class='ocrx_word' id='word_1_577' title='bbox 1839 1820 2041 1885; x_wconf 84' lang='grc' dir='ltr'>Μέσος</span> <span class='ocrx_word' id='word_1_578' title='bbox 2079 1818 2229 1891; x_wconf 75' lang='grc'>[570]</span> <span class='ocrx_word' id='word_1_579' title='bbox 2257 1819 2423 1889; x_wconf 82' lang='grc' dir='ltr'>ὑμῶν</span> <span class='ocrx_word' id='word_1_580' title='bbox 2446 1820 2730 1888; x_wconf 78' lang='grc' dir='ltr'>ἕστηκεν,</span> <span class='ocrx_word' id='word_1_581' title='bbox 2760 1820 2833 1874; x_wconf 79' lang='grc' dir='ltr'>ὃν</span> <span class='ocrx_word' id='word_1_582' title='bbox 2858 1820 3027 1890; x_wconf 84' lang='grc' dir='ltr'>ὑμεῖς</span> <span class='ocrx_word' id='word_1_583' title='bbox 3057 1823 3168 1875; x_wconf 84' lang='grc' dir='ltr'>οὐκ</span> <span class='ocrx_word' id='word_1_584' title='bbox 3196 1822 3416 1876; x_wconf 76' lang='grc' dir='ltr'>οἴδατε.</span> 
     </span>
    </p>
   </div>
   <div class='ocr_carea' id='block_1_82' title="bbox 1839 1907 3422 1979">
    <p class='ocr_par' dir='ltr' id='par_1_82' title="bbox 1839 1907 3422 1979">
     <span class='ocr_line' id='line_1_82' title="bbox 1839 1907 3422 1979; baseline 0.002 -20"><span class='ocrx_word' id='word_1_585' title='bbox 1839 1908 1949 1960; x_wconf 74' lang='grc' dir='ltr'>Καὶ</span> <span class='ocrx_word' id='word_1_586' title='bbox 1983 1907 2037 1959; x_wconf 85' lang='grc' dir='ltr'>τί</span> <span class='ocrx_word' id='word_1_587' title='bbox 2083 1909 2394 1978; x_wconf 88' lang='grc' dir='ltr'>θαυμαστὸν</span> <span class='ocrx_word' id='word_1_588' title='bbox 2437 1910 2487 1960; x_wconf 88' lang='grc' dir='ltr'>εἰ</span> <span class='ocrx_word' id='word_1_589' title='bbox 2537 1908 2687 1961; x_wconf 83' lang='grc' dir='ltr'>ἄλλοι</span> <span class='ocrx_word' id='word_1_590' title='bbox 2730 1910 2982 1979; x_wconf 72' lang='grc' dir='ltr'>ἠγνόουν,</span> <span class='ocrx_word' id='word_1_591' title='bbox 3028 1910 3162 1962; x_wconf 84' lang='grc' dir='ltr'>ὅπου</span> <span class='ocrx_word' id='word_1_592' title='bbox 3214 1926 3280 1978; x_wconf 87' lang='grc' dir='ltr'>γε</span> <span class='ocrx_word' id='word_1_593' title='bbox 3328 1912 3422 1964; x_wconf 75' lang='grc' dir='ltr'>καὶ</span> 
     </span>
    </p>
   </div>
   <div class='ocr_carea' id='block_1_83' title="bbox 1840 1994 3422 2068">
    <p class='ocr_par' dir='ltr' id='par_1_83' title="bbox 1840 1994 3422 2068">
     <span class='ocr_line' id='line_1_83' title="bbox 1840 1994 3422 2068; baseline 0.001 -21"><span class='ocrx_word' id='word_1_594' title='bbox 1840 1994 1999 2058; x_wconf 83' lang='grc' dir='ltr'>αὑτὸς</span> <span class='ocrx_word' id='word_1_595' title='bbox 2032 1997 2060 2048; x_wconf 84' lang='grc' dir='ltr'>ὁ</span> <span class='ocrx_word' id='word_1_596' title='bbox 2106 1995 2418 2067; x_wconf 81' lang='grc' dir='ltr'>Βαπτιστὴς</span> <span class='ocrx_word' id='word_1_597' title='bbox 2460 1996 2622 2050; x_wconf 85' lang='grc' dir='ltr'>αὑτὸν</span> <span class='ocrx_word' id='word_1_598' title='bbox 2671 1996 2857 2066; x_wconf 71' lang='grc' dir='ltr'>ἠγνόει</span> <span class='ocrx_word' id='word_1_599' title='bbox 2898 1998 3002 2060; x_wconf 79' lang='grc' dir='ltr'>έως</span> <span class='ocrx_word' id='word_1_600' title='bbox 3054 1997 3153 2067; x_wconf 82' lang='grc' dir='ltr'>τῆς</span> <span class='ocrx_word' id='word_1_601' title='bbox 3209 1997 3422 2068; x_wconf 80' lang='grc' dir='ltr'>ἡμέρας</span> 
     </span>
    </p>
   </div>
   <div class='ocr_carea' id='block_1_84' title="bbox 1839 2081 3419 2153">
    <p class='ocr_par' dir='ltr' id='par_1_84' title="bbox 1839 2081 3419 2153">
     <span class='ocr_line' id='line_1_84' title="bbox 1839 2081 3419 2153; baseline 0 -19"><span class='ocrx_word' id='word_1_602' title='bbox 1839 2081 2091 2150; x_wconf 84' lang='grc' dir='ltr'>ἐκείνης;</span> <span class='ocrx_word' id='word_1_603' title='bbox 2134 2082 2245 2134; x_wconf 78' lang='grc' dir='ltr'>Καὶ</span> <span class='ocrx_word' id='word_1_604' title='bbox 2278 2082 2388 2153; x_wconf 85' lang='grc' dir='ltr'>γάρ</span> <span class='ocrx_word' id='word_1_605' title='bbox 2415 2081 2554 2151; x_wconf 80' lang='grc' dir='ltr'>ἐγὼ,</span> <span class='ocrx_word' id='word_1_606' title='bbox 2602 2083 2789 2152; x_wconf 81' lang='grc' dir='ltr'>φησὶν,</span> <span class='ocrx_word' id='word_1_607' title='bbox 2832 2083 2946 2136; x_wconf 81' lang='grc' dir='ltr'>οὐκ</span> <span class='ocrx_word' id='word_1_608' title='bbox 2995 2081 3168 2153; x_wconf 73' lang='grc' dir='ltr'>ᾔδειν</span> <span class='ocrx_word' id='word_1_609' title='bbox 3211 2083 3419 2147; x_wconf 73' lang='grc' dir='ltr'>αὑτὸν,</span> 
     </span>
    </p>
   </div>
   <div class='ocr_carea' id='block_1_85' title="bbox 1836 2168 3421 2237">
    <p class='ocr_par' dir='ltr' id='par_1_85' title="bbox 1836 2168 3421 2237">
     <span class='ocr_line' id='line_1_85' title="bbox 1836 2168 3421 2237; baseline -0.001 -14"><span class='ocrx_word' id='word_1_610' title='bbox 1836 2169 1974 2223; x_wconf 73' lang='grc' dir='ltr'>ἀλλ’</span> <span class='ocrx_word' id='word_1_611' title='bbox 2003 2172 2035 2221; x_wconf 89' lang='grc' dir='ltr'><em>ὀ</em></span> <span class='ocrx_word' id='word_1_612' title='bbox 2077 2168 2322 2237; x_wconf 72' lang='grc' dir='ltr'>πέμψας</span> <span class='ocrx_word' id='word_1_613' title='bbox 2349 2186 2429 2237; x_wconf 83' lang='grc' dir='ltr'>με</span> <span class='ocrx_word' id='word_1_614' title='bbox 2473 2168 2788 2232; x_wconf 80' lang='grc' dir='ltr'>,ϐαπτίζειν</span> <span class='ocrx_word' id='word_1_615' title='bbox 2832 2170 2904 2224; x_wconf 76' lang='grc' dir='ltr'>ἐν</span> <span class='ocrx_word' id='word_1_616' title='bbox 2952 2169 3148 2236; x_wconf 81' lang='grc' dir='ltr'>ῦδιιτι,</span> <span class='ocrx_word' id='word_1_617' title='bbox 3192 2169 3421 2235; x_wconf 79' lang='grc' dir='ltr'>ἐκεῖνός</span> 
     </span>
    </p>
   </div>
   <div class='ocr_carea' id='block_1_86' title="bbox 1832 2251 3421 2325">
    <p class='ocr_par' dir='ltr' id='par_1_86' title="bbox 1832 2251 3421 2325">
     <span class='ocr_line' id='line_1_86' title="bbox 1832 2251 3421 2325; baseline 0.001 -17"><span class='ocrx_word' id='word_1_618' title='bbox 1832 2272 1935 2325; x_wconf 89' lang='grc' dir='ltr'>μοι</span> <span class='ocrx_word' id='word_1_619' title='bbox 1975 2251 2173 2309; x_wconf 80' lang='grc' dir='ltr'>εἶπεν·</span> <span class='ocrx_word' id='word_1_620' title='bbox 2216 2256 2335 2324; x_wconf 76' lang='grc' dir='ltr'>Ἐφ’</span> <span class='ocrx_word' id='word_1_621' title='bbox 2366 2254 2439 2308; x_wconf 83' lang='grc' dir='ltr'>ὃν</span> <span class='ocrx_word' id='word_1_622' title='bbox 2469 2255 2548 2309; x_wconf 83' lang='grc' dir='ltr'>ἂν</span> <span class='ocrx_word' id='word_1_623' title='bbox 2593 2255 2730 2324; x_wconf 69' lang='grc' dir='ltr'>ιδῃς</span> <span class='ocrx_word' id='word_1_624' title='bbox 2757 2256 2825 2308; x_wconf 82' lang='grc' dir='ltr'>τὸ</span> <span class='ocrx_word' id='word_1_625' title='bbox 2862 2256 3108 2325; x_wconf 83' lang='grc' dir='ltr'>Πνεῦμα</span> <span class='ocrx_word' id='word_1_626' title='bbox 3144 2256 3421 2310; x_wconf 76' lang='grc' dir='ltr'>καταϐαῖ-</span> 
     </span>
    </p>
   </div>
   <div class='ocr_carea' id='block_1_87' title="bbox 1836 2340 3419 2411">
    <p class='ocr_par' dir='ltr' id='par_1_87' title="bbox 1836 2340 3419 2411">
     <span class='ocr_line' id='line_1_87' title="bbox 1836 2340 3419 2411; baseline 0.001 -15"><span class='ocrx_word' id='word_1_627' title='bbox 1836 2359 1948 2396; x_wconf 73' lang='grc' dir='ltr'>νον</span> <span class='ocrx_word' id='word_1_628' title='bbox 1968 2343 2021 2408; x_wconf 70' lang='grc'>1³,</span> <span class='ocrx_word' id='word_1_629' title='bbox 2052 2341 2150 2396; x_wconf 83' lang='grc' dir='ltr'>καί</span> <span class='ocrx_word' id='word_1_630' title='bbox 2172 2342 2364 2411; x_wconf 73' lang='grc' dir='ltr'>μένον</span> <span class='ocrx_word' id='word_1_631' title='bbox 2390 2343 2483 2395; x_wconf 79' lang='grc' dir='ltr'>ἐπ’</span> <span class='ocrx_word' id='word_1_632' title='bbox 2505 2344 2712 2408; x_wconf 75' lang='grc' dir='ltr'>αὐτὸν,</span> <span class='ocrx_word' id='word_1_633' title='bbox 2744 2340 2922 2409; x_wconf 87' lang='grc' dir='ltr'>οὗτός</span> <span class='ocrx_word' id='word_1_634' title='bbox 2948 2344 3121 2397; x_wconf 81' lang='grc' dir='ltr'>ἐστιν</span> <span class='ocrx_word' id='word_1_635' title='bbox 3144 2349 3176 2396; x_wconf 89' lang='lat'><strong>0&#39;</strong></span> <span class='ocrx_word' id='word_1_636' title='bbox 3197 2345 3419 2409; x_wconf 75' lang='grc' dir='ltr'>,βαπτί-</span> 
     </span>
    </p>
   </div>
   <div class='ocr_carea' id='block_1_88' title="bbox 1837 2427 3413 2502">
    <p class='ocr_par' dir='ltr' id='par_1_88' title="bbox 1837 2427 3413 2502">
     <span class='ocr_line' id='line_1_88' title="bbox 1837 2427 3413 2502; baseline 0.002 -20"><span class='ocrx_word' id='word_1_637' title='bbox 1837 2429 1947 2489; x_wconf 76' lang='grc' dir='ltr'>ζων</span> <span class='ocrx_word' id='word_1_638' title='bbox 1986 2432 2056 2483; x_wconf 74' lang='grc' dir='ltr'>ἐν</span> <span class='ocrx_word' id='word_1_639' title='bbox 2099 2433 2398 2499; x_wconf 81' lang='grc' dir='ltr'>ΙΙνεύματι</span> <span class='ocrx_word' id='word_1_640' title='bbox 2430 2432 2593 2499; x_wconf 73' lang='grc' dir='ltr'>ἁγίῳ.</span> <span class='ocrx_word' id='word_1_641' title='bbox 2632 2431 2756 2483; x_wconf 82' lang='grc' dir='ltr'>Ὅτι</span> <span class='ocrx_word' id='word_1_642' title='bbox 2809 2432 2908 2501; x_wconf 84' lang='grc' dir='ltr'>μὲν</span> <span class='ocrx_word' id='word_1_643' title='bbox 2953 2427 3046 2485; x_wconf 85' lang='grc' dir='ltr'>οὑν</span> <span class='ocrx_word' id='word_1_644' title='bbox 3096 2434 3413 2502; x_wconf 78' lang='grc' dir='ltr'>ἐπιφάνειαι</span> 
     </span>
    </p>
   </div>
   <div class='ocr_carea' id='block_1_89' title="bbox 1836 2517 3416 2590">
    <p class='ocr_par' dir='ltr' id='par_1_89' title="bbox 1836 2517 3416 2590">
     <span class='ocr_line' id='line_1_89' title="bbox 1836 2517 3416 2590; baseline 0.003 -21"><span class='ocrx_word' id='word_1_645' title='bbox 1836 2517 1949 2583; x_wconf 90' lang='grc' dir='ltr'>δύο,</span> <span class='ocrx_word' id='word_1_646' title='bbox 1991 2518 2149 2588; x_wconf 81' lang='grc' dir='ltr'>δῆλον</span> <span class='ocrx_word' id='word_1_647' title='bbox 2202 2521 2267 2571; x_wconf 88' lang='grc' dir='ltr'>ἐκ</span> <span class='ocrx_word' id='word_1_648' title='bbox 2315 2517 2548 2571; x_wconf 85' lang='grc' dir='ltr'>τούτων·</span> <span class='ocrx_word' id='word_1_649' title='bbox 2596 2517 2741 2582; x_wconf 70' lang='grc' dir='ltr'>τίνος</span> <span class='ocrx_word' id='word_1_650' title='bbox 2777 2518 2836 2571; x_wconf 85' lang='grc' dir='ltr'>δὲ</span> <span class='ocrx_word' id='word_1_651' title='bbox 2868 2518 3054 2572; x_wconf 78' lang='grc' dir='ltr'>ἓνεκεν</span> <span class='ocrx_word' id='word_1_652' title='bbox 3087 2521 3180 2572; x_wconf 75' lang='grc' dir='ltr'>ἐπὶ</span> <span class='ocrx_word' id='word_1_653' title='bbox 3225 2520 3286 2572; x_wconf 86' lang='grc' dir='ltr'>τὸ</span> <span class='ocrx_word' id='word_1_654' title='bbox 3317 2520 3416 2590; x_wconf 83' lang='grc' dir='ltr'>βά-</span> 
     </span>
    </p>
   </div>
   <div class='ocr_carea' id='block_1_90' title="bbox 1837 2605 3417 2676">
    <p class='ocr_par' dir='ltr' id='par_1_90' title="bbox 1837 2605 3417 2676">
     <span class='ocr_line' id='line_1_90' title="bbox 1837 2605 3417 2676; baseline 0.002 -20"><span class='ocrx_word' id='word_1_655' title='bbox 1837 2621 2047 2675; x_wconf 87' lang='grc' dir='ltr'>πτισμα</span> <span class='ocrx_word' id='word_1_656' title='bbox 2069 2606 2286 2676; x_wconf 80' lang='grc' dir='ltr'>ἔρχεται</span> <span class='ocrx_word' id='word_1_657' title='bbox 2311 2606 2339 2656; x_wconf 85' lang='grc' dir='ltr'>ὁ</span> <span class='ocrx_word' id='word_1_658' title='bbox 2367 2605 2621 2676; x_wconf 83' lang='grc' dir='ltr'>Χριστὸς,</span> <span class='ocrx_word' id='word_1_659' title='bbox 2644 2607 2942 2675; x_wconf 89' lang='grc' dir='ltr'>ἀναγκαῖον</span> <span class='ocrx_word' id='word_1_660' title='bbox 2965 2608 3159 2670; x_wconf 87' lang='grc' dir='ltr'>εἰπεῖν,</span> <span class='ocrx_word' id='word_1_661' title='bbox 3189 2608 3284 2660; x_wconf 76' lang='grc' dir='ltr'>καὶ</span> <span class='ocrx_word' id='word_1_662' title='bbox 3322 2608 3417 2659; x_wconf 71' lang='grc' dir='ltr'>ἐπὶ</span> 
     </span>
    </p>
   </div>
   <div class='ocr_carea' id='block_1_91' title="bbox 1837 2693 3415 2766">
    <p class='ocr_par' dir='ltr' id='par_1_91' title="bbox 1837 2693 3415 2766">
     <span class='ocr_line' id='line_1_91' title="bbox 1837 2693 3415 2766; baseline 0.001 -22"><span class='ocrx_word' id='word_1_663' title='bbox 1837 2696 1987 2745; x_wconf 86' lang='grc' dir='ltr'>ποῖον</span> <span class='ocrx_word' id='word_1_664' title='bbox 2008 2693 2227 2763; x_wconf 73' lang='grc' dir='ltr'>ἔρχεται</span> <span class='ocrx_word' id='word_1_665' title='bbox 2248 2695 2529 2763; x_wconf 74' lang='grc' dir='ltr'>βάπτισμα</span> <span class='ocrx_word' id='word_1_666' title='bbox 2548 2709 2561 2722; x_wconf 78' lang='lat'><strong>&#39;</strong></span> <span class='ocrx_word' id='word_1_667' title='bbox 2587 2696 2680 2747; x_wconf 78' lang='grc' dir='ltr'>καὶ</span> <span class='ocrx_word' id='word_1_668' title='bbox 2703 2693 2810 2766; x_wconf 86' lang='grc' dir='ltr'>γάρ</span> <span class='ocrx_word' id='word_1_669' title='bbox 2833 2694 2923 2745; x_wconf 74' lang='grc' dir='ltr'>καὶ</span> <span class='ocrx_word' id='word_1_670' title='bbox 2945 2693 3102 2746; x_wconf 88' lang='grc' dir='ltr'>τοῦτο</span> <span class='ocrx_word' id='word_1_671' title='bbox 3121 2695 3415 2761; x_wconf 87' lang='grc' dir='ltr'>ἀναγκαῖον</span> 
     </span>
    </p>
   </div>
   <div class='ocr_carea' id='block_1_92' title="bbox 1837 2777 3417 2852">
    <p class='ocr_par' dir='ltr' id='par_1_92' title="bbox 1837 2777 3417 2852">
     <span class='ocr_line' id='line_1_92' title="bbox 1837 2777 3417 2852; baseline 0.002 -21"><span class='ocrx_word' id='word_1_672' title='bbox 1837 2778 2055 2844; x_wconf 82' lang='grc' dir='ltr'>εἰδέναι,</span> <span class='ocrx_word' id='word_1_673' title='bbox 2078 2781 2270 2851; x_wconf 78' lang='grc' dir='ltr'>ὥσπερ</span> <span class='ocrx_word' id='word_1_674' title='bbox 2299 2777 2392 2833; x_wconf 83' lang='grc' dir='ltr'>οὖν</span> <span class='ocrx_word' id='word_1_675' title='bbox 2432 2782 2671 2834; x_wconf 86' lang='grc' dir='ltr'>κάκεῖνο.</span> <span class='ocrx_word' id='word_1_676' title='bbox 2701 2781 2811 2833; x_wconf 77' lang='grc' dir='ltr'>Καὶ</span> <span class='ocrx_word' id='word_1_677' title='bbox 2840 2780 2996 2834; x_wconf 87' lang='grc' dir='ltr'>τοῦτο</span> <span class='ocrx_word' id='word_1_678' title='bbox 3030 2782 3293 2852; x_wconf 80' lang='grc' dir='ltr'>πρότερον</span> <span class='ocrx_word' id='word_1_679' title='bbox 3339 2782 3417 2834; x_wconf 84' lang='grc' dir='ltr'>δι-</span> 
     </span>
    </p>
   </div>
   <div class='ocr_carea' id='block_1_93' title="bbox 1836 2867 3411 2940">
    <p class='ocr_par' dir='ltr' id='par_1_93' title="bbox 1836 2867 3411 2940">
     <span class='ocr_line' id='line_1_93' title="bbox 1836 2867 3411 2940; baseline 0.001 -21"><span class='ocrx_word' id='word_1_680' title='bbox 1836 2867 1993 2932; x_wconf 80' lang='grc' dir='ltr'>δάξαι</span> <span class='ocrx_word' id='word_1_681' title='bbox 2035 2868 2140 2939; x_wconf 80' lang='grc' dir='ltr'>χρὴ</span> <span class='ocrx_word' id='word_1_682' title='bbox 2187 2870 2287 2939; x_wconf 82' lang='grc' dir='ltr'>τὴν</span> <span class='ocrx_word' id='word_1_683' title='bbox 2332 2868 2602 2938; x_wconf 84' lang='grc' dir='ltr'>ὑμετέραν</span> <span class='ocrx_word' id='word_1_684' title='bbox 2635 2870 2888 2939; x_wconf 83' lang='grc' dir='ltr'>ἀγάπην·</span> <span class='ocrx_word' id='word_1_685' title='bbox 2920 2869 3027 2921; x_wconf 82' lang='grc' dir='ltr'>ἀπὸ</span> <span class='ocrx_word' id='word_1_686' title='bbox 3068 2870 3178 2940; x_wconf 84' lang='grc' dir='ltr'>γὰρ</span> <span class='ocrx_word' id='word_1_687' title='bbox 3221 2869 3411 2923; x_wconf 84' lang='grc' dir='ltr'>τούτου</span> 
     </span>
    </p>
   </div>
   <div class='ocr_carea' id='block_1_94' title="bbox 1838 2958 3414 3030">
    <p class='ocr_par' dir='ltr' id='par_1_94' title="bbox 1838 2958 3414 3030">
     <span class='ocr_line' id='line_1_94' title="bbox 1838 2958 3414 3030; baseline 0 -18"><span class='ocrx_word' id='word_1_688' title='bbox 1838 2960 2060 3012; x_wconf 87' lang='grc' dir='ltr'>κάκεῖνο</span> <span class='ocrx_word' id='word_1_689' title='bbox 2107 2958 2386 3028; x_wconf 88' lang='grc' dir='ltr'>εἰσόμεθα.</span> <span class='ocrx_word' id='word_1_690' title='bbox 2437 2960 2729 3029; x_wconf 82' lang='grc' dir='ltr'>Βάπτισμα</span> <span class='ocrx_word' id='word_1_691' title='bbox 2783 2959 2849 3030; x_wconf 77' lang='grc' dir='ltr'>ἡν</span> <span class='ocrx_word' id='word_1_692' title='bbox 2894 2960 2953 3012; x_wconf 83' lang='grc' dir='ltr'>τὸ</span> <span class='ocrx_word' id='word_1_693' title='bbox 2999 2959 3302 3023; x_wconf 68' lang='grc' dir='ltr'>Ἰουδαϊκὸν,</span> <span class='ocrx_word' id='word_1_694' title='bbox 3354 2961 3414 3012; x_wconf 82' lang='grc' dir='ltr'>τὸ</span> 
     </span>
    </p>
   </div>
   <div class='ocr_carea' id='block_1_95' title="bbox 1839 3045 3416 3117">
    <p class='ocr_par' dir='ltr' id='par_1_95' title="bbox 1839 3045 3416 3117">
     <span class='ocr_line' id='line_1_95' title="bbox 1839 3045 3416 3117; baseline 0.002 -19"><span class='ocrx_word' id='word_1_695' title='bbox 1839 3046 2024 3117; x_wconf 76' lang='grc' dir='ltr'>ρύπων</span> <span class='ocrx_word' id='word_1_696' title='bbox 2064 3045 2389 3115; x_wconf 82' lang='grc' dir='ltr'>σωματικῶν</span> <span class='ocrx_word' id='word_1_697' title='bbox 2422 3046 2784 3108; x_wconf 83' lang='grc' dir='ltr'>ἀπαλλάττον,</span> <span class='ocrx_word' id='word_1_698' title='bbox 2814 3048 2873 3100; x_wconf 91' lang='grc' dir='ltr'>οὑ</span> <span class='ocrx_word' id='word_1_699' title='bbox 2903 3047 3012 3100; x_wconf 86' lang='grc' dir='ltr'>τῶν</span> <span class='ocrx_word' id='word_1_700' title='bbox 3037 3050 3180 3101; x_wconf 84' lang='grc' dir='ltr'>κατά</span> <span class='ocrx_word' id='word_1_701' title='bbox 3211 3048 3271 3101; x_wconf 87' lang='grc' dir='ltr'>τὸ</span> <span class='ocrx_word' id='word_1_702' title='bbox 3300 3065 3416 3102; x_wconf 87' lang='grc' dir='ltr'>συν-</span> 
     </span>
    </p>
   </div>
   <div class='ocr_carea' id='block_1_96' title="bbox 1837 3133 3413 3208">
    <p class='ocr_par' dir='ltr' id='par_1_96' title="bbox 1837 3133 3413 3208">
     <span class='ocr_line' id='line_1_96' title="bbox 1837 3133 3413 3208; baseline 0.003 -23"><span class='ocrx_word' id='word_1_703' title='bbox 1837 3134 1975 3196; x_wconf 84' lang='grc' dir='ltr'>ειδὸς</span> <span class='ocrx_word' id='word_1_704' title='bbox 2034 3133 2465 3204; x_wconf 88' lang='grc' dir='ltr'>ἁμαρτημάτων.</span> <span class='ocrx_word' id='word_1_705' title='bbox 2509 3133 2581 3185; x_wconf 82' lang='grc' dir='ltr'>Οὐ</span> <span class='ocrx_word' id='word_1_706' title='bbox 2630 3135 2738 3203; x_wconf 82' lang='grc' dir='ltr'>γάρ</span> <span class='ocrx_word' id='word_1_707' title='bbox 2788 3135 2843 3186; x_wconf 84' lang='grc' dir='ltr'>εἴ</span> <span class='ocrx_word' id='word_1_708' title='bbox 2884 3152 2969 3199; x_wconf 89' lang='grc' dir='ltr'>τις</span> <span class='ocrx_word' id='word_1_709' title='bbox 3008 3136 3251 3208; x_wconf 87' lang='grc' dir='ltr'>μοιχείαν</span> <span class='ocrx_word' id='word_1_710' title='bbox 3298 3137 3413 3207; x_wconf 85' lang='grc' dir='ltr'>εἰρ-</span> 
     </span>
    </p>
   </div>
   <div class='ocr_carea' id='block_1_97' title="bbox 1836 3220 3414 3294">
    <p class='ocr_par' dir='ltr' id='par_1_97' title="bbox 1836 3220 3414 3294">
     <span class='ocr_line' id='line_1_97' title="bbox 1836 3220 3414 3294; baseline 0.003 -21"><span class='ocrx_word' id='word_1_711' title='bbox 1836 3222 2061 3289; x_wconf 89' lang='grc' dir='ltr'>γάσατο,</span> <span class='ocrx_word' id='word_1_712' title='bbox 2097 3221 2220 3274; x_wconf 83' lang='grc' dir='ltr'>οὑδέ</span> <span class='ocrx_word' id='word_1_713' title='bbox 2259 3220 2312 3272; x_wconf 87' lang='grc' dir='ltr'>εῖ</span> <span class='ocrx_word' id='word_1_714' title='bbox 2345 3237 2426 3283; x_wconf 85' lang='grc' dir='ltr'>τις</span> <span class='ocrx_word' id='word_1_715' title='bbox 2471 3220 2676 3292; x_wconf 82' lang='grc' dir='ltr'>κλοπὴν</span> <span class='ocrx_word' id='word_1_716' title='bbox 2725 3223 3045 3294; x_wconf 85' lang='grc' dir='ltr'>ἐτόλμησεν,</span> <span class='ocrx_word' id='word_1_717' title='bbox 3086 3227 3206 3279; x_wconf 77' lang='grc' dir='ltr'>οὐδὲ</span> <span class='ocrx_word' id='word_1_718' title='bbox 3237 3226 3291 3280; x_wconf 80' lang='grc' dir='ltr'>εί</span> <span class='ocrx_word' id='word_1_719' title='bbox 3331 3242 3414 3290; x_wconf 90' lang='grc' dir='ltr'>τις</span> 
     </span>
    </p>
   </div>
   <div class='ocr_carea' id='block_1_98' title="bbox 1838 3307 3413 3380">
    <p class='ocr_par' dir='ltr' id='par_1_98' title="bbox 1838 3307 3413 3380">
     <span class='ocr_line' id='line_1_98' title="bbox 1838 3307 3413 3380; baseline 0.001 -18"><span class='ocrx_word' id='word_1_720' title='bbox 1838 3308 1965 3362; x_wconf 83' lang='grc' dir='ltr'>ἄλλο</span> <span class='ocrx_word' id='word_1_721' title='bbox 1990 3326 2042 3360; x_wconf 89' lang='grc' dir='ltr'>τι</span> <span class='ocrx_word' id='word_1_722' title='bbox 2072 3307 2309 3361; x_wconf 90' lang='grc' dir='ltr'>τοιοῦτον</span> <span class='ocrx_word' id='word_1_723' title='bbox 2343 3309 2747 3379; x_wconf 86' lang='grc' dir='ltr'>παρηνόμησεν,</span> <span class='ocrx_word' id='word_1_724' title='bbox 2777 3309 3113 3380; x_wconf 82' lang='grc' dir='ltr'>ἀπήλλαττεν</span> <span class='ocrx_word' id='word_1_725' title='bbox 3130 3312 3288 3364; x_wconf 79' lang='grc' dir='ltr'>αὑτὸν</span> <span class='ocrx_word' id='word_1_726' title='bbox 3304 3313 3413 3364; x_wconf 85' lang='grc' dir='ltr'>τῶν</span> 
     </span>
    </p>
   </div>
   <div class='ocr_carea' id='block_1_99' title="bbox 1834 3396 3410 3472">
    <p class='ocr_par' dir='ltr' id='par_1_99' title="bbox 1834 3396 3410 3472">
     <span class='ocr_line' id='line_1_99' title="bbox 1834 3396 3410 3472; baseline 0.001 -22"><span class='ocrx_word' id='word_1_727' title='bbox 1834 3396 2193 3468; x_wconf 79' lang='grc' dir='ltr'>ἐγκλημάτων</span> <span class='ocrx_word' id='word_1_728' title='bbox 2214 3413 2227 3425; x_wconf 88' lang='grc'><strong>·</strong></span> <span class='ocrx_word' id='word_1_729' title='bbox 2259 3396 2371 3449; x_wconf 80' lang='grc' dir='ltr'>ἀλλ’</span> <span class='ocrx_word' id='word_1_730' title='bbox 2399 3398 2449 3448; x_wconf 80' lang='grc' dir='ltr'>εἴ</span> <span class='ocrx_word' id='word_1_731' title='bbox 2474 3415 2558 3460; x_wconf 82' lang='grc' dir='ltr'>τις</span> <span class='ocrx_word' id='word_1_732' title='bbox 2588 3397 2757 3451; x_wconf 83' lang='grc' dir='ltr'>ὀστῶν</span> <span class='ocrx_word' id='word_1_733' title='bbox 2787 3399 2964 3468; x_wconf 68' lang='grc' dir='ltr'>ἥψατο</span> <span class='ocrx_word' id='word_1_734' title='bbox 2998 3400 3225 3472; x_wconf 82' lang='grc' dir='ltr'>νεκρῶν,</span> <span class='ocrx_word' id='word_1_735' title='bbox 3255 3400 3410 3464; x_wconf 77' lang='grc' dir='ltr'>εἴτις</span> 
     </span>
    </p>
   </div>
   <div class='ocr_carea' id='block_1_100' title="bbox 1837 3484 3412 3559">
    <p class='ocr_par' dir='ltr' id='par_1_100' title="bbox 1837 3484 3412 3559">
     <span class='ocr_line' id='line_1_100' title="bbox 1837 3484 3412 3559; baseline 0.002 -21"><span class='ocrx_word' id='word_1_736' title='bbox 1837 3485 1913 3556; x_wconf 81' lang='grc' dir='ltr'>μὴ</span> <span class='ocrx_word' id='word_1_737' title='bbox 1940 3484 2332 3556; x_wconf 87' lang='grc' dir='ltr'>νενομισμένης</span> <span class='ocrx_word' id='word_1_738' title='bbox 2359 3485 2621 3554; x_wconf 77' lang='grc' dir='ltr'>ἐγεύσατο</span> <span class='ocrx_word' id='word_1_739' title='bbox 2649 3488 2876 3559; x_wconf 81' lang='grc' dir='ltr'>τροφῆς,</span> <span class='ocrx_word' id='word_1_740' title='bbox 2908 3487 2961 3539; x_wconf 83' lang='grc' dir='ltr'>εί</span> <span class='ocrx_word' id='word_1_741' title='bbox 2987 3505 3070 3550; x_wconf 72' lang='grc' dir='ltr'>τις</span> <span class='ocrx_word' id='word_1_742' title='bbox 3104 3491 3168 3541; x_wconf 85' lang='grc' dir='ltr'>ἐκ</span> <span class='ocrx_word' id='word_1_743' title='bbox 3208 3490 3412 3559; x_wconf 75' lang='grc' dir='ltr'>φθοράς</span> 
     </span>
    </p>
   </div>
   <div class='ocr_carea' id='block_1_101' title="bbox 1835 3572 3410 3645">
    <p class='ocr_par' dir='ltr' id='par_1_101' title="bbox 1835 3572 3410 3645">
     <span class='ocr_line' id='line_1_101' title="bbox 1835 3572 3410 3645; baseline 0.003 -21"><span class='ocrx_word' id='word_1_744' title='bbox 1835 3573 2181 3644; x_wconf 85' lang='grc' dir='ltr'>παρεγένετο,</span> <span class='ocrx_word' id='word_1_745' title='bbox 2223 3573 2278 3624; x_wconf 82' lang='grc' dir='ltr'>εἴ</span> <span class='ocrx_word' id='word_1_746' title='bbox 2312 3589 2395 3636; x_wconf 88' lang='grc' dir='ltr'>τις</span> <span class='ocrx_word' id='word_1_747' title='bbox 2424 3572 2642 3645; x_wconf 86' lang='grc' dir='ltr'>λεπροῖς</span> <span class='ocrx_word' id='word_1_748' title='bbox 2684 3574 3012 3643; x_wconf 84' lang='grc' dir='ltr'>συνεγίνετο,</span> <span class='ocrx_word' id='word_1_749' title='bbox 3045 3574 3279 3640; x_wconf 83' lang='grc' dir='ltr'>ἐλούετο,</span> <span class='ocrx_word' id='word_1_750' title='bbox 3316 3580 3410 3630; x_wconf 81' lang='grc' dir='ltr'>καὶ</span> 
     </span>
    </p>
   </div>
   <div class='ocr_carea' id='block_1_102' title="bbox 1835 3659 3407 3738">
    <p class='ocr_par' dir='ltr' id='par_1_102' title="bbox 1835 3659 3407 3738">
     <span class='ocr_line' id='line_1_102' title="bbox 1835 3659 3407 3738; baseline 0.005 -26"><span class='ocrx_word' id='word_1_751' title='bbox 1835 3663 1996 3732; x_wconf 86' lang='grc' dir='ltr'>μέχρι</span> <span class='ocrx_word' id='word_1_752' title='bbox 2023 3664 2122 3732; x_wconf 79' lang='grc' dir='ltr'>τῆς</span> <span class='ocrx_word' id='word_1_753' title='bbox 2155 3662 2393 3734; x_wconf 79' lang='grc' dir='ltr'>ἑσπέρας</span> <span class='ocrx_word' id='word_1_754' title='bbox 2442 3664 2749 3734; x_wconf 77' lang='grc' dir='ltr'>ἀκάθαρτος</span> <span class='ocrx_word' id='word_1_755' title='bbox 2779 3659 2870 3735; x_wconf 77' lang='grc' dir='ltr'>ἦν,</span> <span class='ocrx_word' id='word_1_756' title='bbox 2914 3659 3034 3717; x_wconf 76' lang='grc' dir='ltr'>εἶτα</span> <span class='ocrx_word' id='word_1_757' title='bbox 3067 3664 3407 3738; x_wconf 84' lang='grc' dir='ltr'>ἐκαθαίρετο.</span> 
     </span>
    </p>
   </div>
   <div class='ocr_carea' id='block_1_103' title="bbox 1830 3748 3413 3823">
    <p class='ocr_par' dir='ltr' id='par_1_103' title="bbox 1830 3748 3413 3823">
     <span class='ocr_line' id='line_1_103' title="bbox 1830 3748 3413 3823; baseline 0.003 -21"><span class='ocrx_word' id='word_1_758' title='bbox 1830 3750 2126 3802; x_wconf 85' lang='grc' dir='ltr'>Λούσεται</span> <span class='ocrx_word' id='word_1_759' title='bbox 2162 3748 2271 3818; x_wconf 78' lang='grc' dir='ltr'>γὰρ</span> <span class='ocrx_word' id='word_1_760' title='bbox 2299 3752 2363 3803; x_wconf 85' lang='grc' dir='ltr'>τὸ</span> <span class='ocrx_word' id='word_1_761' title='bbox 2392 3748 2564 3818; x_wconf 86' lang='grc' dir='ltr'>σῶμα</span> <span class='ocrx_word' id='word_1_762' title='bbox 2590 3749 2774 3804; x_wconf 82' lang='grc' dir='ltr'>αὐτοῦ</span> <span class='ocrx_word' id='word_1_763' title='bbox 2803 3751 2975 3804; x_wconf 84' lang='grc' dir='ltr'>ὕδατι</span> <span class='ocrx_word' id='word_1_764' title='bbox 3019 3753 3272 3821; x_wconf 79' lang='grc' dir='ltr'>καθαρῷ,</span> <span class='ocrx_word' id='word_1_765' title='bbox 3306 3771 3413 3823; x_wconf 84' lang='grc' dir='ltr'>φη·-</span> 
     </span>
    </p>
   </div>
   <div class='ocr_carea' id='block_1_104' title="bbox 1834 3836 3407 3904">
    <p class='ocr_par' dir='ltr' id='par_1_104' title="bbox 1834 3836 3407 3904">
     <span class='ocr_line' id='line_1_104' title="bbox 1834 3836 3407 3904; baseline 0.003 -17"><span class='ocrx_word' id='word_1_766' title='bbox 1834 3837 1938 3901; x_wconf 78' lang='grc' dir='ltr'>σὶν,</span> <span class='ocrx_word' id='word_1_767' title='bbox 1974 3837 2072 3890; x_wconf 84' lang='grc' dir='ltr'>καὶ</span> <span class='ocrx_word' id='word_1_768' title='bbox 2113 3837 2445 3903; x_wconf 81' lang='grc' dir='ltr'>ἀκάθαρτος</span> <span class='ocrx_word' id='word_1_769' title='bbox 2483 3837 2653 3889; x_wconf 75' lang='grc' dir='ltr'>ἔσται</span> <span class='ocrx_word' id='word_1_770' title='bbox 2692 3836 2804 3902; x_wconf 77' lang='grc' dir='ltr'>ἕως</span> <span class='ocrx_word' id='word_1_771' title='bbox 2846 3837 3127 3904; x_wconf 82' lang='grc' dir='ltr'>ἑσπέρας,</span> <span class='ocrx_word' id='word_1_772' title='bbox 3166 3838 3265 3890; x_wconf 77' lang='grc' dir='ltr'>καὶ</span> <span class='ocrx_word' id='word_1_773' title='bbox 3297 3855 3407 3892; x_wconf 83' lang='grc' dir='ltr'>κα-</span> 
     </span>
    </p>
   </div>
   <div class='ocr_carea' id='block_1_105' title="bbox 1832 3923 3408 3997">
    <p class='ocr_par' dir='ltr' id='par_1_105' title="bbox 1832 3923 3408 3997">
     <span class='ocr_line' id='line_1_105' title="bbox 1832 3923 3408 3997; baseline 0.001 -19"><span class='ocrx_word' id='word_1_774' title='bbox 1832 3926 2276 3993; x_wconf 76' lang='grc' dir='ltr'>θαρισθήσεται.</span> <span class='ocrx_word' id='word_1_775' title='bbox 2315 3925 2390 3977; x_wconf 83' lang='grc' dir='ltr'>Οὑ</span> <span class='ocrx_word' id='word_1_776' title='bbox 2434 3926 2545 3996; x_wconf 87' lang='grc' dir='ltr'>γὰρ</span> <span class='ocrx_word' id='word_1_777' title='bbox 2574 3924 2788 3994; x_wconf 84' lang='grc' dir='ltr'>ἀληθῶς</span> <span class='ocrx_word' id='word_1_778' title='bbox 2840 3926 3083 3996; x_wconf 88' lang='grc' dir='ltr'>ἁμαρτία</span> <span class='ocrx_word' id='word_1_779' title='bbox 3126 3926 3295 3980; x_wconf 89' lang='grc' dir='ltr'>ταῦτα</span> <span class='ocrx_word' id='word_1_780' title='bbox 3337 3923 3408 3997; x_wconf 79' lang='grc' dir='ltr'>ἦν</span> 
     </span>
    </p>
   </div>
   <div class='ocr_carea' id='block_1_106' title="bbox 1831 4011 3407 4084">
    <p class='ocr_par' dir='ltr' id='par_1_106' title="bbox 1831 4011 3407 4084">
     <span class='ocr_line' id='line_1_106' title="bbox 1831 4011 3407 4084; baseline 0.001 -20"><span class='ocrx_word' id='word_1_781' title='bbox 1831 4013 1954 4065; x_wconf 84' lang='grc' dir='ltr'>οὑδὲ</span> <span class='ocrx_word' id='word_1_782' title='bbox 1991 4012 2322 4084; x_wconf 88' lang='grc' dir='ltr'>ἀκαθαρσία,</span> <span class='ocrx_word' id='word_1_783' title='bbox 2361 4011 2497 4064; x_wconf 87' lang='grc' dir='ltr'>ἀλλά</span> <span class='ocrx_word' id='word_1_784' title='bbox 2531 4012 2915 4082; x_wconf 87' lang='grc' dir='ltr'>ἀτελεστέρους</span> <span class='ocrx_word' id='word_1_785' title='bbox 2967 4013 3125 4075; x_wconf 77' lang='grc' dir='ltr'>ὄντας</span> <span class='ocrx_word' id='word_1_786' title='bbox 3166 4011 3255 4066; x_wconf 88' lang='grc' dir='ltr'>διά</span> <span class='ocrx_word' id='word_1_787' title='bbox 3296 4015 3407 4066; x_wconf 85' lang='grc' dir='ltr'>τῶν</span> 
     </span>
    </p>
   </div>
   <div class='ocr_carea' id='block_1_107' title="bbox 1830 4102 3407 4175">
    <p class='ocr_par' dir='ltr' id='par_1_107' title="bbox 1830 4102 3407 4175">
     <span class='ocr_line' id='line_1_107' title="bbox 1830 4102 3407 4175; baseline 0.003 -22"><span class='ocrx_word' id='word_1_788' title='bbox 1830 4103 2085 4157; x_wconf 85' lang='grc' dir='ltr'>τοιούτων</span> <span class='ocrx_word' id='word_1_789' title='bbox 2115 4103 2282 4156; x_wconf 87' lang='grc' dir='ltr'>ποιῶν</span> <span class='ocrx_word' id='word_1_790' title='bbox 2314 4102 2738 4175; x_wconf 78' lang='grc' dir='ltr'>εὐλαϐεστέρους</span> <span class='ocrx_word' id='word_1_791' title='bbox 2761 4105 2789 4157; x_wconf 88' lang='grc' dir='ltr'>ὁ</span> <span class='ocrx_word' id='word_1_792' title='bbox 2823 4103 2977 4167; x_wconf 86' lang='grc' dir='ltr'>Θεὸς,</span> <span class='ocrx_word' id='word_1_793' title='bbox 3013 4104 3147 4174; x_wconf 86' lang='grc' dir='ltr'>πρὸς</span> <span class='ocrx_word' id='word_1_794' title='bbox 3174 4105 3272 4173; x_wconf 80' lang='grc' dir='ltr'>τὴν</span> <span class='ocrx_word' id='word_1_795' title='bbox 3296 4105 3407 4158; x_wconf 86' lang='grc' dir='ltr'>τῶν</span> 
     </span>
    </p>
   </div>
   <div class='ocr_carea' id='block_1_108' title="bbox 1835 4190 3406 4264">
    <p class='ocr_par' dir='ltr' id='par_1_108' title="bbox 1835 4190 3406 4264">
     <span class='ocr_line' id='line_1_108' title="bbox 1835 4190 3406 4264; baseline 0.002 -22"><span class='ocrx_word' id='word_1_796' title='bbox 1835 4191 2095 4260; x_wconf 79' lang='grc' dir='ltr'>μειζόνων</span> <span class='ocrx_word' id='word_1_797' title='bbox 2136 4195 2516 4264; x_wconf 86' lang='grc' dir='ltr'>παρατήρησιν</span> <span class='ocrx_word' id='word_1_798' title='bbox 2567 4190 2984 4262; x_wconf 83' lang='grc' dir='ltr'>ἀκριϐεστέρους</span> <span class='ocrx_word' id='word_1_799' title='bbox 3029 4190 3233 4243; x_wconf 80' lang='grc' dir='ltr'>ἄνωθεν</span> <span class='ocrx_word' id='word_1_800' title='bbox 3265 4206 3406 4262; x_wconf 83' lang='grc' dir='ltr'>παρ-</span> 
     </span>
    </p>
   </div>
   <div class='ocr_carea' id='block_1_109' title="bbox 1833 4279 2115 4336">
    <p class='ocr_par' dir='ltr' id='par_1_109' title="bbox 1833 4279 2115 4336">
     <span class='ocr_line' id='line_1_109' title="bbox 1833 4279 2115 4336; baseline 0.014 -6"><span class='ocrx_word' id='word_1_801' title='bbox 1833 4279 2115 4336; x_wconf 88' lang='grc' dir='ltr'>εσκεύασε.</span> 
     </span>
    </p>
   </div>
   <div class='ocr_carea' id='block_1_110' title="bbox 1903 4363 3404 4440">
    <p class='ocr_par' dir='ltr' id='par_1_110' title="bbox 1903 4363 3404 4440">
     <span class='ocr_line' id='line_1_110' title="bbox 1903 4363 3404 4440; baseline 0.001 -18"><span class='ocrx_word' id='word_1_802' title='bbox 1903 4369 1974 4437; x_wconf 79' lang='grc' dir='ltr'>γ’.</span> <span class='ocrx_word' id='word_1_803' title='bbox 2003 4370 2076 4422; x_wconf 86' lang='grc' dir='ltr'>Τὸ</span> <span class='ocrx_word' id='word_1_804' title='bbox 2103 4369 2203 4438; x_wconf 79' lang='grc' dir='ltr'>μὲν</span> <span class='ocrx_word' id='word_1_805' title='bbox 2229 4363 2321 4422; x_wconf 79' lang='grc' dir='ltr'>οὖν</span> <span class='ocrx_word' id='word_1_806' title='bbox 2353 4367 2642 4421; x_wconf 78' lang='grc' dir='ltr'>Ἰουδαϊκὸν</span> <span class='ocrx_word' id='word_1_807' title='bbox 2674 4368 2966 4440; x_wconf 86' lang='grc' dir='ltr'>καθάρσιον</span> <span class='ocrx_word' id='word_1_808' title='bbox 2995 4369 3404 4440; x_wconf 85' lang='grc' dir='ltr'>ἁμαρτημάτων</span> 
     </span>
    </p>
   </div>
   <div class='ocr_carea' id='block_1_111' title="bbox 1833 4455 3404 4534">
    <p class='ocr_par' dir='ltr' id='par_1_111' title="bbox 1833 4455 3404 4534">
     <span class='ocr_line' id='line_1_111' title="bbox 1833 4455 3404 4534; baseline -0.003 -20"><span class='ocrx_word' id='word_1_809' title='bbox 1833 4463 1931 4534; x_wconf 81' lang='grc' dir='ltr'>μὲν</span> <span class='ocrx_word' id='word_1_810' title='bbox 1964 4459 2065 4524; x_wconf 87' lang='grc' dir='ltr'>οὑκ</span> <span class='ocrx_word' id='word_1_811' title='bbox 2088 4456 2416 4528; x_wconf 84' lang='grc' dir='ltr'>ἀπήλλαττε,</span> <span class='ocrx_word' id='word_1_812' title='bbox 2447 4455 2631 4524; x_wconf 74' lang='grc' dir='ltr'>ρύπων</span> <span class='ocrx_word' id='word_1_813' title='bbox 2668 4456 2723 4508; x_wconf 77' lang='grc' dir='ltr'>δὲ</span> <span class='ocrx_word' id='word_1_814' title='bbox 2756 4456 3079 4526; x_wconf 81' lang='grc' dir='ltr'>σωματικῶν</span> <span class='ocrx_word' id='word_1_815' title='bbox 3124 4458 3304 4527; x_wconf 85' lang='grc' dir='ltr'>μόνον,</span> <span class='ocrx_word' id='word_1_816' title='bbox 3341 4457 3404 4509; x_wconf 86' lang='grc' dir='ltr'>τὸ</span> 
     </span>
    </p>
   </div>
   <div class='ocr_carea' id='block_1_112' title="bbox 1828 4542 3403 4617">
    <p class='ocr_par' dir='ltr' id='par_1_112' title="bbox 1828 4542 3403 4617">
     <span class='ocr_line' id='line_1_112' title="bbox 1828 4542 3403 4617; baseline -0.002 -15"><span class='ocrx_word' id='word_1_817' title='bbox 1828 4548 1885 4602; x_wconf 82' lang='grc' dir='ltr'>δὲ</span> <span class='ocrx_word' id='word_1_818' title='bbox 1932 4547 2201 4617; x_wconf 73' lang='grc' dir='ltr'>ἡμέτερον</span> <span class='ocrx_word' id='word_1_819' title='bbox 2253 4546 2314 4596; x_wconf 87' lang='grc' dir='ltr'>οὑ</span> <span class='ocrx_word' id='word_1_820' title='bbox 2360 4542 2621 4610; x_wconf 85' lang='grc' dir='ltr'>τοιοῦτον,</span> <span class='ocrx_word' id='word_1_821' title='bbox 2665 4544 2801 4596; x_wconf 88' lang='grc' dir='ltr'>ἀλλά</span> <span class='ocrx_word' id='word_1_822' title='bbox 2849 4545 3028 4617; x_wconf 77' lang='grc' dir='ltr'>πολλῶ</span> <span class='ocrx_word' id='word_1_823' title='bbox 3083 4546 3264 4617; x_wconf 75' lang='grc' dir='ltr'>μεῖζον</span> <span class='ocrx_word' id='word_1_824' title='bbox 3308 4546 3403 4599; x_wconf 73' lang='grc' dir='ltr'>καὶ</span> 
     </span>
    </p>
   </div>
   <div class='ocr_carea' id='block_1_113' title="bbox 1830 4629 3404 4705">
    <p class='ocr_par' dir='ltr' id='par_1_113' title="bbox 1830 4629 3404 4705">
     <span class='ocr_line' id='line_1_113' title="bbox 1830 4629 3404 4705; baseline -0.01 -15"><span class='ocrx_word' id='word_1_825' title='bbox 1830 4636 2027 4705; x_wconf 75' lang='grc' dir='ltr'>πολλῆς</span> <span class='ocrx_word' id='word_1_826' title='bbox 2063 4633 2233 4702; x_wconf 89' lang='grc' dir='ltr'>γέμον</span> <span class='ocrx_word' id='word_1_827' title='bbox 2267 4631 2485 4701; x_wconf 84' lang='grc' dir='ltr'>χάριτος</span> <span class='ocrx_word' id='word_1_828' title='bbox 2506 4646 2519 4659; x_wconf 91' lang='grc'><strong>·</strong></span> <span class='ocrx_word' id='word_1_829' title='bbox 2552 4629 2775 4702; x_wconf 72' lang='grc' dir='ltr'>καὶγὰρ</span> <span class='ocrx_word' id='word_1_830' title='bbox 2803 4632 3211 4704; x_wconf 78' lang='grc' dir='ltr'>ἁμαρτημάτων</span> <span class='ocrx_word' id='word_1_831' title='bbox 3234 4634 3404 4688; x_wconf 80' lang='grc' dir='ltr'>ἀπαλ.</span> 
     </span>
    </p>
   </div>
   <div class='ocr_carea' id='block_1_114' title="bbox 1829 4718 3402 4789">
    <p class='ocr_par' dir='ltr' id='par_1_114' title="bbox 1829 4718 3402 4789">
     <span class='ocr_line' id='line_1_114' title="bbox 1829 4718 3402 4789; baseline -0.002 -11"><span class='ocrx_word' id='word_1_832' title='bbox 1829 4725 2031 4784; x_wconf 89' lang='grc' dir='ltr'>λάττει,</span> <span class='ocrx_word' id='word_1_833' title='bbox 2059 4720 2154 4773; x_wconf 73' lang='grc' dir='ltr'>καὶ</span> <span class='ocrx_word' id='word_1_834' title='bbox 2181 4718 2354 4787; x_wconf 77' lang='grc' dir='ltr'>ψυχὴν</span> <span class='ocrx_word' id='word_1_835' title='bbox 2381 4718 2710 4789; x_wconf 84' lang='grc' dir='ltr'>ἀποσμήχει,</span> <span class='ocrx_word' id='word_1_836' title='bbox 2748 4720 2841 4772; x_wconf 76' lang='grc' dir='ltr'>καὶ</span> <span class='ocrx_word' id='word_1_837' title='bbox 2870 4720 3183 4789; x_wconf 88' lang='grc' dir='ltr'>Πνεύματος</span> <span class='ocrx_word' id='word_1_838' title='bbox 3222 4720 3402 4777; x_wconf 78' lang='grc' dir='ltr'>δίδωσι</span> 
     </span>
    </p>
   </div>
   <div class='ocr_carea' id='block_1_115' title="bbox 1830 4802 3399 4883">
    <p class='ocr_par' dir='ltr' id='par_1_115' title="bbox 1830 4802 3399 4883">
     <span class='ocr_line' id='line_1_115' title="bbox 1830 4802 3399 4883; baseline 0.006 -27"><span class='ocrx_word' id='word_1_839' title='bbox 1830 4809 2114 4883; x_wconf 81' lang='grc' dir='ltr'>χορηγίαν.</span> <span class='ocrx_word' id='word_1_840' title='bbox 2158 4805 2231 4856; x_wconf 85' lang='grc' dir='ltr'>Τὸ</span> <span class='ocrx_word' id='word_1_841' title='bbox 2289 4802 2347 4855; x_wconf 89' lang='grc' dir='ltr'>δέ</span> <span class='ocrx_word' id='word_1_842' title='bbox 2394 4803 2486 4857; x_wconf 88' lang='grc' dir='ltr'>τοῦ</span> <span class='ocrx_word' id='word_1_843' title='bbox 2525 4806 2769 4858; x_wconf 85' lang='grc' dir='ltr'>Ἰωάννου</span> <span class='ocrx_word' id='word_1_844' title='bbox 2836 4807 2927 4860; x_wconf 88' lang='grc' dir='ltr'>τοῦ</span> <span class='ocrx_word' id='word_1_845' title='bbox 2976 4809 3073 4878; x_wconf 84' lang='grc' dir='ltr'>μὲν</span> <span class='ocrx_word' id='word_1_846' title='bbox 3111 4808 3399 4866; x_wconf 76' lang='grc' dir='ltr'>Ἰουδαϊκοῦ</span> 
     </span>
    </p>
   </div>
   <div class='ocr_carea' id='block_1_116' title="bbox 1831 4888 3398 4971">
    <p class='ocr_par' dir='ltr' id='par_1_116' title="bbox 1831 4888 3398 4971">
     <span class='ocr_line' id='line_1_116' title="bbox 1831 4888 3398 4971; baseline 0.001 -21"><span class='ocrx_word' id='word_1_847' title='bbox 1831 4897 2035 4967; x_wconf 89' lang='grc' dir='ltr'>σφόδρα</span> <span class='ocrx_word' id='word_1_848' title='bbox 2063 4891 2390 4964; x_wconf 71' lang='grc' dir='ltr'>ὑψηλότερον</span> <span class='ocrx_word' id='word_1_849' title='bbox 2413 4888 2500 4964; x_wconf 82' lang='grc' dir='ltr'>ἦν,</span> <span class='ocrx_word' id='word_1_850' title='bbox 2524 4892 2614 4945; x_wconf 85' lang='grc' dir='ltr'>τοῦ</span> <span class='ocrx_word' id='word_1_851' title='bbox 2635 4892 2692 4945; x_wconf 86' lang='grc' dir='ltr'>δέ</span> <span class='ocrx_word' id='word_1_852' title='bbox 2714 4896 2980 4965; x_wconf 80' lang='grc' dir='ltr'>ἡμετέρου</span> <span class='ocrx_word' id='word_1_853' title='bbox 3000 4898 3398 4971; x_wconf 85' lang='grc' dir='ltr'>ταπεινότερον,</span> 
     </span>
    </p>
   </div>
   <div class='ocr_carea' id='block_1_117' title="bbox 1829 4978 3401 5057">
    <p class='ocr_par' dir='ltr' id='par_1_117' title="bbox 1829 4978 3401 5057">
     <span class='ocr_line' id='line_1_117' title="bbox 1829 4978 3401 5057; baseline 0.003 -19"><span class='ocrx_word' id='word_1_854' title='bbox 1829 4983 2079 5054; x_wconf 88' lang='grc' dir='ltr'>καθάπερ</span> <span class='ocrx_word' id='word_1_855' title='bbox 2104 4979 2320 5050; x_wconf 85' lang='grc' dir='ltr'>γέφυρά</span> <span class='ocrx_word' id='word_1_856' title='bbox 2343 4994 2426 5042; x_wconf 86' lang='grc' dir='ltr'>τις</span> <span class='ocrx_word' id='word_1_857' title='bbox 2452 4978 2511 5033; x_wconf 78' lang='grc' dir='ltr'>ὃν</span> <span class='ocrx_word' id='word_1_858' title='bbox 2535 4982 2807 5051; x_wconf 76' lang='grc' dir='ltr'>ἑκατέρων</span> <span class='ocrx_word' id='word_1_859' title='bbox 2837 4984 3041 5037; x_wconf 74' lang='grc' dir='ltr'>τούτων</span> <span class='ocrx_word' id='word_1_860' title='bbox 3066 4987 3172 5039; x_wconf 89' lang='grc' dir='ltr'>τῶν</span> <span class='ocrx_word' id='word_1_861' title='bbox 3209 4988 3401 5057; x_wconf 79' lang='grc' dir='ltr'>βαπτι-</span> 
     </span>
    </p>
   </div>
   <div class='ocr_carea' id='block_1_118' title="bbox 1831 5068 3402 5145">
    <p class='ocr_par' dir='ltr' id='par_1_118' title="bbox 1831 5068 3402 5145">
     <span class='ocr_line' id='line_1_118' title="bbox 1831 5068 3402 5145; baseline 0.004 -23"><span class='ocrx_word' id='word_1_862' title='bbox 1831 5073 2075 5143; x_wconf 84' lang='grc' dir='ltr'>σμάτων,</span> <span class='ocrx_word' id='word_1_863' title='bbox 2103 5068 2197 5122; x_wconf 86' lang='grc' dir='ltr'>ἀπ’</span> <span class='ocrx_word' id='word_1_864' title='bbox 2218 5068 2438 5124; x_wconf 88' lang='grc' dir='ltr'>ἀκείνου</span> <span class='ocrx_word' id='word_1_865' title='bbox 2462 5068 2596 5139; x_wconf 82' lang='grc' dir='ltr'>πρὸς</span> <span class='ocrx_word' id='word_1_866' title='bbox 2627 5068 2784 5122; x_wconf 82' lang='grc' dir='ltr'>τοῦτο</span> <span class='ocrx_word' id='word_1_867' title='bbox 2811 5069 2877 5122; x_wconf 85' lang='grc' dir='ltr'>δι’</span> <span class='ocrx_word' id='word_1_868' title='bbox 2906 5072 3097 5125; x_wconf 79' lang='grc' dir='ltr'>ἑαυτοῦ</span> <span class='ocrx_word' id='word_1_869' title='bbox 3135 5091 3402 5145; x_wconf 78' lang='grc' dir='ltr'>χειραγω-</span> 
     </span>
    </p>
   </div>
   <div class='ocr_carea' id='block_1_119' title="bbox 1828 5156 3400 5231">
    <p class='ocr_par' dir='ltr' id='par_1_119' title="bbox 1828 5156 3400 5231">
     <span class='ocr_line' id='line_1_119' title="bbox 1828 5156 3400 5231; baseline 0.001 -18"><span class='ocrx_word' id='word_1_870' title='bbox 1828 5160 1986 5231; x_wconf 87' lang='grc' dir='ltr'>γοῦν·</span> <span class='ocrx_word' id='word_1_871' title='bbox 2023 5159 2083 5210; x_wconf 85' lang='grc' dir='ltr'>οὑ</span> <span class='ocrx_word' id='word_1_872' title='bbox 2121 5156 2230 5227; x_wconf 86' lang='grc' dir='ltr'>γὰρ</span> <span class='ocrx_word' id='word_1_873' title='bbox 2258 5156 2323 5226; x_wconf 85' lang='grc' dir='ltr'>δὴ</span> <span class='ocrx_word' id='word_1_874' title='bbox 2357 5157 2435 5217; x_wconf 77' lang='grc' dir='ltr'>εἰς</span> <span class='ocrx_word' id='word_1_875' title='bbox 2466 5159 2845 5228; x_wconf 71' lang='grc' dir='ltr'>παρατήρησιν</span> <span class='ocrx_word' id='word_1_876' title='bbox 2886 5160 3183 5230; x_wconf 83' lang='grc' dir='ltr'>καθαρμῶν</span> <span class='ocrx_word' id='word_1_877' title='bbox 3216 5180 3400 5231; x_wconf 81' lang='grc' dir='ltr'>σωμα-</span> 
     </span>
    </p>
   </div>
   <div class='ocr_carea' id='block_1_120' title="bbox 1827 5244 3396 5320">
    <p class='ocr_par' dir='ltr' id='par_1_120' title="bbox 1827 5244 3396 5320">
     <span class='ocr_line' id='line_1_120' title="bbox 1827 5244 3396 5320; baseline 0 -17"><span class='ocrx_word' id='word_1_878' title='bbox 1827 5248 1994 5303; x_wconf 87' lang='grc' dir='ltr'>τικῶν</span> <span class='ocrx_word' id='word_1_879' title='bbox 2022 5246 2216 5308; x_wconf 79' lang='grc' dir='ltr'>αὐτοὺς</span> <span class='ocrx_word' id='word_1_880' title='bbox 2250 5244 2464 5313; x_wconf 82' lang='grc' dir='ltr'>ἐνῆγεν,</span> <span class='ocrx_word' id='word_1_881' title='bbox 2506 5244 2619 5297; x_wconf 83' lang='grc' dir='ltr'>ἀλλ’</span> <span class='ocrx_word' id='word_1_882' title='bbox 2654 5247 2967 5317; x_wconf 84' lang='grc' dir='ltr'>ἁποστῆσαν</span> <span class='ocrx_word' id='word_1_883' title='bbox 3002 5249 3224 5301; x_wconf 89' lang='grc' dir='ltr'>ἐκείνων</span> <span class='ocrx_word' id='word_1_884' title='bbox 3253 5267 3396 5320; x_wconf 88' lang='grc' dir='ltr'>παρ-</span> 
     </span>
    </p>
   </div>
   <div class='ocr_carea' id='block_1_121' title="bbox 1827 5332 3399 5409">
    <p class='ocr_par' dir='ltr' id='par_1_121' title="bbox 1827 5332 3399 5409">
     <span class='ocr_line' id='line_1_121' title="bbox 1827 5332 3399 5409; baseline 0.001 -20"><span class='ocrx_word' id='word_1_885' title='bbox 1827 5339 1945 5409; x_wconf 82' lang='grc' dir='ltr'>ῄνει</span> <span class='ocrx_word' id='word_1_886' title='bbox 1994 5337 2088 5389; x_wconf 75' lang='grc' dir='ltr'>καὶ</span> <span class='ocrx_word' id='word_1_887' title='bbox 2148 5332 2497 5386; x_wconf 83' lang='grc' dir='ltr'>συνεϐούλευε</span> <span class='ocrx_word' id='word_1_888' title='bbox 2553 5333 2875 5401; x_wconf 89' lang='grc' dir='ltr'>μεταϐαλεῖν</span> <span class='ocrx_word' id='word_1_889' title='bbox 2923 5336 3030 5388; x_wconf 78' lang='grc' dir='ltr'>ἀπὸ</span> <span class='ocrx_word' id='word_1_890' title='bbox 3080 5335 3277 5400; x_wconf 82' lang='grc' dir='ltr'>κακίας</span> <span class='ocrx_word' id='word_1_891' title='bbox 3320 5340 3399 5401; x_wconf 89' lang='grc' dir='ltr'>εἰς</span> 
     </span>
    </p>
   </div>
   <div class='ocr_carea' id='block_1_122' title="bbox 1828 5421 3400 5496">
    <p class='ocr_par' dir='ltr' id='par_1_122' title="bbox 1828 5421 3400 5496">
     <span class='ocr_line' id='line_1_122' title="bbox 1828 5421 3400 5496; baseline 0.001 -19"><span class='ocrx_word' id='word_1_892' title='bbox 1828 5424 2047 5496; x_wconf 86' lang='grc' dir='ltr'>ἀρετὴν,</span> <span class='ocrx_word' id='word_1_893' title='bbox 2098 5422 2190 5476; x_wconf 76' lang='grc' dir='ltr'>καὶ</span> <span class='ocrx_word' id='word_1_894' title='bbox 2235 5424 2292 5474; x_wconf 82' lang='grc' dir='ltr'>ἐν</span> <span class='ocrx_word' id='word_1_895' title='bbox 2341 5424 2450 5484; x_wconf 84' lang='grc' dir='ltr'>τοῖς</span> <span class='ocrx_word' id='word_1_896' title='bbox 2493 5421 2601 5473; x_wconf 86' lang='grc' dir='ltr'>τῶν</span> <span class='ocrx_word' id='word_1_897' title='bbox 2646 5422 2822 5492; x_wconf 79' lang='grc' dir='ltr'>ἔργων</span> <span class='ocrx_word' id='word_1_898' title='bbox 2864 5423 3249 5494; x_wconf 85' lang='grc' dir='ltr'>κατορθώμασι</span> <span class='ocrx_word' id='word_1_899' title='bbox 3302 5424 3400 5486; x_wconf 81' lang='grc' dir='ltr'>τάς</span> 
     </span>
    </p>
   </div>
   <div class='ocr_carea' id='block_1_123' title="bbox 1827 5509 3401 5582">
    <p class='ocr_par' dir='ltr' id='par_1_123' title="bbox 1827 5509 3401 5582">
     <span class='ocr_line' id='line_1_123' title="bbox 1827 5509 3401 5582; baseline -0.006 -16"><span class='ocrx_word' id='word_1_900' title='bbox 1827 5514 2044 5575; x_wconf 82' lang='grc' dir='ltr'>ἐλπίδας</span> <span class='ocrx_word' id='word_1_901' title='bbox 2075 5513 2172 5582; x_wconf 79' lang='grc' dir='ltr'>τῆς</span> <span class='ocrx_word' id='word_1_902' title='bbox 2212 5510 2483 5582; x_wconf 83' lang='grc' dir='ltr'>σωτηρίας</span> <span class='ocrx_word' id='word_1_903' title='bbox 2509 5509 2672 5580; x_wconf 78' lang='grc' dir='ltr'>ἔχειν,</span> <span class='ocrx_word' id='word_1_904' title='bbox 2702 5513 2803 5565; x_wconf 84' lang='grc' dir='ltr'>οὑκ</span> <span class='ocrx_word' id='word_1_905' title='bbox 2831 5514 2886 5565; x_wconf 82' lang='grc' dir='ltr'>ἐν</span> <span class='ocrx_word' id='word_1_906' title='bbox 2927 5512 3254 5582; x_wconf 82' lang='grc' dir='ltr'>βαπτισμοῖς</span> <span class='ocrx_word' id='word_1_907' title='bbox 3286 5514 3401 5568; x_wconf 75' lang='grc' dir='ltr'>δια.</span> 
     </span>
    </p>
   </div>
   <div class='ocr_carea' id='block_1_124' title="bbox 1888 5711 2959 5778">
    <p class='ocr_par' dir='ltr' id='par_1_124' title="bbox 1888 5711 2959 5778">
     <span class='ocr_line' id='line_1_124' title="bbox 1888 5711 2959 5778; baseline -0.001 -15"><span class='ocrx_word' id='word_1_908' title='bbox 1888 5711 1918 5752; x_wconf 77' lang='grc'>1³</span> <span class='ocrx_word' id='word_1_909' title='bbox 1942 5712 2051 5763; x_wconf 88' lang='lat' dir='ltr'>Duo</span> <span class='ocrx_word' id='word_1_910' title='bbox 2079 5726 2192 5765; x_wconf 65' lang='grc' dir='ltr'>ωδε.</span> <span class='ocrx_word' id='word_1_911' title='bbox 2220 5713 2504 5764; x_wconf 76' lang='grc' dir='ltr'>καταϐαῖνον</span> <span class='ocrx_word' id='word_1_912' title='bbox 2527 5713 2644 5764; x_wconf 77' lang='grc' dir='ltr'>ὡσεὶ</span> <span class='ocrx_word' id='word_1_913' title='bbox 2654 5714 2959 5778; x_wconf 54' lang='grc' dir='ltr'>περιστεράν.</span> 
     </span>
    </p>
   </div>
  </div>
