3906 6224
485 280 596 339 367

481 401 669 472 φόροις
695 396 788 453 καὶ
814 395 1116 468 καθαρμοῖς
1150 396 1376 450 ὑδάτων.
1408 396 1484 449 O6
1514 395 1622 467 7&9
1647 395 1823 463 ἔλεγε·
1853 392 2060 447 Πλῦνον

478 483 550 538 τά
593 480 785 553 ἱμάτιά
839 497 954 542 σου,
997 480 1091 532 καὶ
1128 477 1319 533 λοῦσον
1348 477 1409 532 τὸ
1450 477 1611 549 σῶμά
1664 495 1778 541 σου,
1827 477 1922 532 καὶ
1963 475 2062 548 έσῃ

480 565 748 637 καθαρός·
793 563 929 617 άλλὰ
974 562 1056 627 τί;
1111 560 1411 628 Ποιήσατε
1457 560 1692 629 καρπὸν
1736 559 1911 624 ἄξιον
1954 556 2062 626 τῆς

474 648 816 719 μετανοίας.
848 645 957 698 Καὶ
988 643 1127 698 κατὰ
1161 642 1319 697 τοῦτο
1345 643 1676 715 ὑψηλότερον
1708 638 1776 714 ἦν
1804 641 1900 695 τοῦ
1934 642 2065 694 Ἰου-

479 730 691 795 δαῖκοῦ,
718 728 812 783 τοῦ
840 727 896 781 δὲ
924 726 1194 799 ἡμετέρου
1239 727 1621 800 ταπεινότερον
1644 743 1655 756 ·
1690 725 1877 796 ἐπειδὴ
1924 727 2064 796 μήτε

482 812 709 883 Πνεῦμα
741 811 895 880 ἅγιον
947 810 1119 864 ἐδίδου
1151 809 1212 863 τὸ
1273 809 1560 881 βάπτισμα
1609 808 1879 873 Ἰωάννου,
1926 809 2062 878 μήτε

481 897 579 968 τὴν
609 894 697 948 διά
724 895 824 965 τῆς
856 892 1078 966 χάριτος
1108 895 1335 965 παρεῖχε
1363 891 1743 965 συγχώρησιν·
1784 894 2064 962 μετανοεῖν

480 979 589 1050 γὰρ
626 976 895 1041 ἐκέλευεν,
935 977 1037 1031 οὐκ
1072 976 1293 1047 ἀφιέναι
1346 976 1537 1049 κύριος
1587 971 1677 1047 ἦν.
1720 975 1920 1043 Διόπερ
1968 972 2063 1027 καὶ

479 1062 693 1132 ἔλεγεν·
736 1060 875 1131 Ἐγὼ
909 1059 1027 1131 μὲν
1066 1060 1224 1129 ὑμᾶς
1250 1056 1516 1125 βαπτίζω
1539 1058 1611 1113 ἐν
1640 1057 1812 1112 ὕδατι
1838 1070 1888 1122 ι,
1916 1055 2064 1110 ἐκεῖ·

479 1161 588 1211 νος
629 1142 699 1198 δὲ
752 1142 909 1213 ὑμᾶς
951 1142 1243 1207 βαπτίσει
1295 1142 1365 1196 ἐν
1419 1142 1721 1211 Πνεύματι
1769 1140 1916 1211 ἁγίῳ
1965 1138 2065 1195 καὶ

480 1228 644 1296 πυρί.
674 1226 923 1298 Δηλονότι
969 1226 1129 1288 αὐτὸς
1155 1226 1256 1279 οὐκ
1293 1224 1553 1288 ἐδάπτιζε
1586 1224 1885 1297 Πνεύματι.
1913 1223 1979 1276 Τί
2005 1221 2065 1275 δέ

479 1313 651 1373 ἐστιν,
692 1311 790 1365 Ἐν
817 1310 1119 1378 Πνεύματι
1143 1308 1290 1378 ἁγίῳ
1316 1308 1414 1361 καί
1449 1308 1595 1376 πυρί
1607 1323 1627 1371 ;
1665 1305 2066 1378 Ἀναμνήσθητί

483 1410 576 1465 μοι
614 1392 714 1464 τῆς
739 1390 951 1464 ἡμέρας
984 1391 1217 1462 ἐκείνης,
1250 1389 1370 1442 καθ’
1408 1391 1476 1462 ἣν
1502 1388 1766 1460 ὤφθησαν
1794 1392 1905 1452 τοῖς
1932 1389 2066 1442 ἀπο-

482 1476 691 1540 στόλοις
744 1473 1190 1546 διαμεριζόμεναι
1237 1473 1481 1542 γλῶσσαι
1528 1473 1656 1527 ὼσεδ
1714 1473 1917 1545 πυρὸς,
1970 1472 2066 1526 καὶ

480 1559 733 1614 ἐκάθισεν
778 1559 862 1629 ἐφ’
902 1558 1000 1612 ἕνα
1036 1558 1268 1611 ’ἑκαστον
1305 1554 1456 1628 [571]
1489 1555 1691 1611 αὐτῶν.
1737 1556 1845 1611 Καὶ
1876 1557 1959 1609 ὅτι
2003 1554 2067 1608 τὸ

482 1642 766 1715 βάπτισμα
797 1641 1041 1696 Ἰωάννου
1087 1639 1276 1702 ἀτελὲς
1322 1634 1414 1709 ἦν,
1454 1637 1579 1693 οὔτε
1612 1639 1930 1710 Πνεύματος
1978 1655 2068 1709 χο-

484 1726 685 1800 ρηγίαν
719 1726 867 1797 ἔχον,
906 1724 1031 1778 οὔτε
1062 1723 1473 1795 ἁμαρτημάτων
1506 1722 1719 1791 ἄφεσιν,
1742 1720 1900 1792 δῆλον
1933 1721 2069 1773 ἐκεῖ·

484 1809 608 1864 θεν·
639 1810 829 1882 Εὐρὼν
859 1809 968 1881 γάρ
996 1825 1146 1872 τινας
1201 1806 1446 1878 μαθητὰς
1473 1807 1502 1859 6
1536 1804 1744 1868 Παῦλός
1772 1821 1903 1875 φησι
1931 1802 2069 1876 πρὸς

482 1894 702 1958 αὐτοὺς,
728 1895 800 1947 ει
836 1892 1079 1961 Πνεῦμα
1112 1889 1284 1959 ἅγιον
1313 1886 1559 1943 ἐλάϐετε
1591 1889 2068 1952 πιστεύσαντες;

487 1980 553 2031 οι
593 1976 660 2030 δὲ
692 1973 867 2030 εἷπον
914 1976 1064 2044 πρὸς
1110 1975 1327 2029 αὐτόν·
1366 1972 1529 2028 Ἀλλ’
1550 1970 1693 2026 οὐδὲ
1730 1974 1784 2025 εί
1825 1970 2071 2040 Πνεῦμα

483 2060 657 2130 ἅγιόν
700 2059 870 2113 ἐστιν
905 2058 1279 2128 ἠκούσαμεν.
1320 2052 1471 2111 ΕΙπέ
1501 2071 1568 2109 τε
1610 2053 1761 2122 πρὸς
1811 2054 2067 2120 αὐτούς·

485 2141 589 2209 Εἰς
636 2142 696 2194 τί
743 2136 860 2196 οὖν
905 2140 1338 2209 ἐϐαπτίσθητε;
1383 2141 1449 2193 Ol
1513 2136 1583 2191 δὲ
1633 2137 1833 2191 εἷπον·
1872 2137 1975 2201 Εἰς
2002 2135 2071 2190 τὸ

496 2224 768 2281 Ἰωάννου
807 2222 1143 2293 βάπτισμα.
1192 2219 1340 2279 Εἷπε
1382 2221 1454 2275 δὲ
1494 2221 1757 2286 Παῦλος·
1798 2218 2073 2288 Ἰωάννης

482 2309 598 2379 μὲν
640 2308 925 2363 ἐϐάπτισε
968 2308 1285 2375 βάπτισμα
1336 2304 1657 2375 μετανοίας
1677 2322 1691 2336 ·
1750 2304 2036 2375 μετανοίας
2052 2342 2069 2367 ,

485 2395 588 2447 οὐκ
629 2391 899 2463 ἀφέσεως.
935 2390 1047 2444 Καὶ
1077 2391 1222 2454 τίνος
1251 2389 1438 2443 ἕνεκεν
1473 2387 1794 2454 ἐδάπτισεν;
1833 2386 1919 2453 Τῷ
1942 2387 2073 2453 λαῷ

483 2476 699 2545 λέγων·
739 2477 846 2541 Εἰς
897 2473 1006 2527 τὸν
1049 2473 1378 2543 ἐρχόμενον
1417 2472 1544 2541 μετ’
1590 2470 1778 2525 αὑτὸν
1817 2470 1918 2524 ἵνα
1974 2484 2070 2523 πι-

482 2557 827 2622 στεύσωσι,
872 2556 1030 2611 τοῦτ’
1067 2556 1261 2621 ἔστιν,
1292 2558 1381 2622 είς
1423 2554 1532 2609 τὸν
1561 2554 1781 2623 Κύριον
1817 2553 2071 2622 Ἰησοῦν.

486 2640 598 2696 Καὶ
633 2641 1010 2705 ἀκούσαντες
1037 2640 1491 2708 ἐϐαπτίσθησαν
1521 2640 1609 2705 είς
1650 2638 1717 2692 τὸ
1747 2638 1934 2708 ὄνομα
1966 2637 2073 2692 τοῦ

484 2724 708 2793 Κυρίου
745 2723 961 2793 Ἰησοῦ.
989 2722 1100 2776 Καὶ
1127 2721 1434 2789 ἐπιθέντος
1463 2722 1670 2789 αὐτοῖς
1696 2723 1802 2777 τοῦ
1828 2723 2074 2778 Παύλου

484 2806 594 2874 τὰς
631 2806 855 2876 χεῖρας,
906 2803 1056 2877 ἦλθε
1100 2805 1166 2859 τὸ
1218 2804 1462 2874 Πνεῦμα
1505 2805 1573 2858 τὸ
1623 2805 1794 2875 ἅγιον
1844 2807 1938 2858 ἐπ’
1967 2807 2075 2860 αύ-

486 2892 649 2957 τούς.
686 2887 839 2954 Εἶδες
882 2889 1000 2954 πῶς
1039 2888 1227 2952 ἀτελὲς
1256 2884 1325 2960 ἦν
1370 2890 1431 2943 τὸ
1469 2888 1715 2942 Ἰωάννου
1750 2886 2071 2960 βάπτισμα;

486 2974 551 3028 Εἰ
575 2973 683 3046 γὰρ
715 2973 788 3046 μὴ
813 2971 880 3045 ἦν
902 2973 1111 3038 ἀτελὲς,
1135 2974 1237 3027 οὐκ
1262 2973 1328 3028 ἂν
1350 2973 1549 3037 αὐτοὺς
1572 2971 1736 3027 πάλιν
1778 2972 2075 3026 ἐϐάπτισεν

486 3059 517 3111 6
556 3057 789 3123 Παῦλος,
829 3059 929 3112 οὐκ
964 3058 1030 3113 ἂν
1075 3059 1260 3122 αὐτοῖς
1289 3059 1389 3123 τὰς
1420 3061 1611 3130 χεῖρας
1649 3056 1918 3128 ἐπέθηκε·
1958 3057 2076 3111 νυνὶ

485 3140 544 3194 δὲ
582 3140 871 3212 ἀμφότερα
904 3142 1079 3196 ταῦτα
1106 3143 1360 3213 ποιήσας,
1392 3142 1629 3213 ἐδήλωσε
1658 3141 1760 3215 τὴν
1800 3139 2076 3212 ὑπεροχὴν

484 3225 581 3279 τοῦ
631 3224 1007 3296 βαπτίσματος
1056 3226 1151 3280 τοῦ
1212 3226 1594 3287 ἁποστολικοῦ,
1638 3226 1732 3279 καὶ
1780 3226 1860 3278 ὅτι
1902 3227 2078 3278 έκεῖνο

484 3307 678 3363 τούτου
710 3308 846 3362 πολὺ
880 3308 1190 3381 κατώτερον
1227 3306 1316 3380 ἦν.
1358 3310 1520 3363 Ἀλλά
1563 3311 1664 3382 τὴν
1700 3309 1799 3378 μὲν
1838 3308 1947 3361 τῶν
1982 3306 2078 3378 βα-

487 3393 809 3465 πτισμάτων
847 3393 1112 3464 διαφοράν
1153 3395 1217 3448 ἐκ
1248 3392 1452 3448 τούτων
1490 3392 1800 3464 ἐμάθομεν·
1847 3391 1988 3455 τίνος
2018 3390 2076 3445 δὲ

486 3477 672 3531 ἕνεκεν
712 3479 741 3531 6
770 3478 1004 3548 Χριστὸς
1054 3476 1396 3547 βαπτίζεται,
1429 3476 1526 3530 καὶ
1571 3479 1722 3529 ποῖον
1771 3474 2075 3545 βάπτισμα,

486 3559 675 3613 λοιπὸν
714 3561 1012 3627 ἀναγκαῖον
1040 3563 1236 3614 εἰπεῖν.
1262 3558 1400 3612 Οῦτε
1426 3559 1487 3612 τὸ
1529 3559 1817 3614 Ἰουδαϊκὸν
1843 3559 1905 3611 τὸ
1943 3560 2079 3630 πρό-

486 3661 666 3710 τερον,
695 3641 818 3695 οὔτε
850 3643 914 3695 τὸ
957 3643 1225 3714 ἡμέτερον
1267 3643 1328 3697 τὸ
1370 3642 1512 3713 μετὰ
1554 3642 1764 3696 ταῦτα·
1800 3641 1925 3697 οὔτε
1968 3641 2076 3715 7&9

490 3726 906 3797 ἁμαρτημάτων
936 3728 1336 3797 συγχωρήσεως
1375 3726 1578 3779 ἐδεῖτο·
1610 3725 1729 3789 πῶς
1773 3725 1880 3798 γάρ
1914 3728 1943 3780 6
1972 3742 2079 3796 μη-

488 3809 682 3881 δεμίαν
719 3808 991 3881 ἁμαρτίαν
1021 3809 1192 3879 ἔχωνς
1235 3809 1544 3878 Ἀμαρτίαν
1574 3808 1704 3879 γὰρ,
1742 3809 1926 3879 φησὶν,
1966 3810 2079 3864 οὐκ

488 3893 804 3962 ἐποίησεν,
836 3892 980 3947 οὐδὲ
1009 3892 1222 3961 εὑρέθη
1252 3891 1434 3959 δόλος
1467 3893 1539 3947 ἐν
1565 3891 1644 3958 τῷ
1675 3893 1929 3963 στόματι
1976 3894 2081 3948 αὐ·-

489 3977 628 4033 τοῦ·
661 3977 757 4031 καὶ
814 3976 998 4041 πάλιν,
1051 3977 1148 4043 Τίς
1192 3975 1261 4041 ἐξ
1311 3975 1479 4047 ὑμῶν
1529 3976 1766 4048 ἐλέγχει
1815 3992 1892 4046 με
1944 3975 2080 4044 περὶ

488 4061 813 4134 άμαρτίας;
860 4059 999 4115 υῦτε
1051 4059 1370 4131 Πνεύματος
1421 4060 1651 4132 ἄμοιρος
1701 4055 1770 4130 ἦν
1812 4059 1993 4130 ἐκείνη
2041 4061 2075 4131 ἡ

493 4145 656 4217 σάρξ·
688 4144 806 4207 πῶς
830 4145 940 4217 7&9
965 4145 1030 4199 ἂν
1056 4147 1090 4216 ἡ
1118 4147 1182 4198 ἐκ
1211 4144 1531 4216 Πνεύματος
1553 4143 1712 4212 ἁγίου
1737 4159 2080 4197 κατασκευα-

494 4231 682 4283 σθεῖσα
710 4228 808 4299 τὴν
839 4229 1050 4299 άρχήν;
1086 4229 1149 4282 El
1187 4228 1365 4283 τοίνυν
1413 4230 1551 4299 μήτε
1576 4227 1891 4298 Πνεύματος
1921 4227 2076 4296 ἁγίου

491 4311 718 4383 ἄμοιρος
744 4306 810 4382 ἦν
835 4312 869 4381 η
905 4311 1042 4384 σάρξ
1082 4311 1284 4383 ἐκείνη,
1325 4313 1463 4382 μήτε
1494 4312 1887 4381 ἁμαρτήμασιν
1915 4309 2082 4364 ὑπεύ-

493 4400 671 4462 θυνος,
701 4393 844 4458 τίνος
876 4393 1061 4448 ἕνεκεν
1092 4391 1447 4461 ὲὸαπτίζετο;
1471 4391 1634 4446 Ἀλλὰ
1652 4392 1922 4463 πρότερον
1950 4394 2082 4447 ἀνα-

491 4480 683 4549 γκαῖον
715 4477 906 4549 μαθεῖν
931 4480 1083 4532 ποῖον
1120 4477 1452 4532 ἐϐαπτίσατο
1483 4475 1784 4547 βάπτισμα,
1822 4474 1917 4529 καὶ
1956 4475 2079 4529 τότε

491 4563 588 4617 καὶ
637 4561 795 4616 τοῦτο
852 4560 1185 4634 σαφέστερον
1242 4562 1374 4634 ἡμῖν
1419 4561 1729 4632 γενήσεται.
1779 4560 1938 4614 Ποῖον
1984 4555 2079 4613 οὖν

492 4647 859 4713 Mummio-ato;
888 4645 1027 4701 Οὔτε
1061 4647 1122 4700 τὸ
1156 4644 1467 4713 Ἰουδαϊκὸν,
1511 4643 1637 4699 οὔτε
1681 4644 1744 4698 τὺ
1789 4643 2077 4716 ἡμέτερον,

493 4732 631 4786 ἀλλὰ
657 4731 718 4786 τὸ
752 4732 1021 4787 Ἰωάννου.
1051 4730 1151 4786 Διὰ
1174 4729 1263 4797 τί;
1289 4730 1406 4784 Ἵνα
1432 4730 1527 4783 καὶ
1559 4728 1629 4783 δι’
1656 4728 1829 4800 αὐτῆς
1853 4729 1954 4800 τῆς
1982 4725 2077 4781 τοῦ

498 4815 873 4888 βαπτίσματος
920 4814 1138 4886 φύσεως
1188 4813 1402 4886 μάθῃς,
1449 4814 1533 4867 ὅτι
1581 4812 1645 4866 οὐ
1692 4812 1759 4867 δι’
1802 4811 2079 4882 ἁμαρτίας

491 4898 846 4962 ἑὸαπτίσατο,
895 4899 1018 4952 οὐδὲ
1055 4898 1132 4963 ὡς
1178 4898 1278 4970 τῆς
1331 4895 1425 4952 τοῦ
1466 4896 1783 4970 Πνεύματος
1826 4896 2080 4965 δεόμενος

493 4982 787 5054 χορηγίας·
834 4985 1109 5054 ἐκατὲρων
1152 4982 1264 5055 7&9
1295 4981 1498 5036 τούτων
1546 4980 1752 5054 ἔρημον
1794 4981 1977 5034 ἐκεῖνο
2019 4978 2080 5032 τὸ

494 5066 811 5139 βάπτισμα,
855 5065 1105 5138 καθάπερ
1160 5062 1253 5120 οὖν
1286 5066 1381 5119 καὶ
1428 5065 1816 5135 ἀπεδείξαμεν.
1849 5063 1961 5119 Καὶ
1993 5064 2077 5118 ὅτι

494 5151 597 5225 μὲν
628 5148 753 5205 οὔτε
782 5150 851 5205 δι’
896 5151 1090 5222 ἄφεσιν
1137 5150 1572 5223 ἁμαρτημάτων,
1599 5147 1725 5204 οὔτε
1766 5148 1857 5202 διὰ
1906 5146 2078 5200 Πνεύ-

494 5252 666 5310 ματος
706 5233 975 5308 χορηγίαν
1015 5228 1180 5307 ἦλθεν
1220 5235 1315 5287 ἐπὶ
1351 5235 1442 5288 τὸν
1476 5232 1770 5304 Ἰορδάνην,
1817 5231 1978 5302 δῆλον
2011 5232 2078 5285 ἐκ

546 5425 573 5456 ⁸
605 5428 687 5481 Sic
709 5443 826 5481 mss.
853 5436 907 5481 et
939 5431 1052 5482 Sav.
1088 5429 1411 5491 Μοτε1.νεςο
1443 5435 1554 5491 ρυει
1595 5427 1813 5491 ἐνεῖδατι
1838 5425 1975 5475 addit
2011 5424 2080 5491 είς

496 5608 1097 5679 [ῐγώμαέιάγίφιισξὶπιιρίς
1117 5614 1284 5679 3m»!-
1304 5608 2081 5679 Ηφορθτδμοιρτέλευτονρωὶεες

493 5624 2079 5783 M2353ﬁﬂé.‘l?‘ﬁb§i°§f&°‘3§ﬁ$§m?$m

1188 280 1245 338 S.
1285 276 1570 337 JUANMS
1605 273 2098 334 CIIRYSOSTOMI
2132 274 2456 333 ARCHIEP.
2495 275 3044 334 CONSTAM'INOP.

3643 278 3741 337 568

2162 392 2395 447 τούτων·
2444 394 2533 448 ἵνα
2558 394 2616 449 δὲ
2664 395 2739 467 μὴ
2771 396 2968 469 νομίσῃ
2998 413 3083 459 τις
3126 395 3236 448 τῶν
3280 394 3401 448 τότε
3430 394 3738 467 παρόντων,

2162 477 2244 530 ὅτι
2297 478 2392 532 ἐπὶ
2458 479 2743 550 μετανοίᾳ,
2794 478 3046 552 καθάπερ
3094 479 3144 533 οί
3192 478 3403 544 λοιποί,
3450 480 3744 551 παραγίνε-

2161 577 2274 626 ται,
2307 561 2538 616 άκουσον
2572 562 2669 615 καὶ
2700 560 2860 616 τοῦτο
2892 562 3010 625 πῶς
3047 564 3078 617 6
3114 563 3369 633 Ἰωάννης
3398 561 3746 633 προδιωρθὼ-

2166 661 2315 698 σατο.
2355 644 2414 699 '0
2444 643 2552 716 7&9
2581 647 2694 708 τοῖς
2735 644 2918 709 ἄλλοις
2956 645 3154 715 λέγων,
3183 644 3485 713 Ποιήσατε
3515 645 3748 715 καρπὸν

2164 726 2337 792 ἄξιον
2387 726 2498 797 τῆς
2551 729 2895 798 μετανοίας,
2947 727 3178 783 ἄκουσον
3214 729 3268 782 τί
3325 730 3503 799 τούτῳ
3546 727 3747 800 φησίν·

2178 809 2319 880 Ἐγὼ
2344 812 2553 880 χρείαν
2581 810 2699 881 ἔχω
2731 811 2847 866 ὑπὸ
2879 811 2999 866 σοῦ
3031 812 3479 883 βαπτισθῆναι·
3520 814 3621 867 καὶ
3665 813 3749 869 σὺ

2164 893 2313 964 ἔρχῃ
2361 896 2514 963 πρός
2548 910 2658 965 με;
2707 895 2877 949 Τοῦτο
2907 895 2966 949 δὲ
3022 894 3177 965 ἔλεγε
3223 895 3398 967 δηλῶν
3435 896 3518 951 ὅτι
3564 897 3628 949 οὐ
3662 895 3752 951 διά

2164 976 2263 1047 τὴν
2289 977 2459 1050 αὑτὴν
2485 981 2599 1043 τοῖς
2638 977 2851 1043 πολλοῖς
2880 978 3070 1051 χρείαν
3116 978 3447 1051 παρεγένετο
3482 978 3619 1050 πρὸς
3652 978 3754 1032 αὖ.

2163 1061 2256 1115 τόν
2274 1077 2289 1092 ·
2321 1061 2416 1115 καὶ
2443 1062 2524 1115 ὅτι
2551 1061 2807 1115 τοσοῦτον
2834 1062 3028 1133 ἀπέχει
3055 1061 3146 1116 διὰ
3169 1062 3330 1115 τοῦτο
3368 1061 3753 1132 βαπτίζεσθαι,

2165 1143 2249 1196 ὅτι
2286 1144 2382 1197 καὶ
2411 1145 2576 1197 αὐτοῦ
2616 1143 2711 1198 τοῦ
2741 1144 3047 1198 Βαπτιστοῦ
3079 1144 3259 1215 πολλῷ
3307 1145 3509 1215 μείζων
3528 1140 3622 1215 ἦν,
3655 1142 3756 1197 καὶ

2166 1226 2512 1296 ἀσυγκρίτως
2552 1227 2952 1300 καθαρώτερος.
2987 1227 3144 1291 Τίνος
3170 1225 3264 1282 οὖν
3292 1228 3479 1282 ἕνεκεν
3523 1228 3756 1280 ἐϐαπτί-

2167 1309 2308 1374 ζετο,
2349 1311 2398 1363 εί
2431 1313 2567 1382 μήτε
2595 1312 2688 1364 ἐπὶ
2727 1312 3006 1382 μετανοίᾳ,
3039 1314 3175 1383 μήτε
3218 1313 3313 1364 ἐπὶ
3338 1311 3754 1383 ἁμαρτημάτων

2166 1394 2390 1463 άφέσει,
2443 1395 2580 1466 μήτε
2635 1393 2788 1466 [572]
2837 1394 2931 1448 ἐπὶ
2963 1394 3282 1464 Πνεύματος
3315 1395 3553 1466 χορηγίᾳ
3591 1393 3754 1448 τοῦτο

2168 1476 2376 1542 ἐποίεις
2415 1476 2651 1549 Ἐτέρων
2697 1476 2842 1531 δυοῖν
2883 1477 3070 1532 ἕνεκεν
3111 1476 3322 1539 αἰτιῶν,
3376 1480 3505 1547 μιᾶς
3549 1476 3649 1547 μὲν
3684 1471 3753 1542 ἧς

2170 1577 2331 1632 φησιν
2370 1561 2400 1613 6
2455 1560 2732 1632 μαθητὴς,
2787 1560 2983 1632 ἐτέρας
3029 1559 3087 1614 δὲ
3131 1555 3200 1631 ἧς
3259 1560 3420 1624 αὐτὸς
3470 1560 3606 1630 πρὸς
3660 1564 3753 1613 τὸν

2181 1643 2435 1714 Ἰωάννην
2476 1639 2619 1699 εἷπε.
2662 1644 2797 1697 Τίνα
2849 1639 2945 1697 οὖν
2988 1659 3153 1713 φησιν
3198 1645 3228 1697 6
3264 1642 3515 1713 Ἰωάννης
3567 1643 3754 1697 αἰτίαν

2167 1725 2263 1780 τοῦ
2308 1725 2680 1798 βαπτίσματος
2729 1722 2866 1781 εἶναι
2905 1726 3130 1793 τούτου;
3162 1728 3282 1781 Ἵνα
3314 1726 3589 1799 γνωρισθῇ
3639 1730 3755 1791 τοῖς

2169 1811 2404 1876 πολλοῖς,
2437 1810 2617 1874 καθὼς
2646 1811 2741 1864 καὶ
2781 1812 2809 1864 6
2844 1810 3054 1875 Παῦλος
3094 1809 3301 1879 ἔλεγεν,
3344 1810 3427 1864 ὅτι
3478 1810 3758 1877 Ἰωάννης

2162 1893 2280 1963 μὲν
2303 1892 2586 1949 ἐϐάπτισε
2608 1891 2927 1962 βάπτισμα
2960 1892 3306 1963 μετανοίας,
3333 1894 3422 1959 εις
3448 1891 3557 1947 τὸν
3584 1892 3758 1963 ἐρχό-

2163 1993 2354 2046 μενον
2389 1975 2517 2045 μετ’
2550 1975 2737 2029 αὐτὸν
2777 1975 2879 2029 ἵνα
2916 1977 3363 2031 πιστεύσωσιν·
3391 1973 3551 2029 τοῦτο
3596 1971 3674 2049 ἦν
3698 1976 3758 2030 τὸ

2171 2059 2501 2131 κατόρθωμα
2529 2057 2622 2112 τοῦ
2672 2057 3069 2130 βαπτίσματος.
3117 2060 3192 2112 Τὸ
3239 2059 3339 2129 μὲν
3380 2059 3489 2129 7&9
3529 2058 3611 2122 είς
3659 2058 3758 2128 τὴν

2170 2142 2401 2197 ἑκάστου
2431 2141 2702 2215 περιιέναι
2730 2142 2927 2206 οἰκίαν,
2954 2142 3049 2195 καὶ
3084 2144 3205 2206 ταῖς
3232 2141 3424 2212 θύραις
3464 2141 3760 2214 προσιόντα

2171 2225 2358 2279 καλεῖν
2396 2223 2502 2291 ἔξω
2546 2226 2642 2279 καὶ
2689 2225 2867 2293 λέγειν
2902 2224 3202 2295 κατέχοντα
3246 2225 3338 2278 τὸν
3385 2224 3649 2297 Χριστὸν,
3679 2224 3758 2278 ὅτι

2171 2302 2327 2373 οὗτός
2376 2310 2524 2363 ἐστιν
2551 2311 2579 2362 6
2613 2308 2740 2372 Υἱὸς
2788 2307 2883 2361 τοῦ
2930 2307 3092 2371 Θεοῦ,
3140 2306 3382 2362 ὕποπτον
3438 2305 3609 2361 ἐποίει
3662 2305 3759 2377 τὴν
3858 2342 3862 2350 ι

2175 2391 2478 2464 μαρτυρίαν
2520 2391 2616 2446 καὶ
2658 2391 2862 2462 σφόδρα
2906 2389 3142 2462 ἐργῶδες
3173 2385 3242 2462 ἦν
3261 2407 3276 2422 ·
3321 2393 3385 2444 τὸ
3423 2390 3480 2444 δὲ
3523 2389 3761 2444 λαϐόντα

2173 2475 2336 2531 πάλιν
2368 2476 2448 2540 είς
2498 2474 2596 2546 τὴν
2646 2474 2967 2544 συναγωγὴν
3013 2473 3277 2527 εἰσελθεῖν
3318 2472 3412 2527 καὶ
3462 2473 3758 2537 δεικνύειν,

2174 2558 2456 2614 καὶτοῦτο
2487 2557 2620 2612 αὐτὸ
2663 2557 2865 2628 ὁμοίως
2897 2557 3138 2612 ὕποπτον
3179 2556 3353 2610 ἐποίει
3396 2556 3494 2627 τὴν
3546 2574 3759 2628 μαρτυ-
3859 2612 3861 2619 Α

2175 2643 2301 2715 ρίαν
2338 2641 2501 2696 πάλιν
2521 2656 2536 2671 ·
2568 2639 2630 2694 τὸ
2661 2639 2719 2692 δὲ
2747 2638 2856 2713 τῶν
2896 2639 3083 2711 δήμων
3116 2639 3372 2694 ἁπάντων
3413 2639 3471 2705 ἐξ
3516 2640 3761 2710 ἑκάστης

2172 2725 2380 2790 πόλεως
2408 2724 2746 2796 ἐκχυθέντων
2775 2723 2868 2776 ἐπὶ
2905 2723 2998 2777 τὸν
3035 2723 3327 2795 Ἰορδάνην,
3358 2723 3454 2777 καὶ
3487 2723 3618 2795 περὶ
3665 2723 3761 2788 τὰς

2173 2808 2338 2880 ὄχθας
2371 2807 2755 2879 διατριϐόντων
2786 2805 2883 2861 τοῦ
2911 2804 3183 2878 ποταμοῦ,
3212 2805 3436 2860 ἐλθόντα
3473 2807 3568 2860 καὶ
3596 2807 3761 2861 αὒτίιν

2174 2893 2270 2947 ἐπὶ
2309 2893 2373 2946 τὸ
2418 2890 2810 2964 βαπτισθῆναι,
2836 2888 3096 2956 δέξασθαι
3123 2889 3223 2961 τὴν
3263 2889 3468 2944 ἄνωθεν
3499 2890 3761 2944 σύστασιν

2173 2975 2272 3049 τὴν
2303 2975 2392 3030 διὰ
2420 2975 2520 3047 τῆς
2557 2974 2741 3046 φωνῆς
2777 2973 2872 3028 τοῦ
2906 2973 3143 3046 Πατρὸς,
3172 2972 3272 3045 τὴν
3298 2972 3387 3028 διὰ
3418 2975 3521 3044 τῆς
3548 2977 3763 3044 ἐπιφοι-

2174 3060 2387 3132 τήσεως
2439 3055 2536 3112 τοῦ
2584 3057 2900 3128 Πνεύματος
2950 3058 3050 3128 τῆς
3095 3059 3152 3110 ἐν
3206 3057 3336 3111 εῖδει
3391 3061 3761 3131 περιστερᾶς,

2175 3141 2481 3197 ἀνύποπτον
2503 3141 2676 3195 ἐποίει
2705 3140 2956 3210 γενέσθαι
2978 3140 3078 3212 τὴν
3111 3140 3358 3195 Ἰωάννου
3381 3140 3479 3212 τὴν
3503 3142 3593 3194 ἐπ’
3615 3142 3763 3212 αὐτῷ

2179 3227 2506 3297 μαρτυρίαν.
2535 3225 2634 3279 Διὰ
2666 3224 2846 3289 τοῦτο,
2875 3223 3069 3294 Κάγὼ,
3101 3224 3288 3295 φησὶν,
3316 3226 3426 3278 οὐκ
3454 3223 3633 3294 ᾔδειν
3663 3228 3768 3280 a6-

2176 3309 2303 3373 τὸν,
2354 3311 2668 3376 ἀξιόπιστον
2708 3307 2808 3379 τὴν
2853 3307 3047 3361 ἑαυτοῦ
3100 3308 3375 3362 καθιστῶν
3431 3310 3767 3380 μαρτυρίαν.

2191 3392 2408 3465 Ἐπειδὴ
2459 3393 2568 3464 7&9
2603 3395 2886 3461 συγγενεῖς
2935 3389 3075 3463 ἦσαν
3124 3392 3368 3463 ἀλλήλων
3396 3394 3541 3446 κατὰ
3585 3396 3771 3467 σάρκα

2180 3475 2361 3548 (Ἰδοὺ
2387 3476 2518 3547 γὰρ,
2546 3475 2736 3548 φησὶν,
2767 3475 3078 3531 Ἐλισάϐετ
3102 3477 3143 3544 ἡ
3173 3476 3478 3545 συγγενής
3502 3491 3648 3540 σου,
3672 3478 3770 3532 καί

2178 3559 2333 3629 αὺτὴ
2362 3559 2770 3630 συνειληφυῖα
2803 3559 2957 3625 υίόν,
2988 3563 3056 3632 τῇ
3092 3560 3326 3632 Μαριάμ
3356 3577 3522 3631 φησιν
3543 3563 3573 3614 ὁ
3600 3561 3773 3631 ἄγγε-

2178 3644 2269 3707 λος
2320 3625 2448 3716 ἒπερὶ
2494 3625 2842 3716 τῆς-’μητρὸς
2894 3625 3380 3718 Ἰωάννουονέίξδὲ
3418 3625 3476 3697 αἱ
3526 3625 3772 3718 μητέρες

2181 3702 2462 3797 συγγενεῖς
2482 3726 2511 3766 ιι
2540 3702 2711 3799 ἦσάνξ
2738 3702 2960 3798 εὔδηλον
2996 3727 3078 3780 ὅτι
3109 3727 3205 3781 καὶ
3242 3702 3314 3780 τά
3350 3702 3604 3792 παιδίάὲί
3650 3702 3774 3783 ιέτεί

2156 3806 2271 3865 νοῦν
2301 3813 2582 3880 συγγενεῖς
2613 3806 2774 3882 ἦσαν,
2815 3811 2903 3864 ἵνα
2940 3810 3015 3882 μὴ
3037 3810 3126 3864 διὰ
3153 3811 3252 3882 τὴν
3287 3812 3611 3879 συγγένειαν
3645 3813 3772 3881 δόξῃ

2183 3897 2479 3966 μαρτυρεῖν
2506 3893 2586 3965 τῷ
2618 3893 2860 3966 Χριστῷ,
2888 3894 3240 3966 ᾠκονόμησεν
3260 3897 3293 3965 ή
3325 3893 3421 3946 τοῦ
3444 3894 3773 3966 Πνεύματος

2179 3978 2341 4051 χάρις
2389 3979 2571 4031 πᾶσαν
2623 3978 2720 4050 τὴν
2781 3977 3003 4049 πρώτην
3062 3978 3276 4049 ἡλικίαν
3324 3980 3381 4031 ἐν
3433 3979 3632 4049 ἐρήμῳ
3680 3981 3774 4032 τὸν

2193 4061 2446 4132 Ἰωάννην
2501 4059 2728 4129 διάγειν,
2779 4062 2864 4116 ἵνα
2920 4061 2995 4133 μὴ
3047 4061 3137 4115 διὰ
3179 4059 3363 4130 φιλίαν
3405 4059 3438 4132 ἢ
3494 4063 3562 4114 ἐκ
3601 4079 3775 4115 κατα⁹

2182 4145 2384 4217 σκευῆς
2431 4162 2577 4208 τινος
2617 4144 2873 4217 τοιαύτης
2920 4147 2952 4217 ἡ
3008 4143 3282 4216 μαρτυρία
3326 4143 3571 4213 γίνεσθαι
3607 4145 3773 4217 δόξῃ,

2179 4228 2294 4283 ἀλλ’
2318 4229 2393 4292 ὡς
2435 4229 2586 4300 παρὰ
2615 4227 2711 4281 τοῦ
2744 4228 2880 4301 Θεοῦ
2916 4226 3127 4300 μαθὼν,
3162 4226 3337 4292 οὕτως
3365 4228 3526 4281 αὐτὸν
3563 4247 3777 4297 καταγ-

2179 4312 2357 4384 γείλῃ.
2402 4311 2502 4365 Διὰ
2543 4311 2704 4365 τοῦτό
2759 4328 2924 4384 φησι·
2972 4310 3147 4378 Κάγὼ
3183 4312 3297 4365 οὐκ
3351 4309 3522 4380 ᾔδειν
3557 4315 3774 4366 αὐτόν.

2181 4395 2352 4449 Πόθεν
2399 4391 2493 4449 οὖν
2542 4394 2776 4466 ἐμαθες;
2813 4394 2866 4448 Ὁ
2911 4395 3158 4464 πέμψας
3195 4410 3294 4463 με,
3340 4394 3506 4466 φησὶ,
3546 4395 3779 4459 βαπτί-

2181 4477 2301 4541 ζειν
2319 4478 2390 4532 ἐν
2410 4477 2603 4543 ὕδατι,
2633 4477 2866 4544 ἐκεῖνός
2892 4496 2995 4548 μοι
3024 4474 3174 4533 εἷπε.
3203 4477 3268 4531 Τί
3300 4494 3382 4531 σοι
3403 4473 3557 4531 εἶπεν
3582 4495 3599 4544 ;
3653 4480 3778 4550 Ἐφ’

2180 4564 2255 4618 ὃν
2295 4561 2373 4617 ἂν
2425 4561 2560 4631 ἴδῃς
2609 4563 2676 4616 τὸ
2721 4562 2967 4631 Πνεῦμα
3002 4560 3369 4617 καταϐαῖνον
3408 4561 3553 4615 ὡσεί
3602 4580 3776 4634 περι-

2181 4647 2426 4716 στερὰν,
2448 4645 2547 4701 καί
2576 4645 2768 4715 μένον
2797 4646 2891 4700 ἐπ’
2920 4647 3127 4712 αὑτὸν,
3154 4644 3342 4711 αὐτός
3382 4644 3558 4700 ἐστιν
3582 4648 3618 4701 6
3652 4649 3779 4713 ,βα-

2181 4730 2396 4792 πτίζων
2435 4731 2506 4785 ἑν
2551 4731 2849 4801 Πνεύματι
2906 4731 3072 4801 ἁγίῳ.
3129 4727 3285 4804 Ὁρᾷς
3334 4733 3417 4787 ὅτι
3470 4731 3563 4787 διά
3610 4732 3778 4787 τοῦτο
3860 4760 3861 4769 ι

2179 4810 2312 4886 ἦλθε
2344 4813 2407 4868 τὸ
2442 4813 2667 4884 Πνεῦμα
2700 4814 2762 4868 τδ
2805 4815 2980 4882 ἅγιον,
3008 4815 3107 4886 οὐχ
3133 4816 3210 4881 ὡς
3241 4817 3363 4872 τότε
3394 4817 3614 4889 πρῶτον
3653 4820 3778 4872 ἐπι-

2182 4897 2468 4968 φοιτῆσαν,
2512 4896 2627 4951 ἀλλ’
2666 4898 2753 4951 ἵνα
2789 4897 2937 4971 δείξῃ
2984 4899 3076 4953 τὸν
3109 4901 3533 4972 κηρυττόμενον,
3575 4900 3778 4976 ᾧσπερ

2179 4981 2427 5054 δακτύλῳ
2489 4983 2599 5036 τινὶ
2654 4984 2720 5054 τῇ
2782 4982 2981 5053 πτήσει
3047 4984 3213 5038 πᾶσιν
3274 4983 3437 5039 αὑτὸν
3488 4983 3776 5059 γνώριμον

2181 5066 2406 5132 ποιοῦν;
2438 5065 2539 5119 Διὰ
2571 5064 2732 5119 τοῦτο
2778 5064 2959 5119 τοίνυν
2986 5060 3150 5138 ἦλθεν
3203 5066 3298 5120 ἐπὶ
3350 5066 3413 5120 τὸ
3456 5063 3771 5139 βάπτισμα.

2181 5150 2291 5204 Καὶ
2332 5149 2400 5204 δι’
2428 5150 2622 5221 ἑτέραν
2661 5149 2719 5203 δὲ
2756 5148 2959 5211 αἰτίαν,
3000 5150 3069 5222 ἢν
3113 5151 3276 5215 αὑτός
3310 5166 3473 5222 φησι·
3507 5150 3676 5205 ποίαν
3706 5150 3771 5221 δὴ

2179 5234 2420 5307 ταύτην;
2453 5232 2561 5287 Τοῦ
2594 5233 2842 5288 Ἰωάννου
2887 5235 3161 5301 εἰπόντος,
3202 5234 3345 5307 Ἐγὼ
3387 5235 3600 5306 χρείαν
3655 5236 3775 5309 ἔχω

2180 5317 2301 5373 ὑπὸ
2334 5317 2451 5372 σοῦ
2502 5316 2917 5387 βαπτισθῆναι
2937 5358 2953 5384 ,
3002 5320 3102 5375 καί
3148 5319 3232 5375 σὺ
3273 5319 3423 5389 ἔρχῃ
3468 5320 3625 5385 πρός
3660 5337 3771 5394 μσς

2180 5401 2345 5464 αὐτὸς
2396 5401 2731 5469 ἀπεκρίνατο
2766 5402 2977 5473 λέγων·
3024 5404 3201 5474 Ἀςρες
3250 5404 3419 5472 ἄρτι·
3453 5407 3610 5462 οὕτω
3660 5400 3772 5473 γὰρ

2181 5486 2414 5553 πρέπον
2451 5485 2625 5540 ἐστὶν
2663 5485 2811 5556 ἡμῖν
2849 5486 3167 5556 πληρῶσαι
3210 5485 3419 5544 πᾶσαν
3458 5487 3768 5543 amoma-

2242 5734 2274 5777 ι
2294 5732 2432 5787 Unus
2447 5734 2603 5787 codex
2628 5742 2683 5788 et
2713 5735 2865 5788 Savﬂ.
2890 5737 3172 5801 συγγενίδας.
