3906 6224
173 251 276 305 3137

176 367 518 423 collocarent.
539 365 653 420 Non
674 365 814 420 enim
837 363 1066 430 dicebat,
1100 366 1270 420 Ablue
1298 365 1611 418 vestimenta
1639 371 1724 418 tua
1744 405 1762 431 ,

177 470 230 514 et
269 460 383 512 lava
432 473 628 527 corpus
673 467 844 522 tuum,
880 467 936 512 et
977 457 1210 511 mundus
1248 457 1355 510 eris
1388 475 1402 510 :
1434 457 1560 527 quid
1599 455 1764 527 ergo?

143 616 148 638 ⁸
182 549 360 604 Facite
393 553 615 622 fructum
660 549 871 620 dignum
912 549 1216 619 ptenitentite
1247 547 1459 619 (Matth.
1491 550 1544 604 5.
1573 549 1651 619 8).
1690 550 1768 603 Ac

180 641 223 696 si
253 641 357 695 hoc
387 651 593 711 spectes
615 683 630 704 ,
658 641 880 696 Judaieo
906 641 1181 696 sublimius
1206 650 1339 707 erat,
1370 641 1619 696 humilius
1640 657 1768 696 vero

185 743 398 797 nostro;
430 732 856 802 quandoquidem
879 747 1050 803 neque
1069 731 1324 802 Spiritum
1351 741 1589 787 sanctum
1611 733 1771 788 dabat

182 823 405 892 Joannis
444 825 703 894 baptisma
728 866 743 892 ,
791 840 963 894 neque
1001 824 1368 879 remissionem
1413 840 1510 895 per
1546 826 1770 895 gratiam

187 915 497 970 conferebat
531 933 542 969 :
579 915 944 985 paenitentiam
990 916 1132 969 enim
1173 931 1331 985 agere
1367 915 1621 984 jubebat,
1665 931 1773 969 non

188 1007 485 1062 dimittendi
527 1016 791 1078 potestate
829 1007 1077 1077 pollebat.
1110 1006 1445 1076 Quapropter
1483 1015 1535 1061 et
1563 1007 1772 1073 aiebat,

189 1098 300 1168 Ego
319 1100 520 1169 quidem
545 1100 743 1170 baptizo
769 1115 854 1153 vos
890 1099 943 1152 in
986 1114 1119 1166 aqua
1141 1100 1180 1166 ί,
1203 1097 1290 1151 ille
1315 1107 1482 1150 autem
1508 1097 1777 1167 baptizabit

188 1207 275 1245 vos
294 1193 346 1244 in
378 1191 575 1260 Spiritu
594 1200 767 1244 sancto
788 1201 835 1245 et
859 1190 966 1260 igni
993 1189 1151 1260 (Ibid.
1177 1186 1290 1260 ii).
1319 1187 1532 1244 Scilicet
1559 1188 1647 1242 ille
1672 1202 1776 1241 non

191 1282 496 1352 baptizabat
545 1283 598 1337 in
649 1283 866 1351 Spiritu.
915 1281 1052 1349 Quid
1099 1290 1181 1336 est
1223 1290 1419 1344 autem,
1462 1280 1530 1334 In
1582 1280 1780 1350 Spiritu

193 1384 369 1427 sancto
389 1383 435 1426 et
454 1374 600 1444 igni?
622 1373 922 1428 Recordare
945 1371 1074 1426 mihi
1091 1372 1196 1427 diei
1218 1373 1378 1435 illius,
1401 1387 1506 1442 quo
1525 1371 1782 1441 apostolis

194 1465 489 1534 dispertita:
517 1465 711 1535 lingua:
737 1472 1100 1534 apparuerunt
1127 1472 1395 1532 tamquam
1426 1463 1582 1532 ignis,
1615 1461 1781 1516 sedit-

195 1571 302 1625 que
331 1571 488 1626 supra
519 1556 756 1626 singulos
783 1570 970 1611 eorum
997 1552 1131 1629 (Act.
1165 1555 1218 1608 2.
1249 1554 1324 1625 5).
1357 1555 1434 1608 Ac
1455 1554 1778 1624 baptismum

198 1647 422 1702 Joannis
450 1647 812 1716 imperfectum
844 1647 1008 1702 fuisse
1028 1690 1043 1714 ,
1085 1662 1258 1718 neque
1285 1646 1514 1716 Spiritus
1544 1646 1786 1716 largitum

199 1751 320 1791 esse
348 1739 569 1808 gratiam
592 1781 606 1804 ,
635 1753 808 1808 neque
835 1738 1202 1793 remissionem
1235 1748 1570 1807 peccatorum
1597 1780 1610 1804 ,
1667 1737 1789 1792 inde

200 1838 456 1882 constat:
487 1845 606 1883 eum
653 1830 793 1884 enim
844 1829 1100 1899 quosdam
1143 1828 1434 1898 discipulos
1481 1827 1792 1881 offendisset

203 1919 420 1985 Paulus,
463 1920 536 1974 ait
563 1920 688 1985 illis,
727 1921 787 1974 Si
820 1919 1073 1990 Spiritum
1113 1930 1343 1973 sanctum
1386 1919 1648 1985 accepistis
1686 1935 1794 1972 cre-

204 2012 420 2066 dentes?
441 2012 505 2065 At
531 2013 608 2066 illi
646 2012 880 2068 dixerunt
911 2013 976 2064 ad
1002 2026 1154 2066 eum:
1177 2010 1282 2066 Sed
1315 2026 1471 2077 neque
1499 2011 1542 2062 si
1573 2009 1794 2078 Spiritus

207 2113 412 2157 sanctus
433 2115 505 2158 est
529 2104 832 2158 audivimus.
866 2102 966 2158 Ille
989 2119 1104 2156 vero
1132 2103 1202 2156 ait
1229 2099 1332 2156 :In
1359 2118 1456 2170 quo
1479 2117 1596 2170 ergo
1623 2100 1794 2169 bapti-

206 2196 311 2248 zati
339 2196 492 2249 estis?
526 2196 626 2262 Qui
662 2197 930 2260 dixerunt,
958 2193 1023 2247 In
1050 2193 1272 2248 Joannis
1305 2193 1620 2262 baptismate.
1656 2190 1797 2245 Dixit

209 2297 381 2341 autem
411 2287 881 2342 I’aulus:Joannes
919 2286 1186 2357 baptizavit
1216 2286 1461 2354 baptismo
1500 2283 1800 2354 pauitantia:

216 2379 352 2449 (Act.
385 2379 470 2433 i9.
541 2379 692 2449 2—6);
737 2379 1063 2450 pmnitentia:
1101 2393 1210 2432 non
1245 2377 1592 2432 remissionis.
1628 2375 1800 2442 Quare

211 2487 346 2525 vero
371 2471 706 2541 baptizabat?
735 2471 940 2540 Populo
966 2471 1165 2535 dicens,
1208 2467 1275 2522 In
1301 2485 1412 2521 eum
1451 2468 1534 2538 qui
1566 2476 1803 2519 venturus

212 2571 340 2615 esset
365 2571 476 2631 post
505 2563 702 2631 ipsum,
749 2571 802 2614 ut
840 2561 1125 2626 crederent,
1167 2561 1260 2612 hoc
1299 2569 1406 2625 est,
1435 2559 1488 2612 in
1530 2556 1805 2611 Dominum

214 2653 414 2708 Jcsum.
463 2653 561 2708 His
595 2655 782 2707 auditis
822 2655 1062 2724 baptizati
1103 2663 1218 2708 sunt
1265 2653 1317 2706 in
1355 2653 1556 2705 nomine
1601 2650 1806 2704 Domini

216 2744 370 2800 Jesu.
424 2746 487 2800 Et
531 2764 644 2800 cum
688 2748 1006 2818 imposuisset
1049 2748 1151 2802 illis
1182 2763 1360 2800 atauus
1403 2745 1599 2800 Paulus
1624 2788 1637 2810 ,
1678 2745 1808 2798 venit

222 2837 452 2909 Spiritus
475 2850 677 2893 sanctus
698 2856 849 2908 super
873 2856 974 2894 eos.
1003 2839 1185 2906 Vides,
1210 2847 1267 2893 ut
1291 2837 1629 2908 imperfectus
1654 2836 1810 2890 fuerit

219 2929 442 2985 Joannis
468 2932 795 3001 haptismus?
824 2931 879 2987 Si
910 2933 1048 2986 enim
1078 2931 1418 3000 imperfectus
1458 2944 1562 2984 non
1591 2931 1807 2992 fuisset,

225 3037 334 3075 non
365 3037 458 3077 eos
485 3038 668 3078 rursus
710 3023 1034 3092 baptizasset
1071 3022 1266 3076 Paulus
1286 3062 1300 3086 ,
1334 3035 1438 3073 non
1469 3021 1596 3088 ipsis
1625 3033 1814 3072 manus

228 3112 605 3180 imposuisset;
638 3113 747 3181 jam
797 3128 924 3166 vero
964 3127 1084 3165 cum
1130 3120 1410 3178 utrumque
1440 3107 1579 3162 istud
1610 3108 1817 3176 praesti-

231 3205 384 3268 terit,
424 3203 698 3273 apostolici
728 3203 976 3272 baptismi
1004 3201 1372 3256 excellentiam
1399 3242 1411 3264 ,
1459 3209 1619 3268 atque
1668 3199 1815 3252 illum

229 3297 400 3351 multo
427 3294 732 3349 inferiorem
764 3295 864 3349 hoc
893 3293 1056 3349 fuisse
1083 3292 1389 3348 declaravit.
1419 3290 1617 3345 Verum
1640 3305 1707 3344 ex
1736 3288 1820 3343 his

227 3388 446 3457 quidem
471 3385 736 3456 quodnam
768 3385 836 3439 sit
880 3385 1017 3440 inter
1047 3383 1340 3451 baptismos
1369 3381 1655 3436 discrimen
1681 3379 1818 3433 didi-

231 3485 426 3548 cimus,
455 3496 682 3552 quanam
714 3495 841 3535 vero
869 3479 937 3534 de
961 3493 1120 3534 causa
1145 3477 1389 3533 Christus
1417 3475 1738 3545 baptizetur,
1768 3482 1823 3527 et

238 3592 470 3647 quonam
503 3575 798 3645 baptismo,
829 3572 1082 3641 deinceps
1105 3586 1283 3640 operae
1314 3569 1538 3640 pretium
1569 3576 1652 3622 est
1673 3566 1822 3621 dica-

235 3683 374 3724 mus.
424 3667 606 3736 Neque
641 3665 860 3721 Judaico
907 3665 998 3719 illo
1042 3663 1240 3733 priori,
1285 3676 1456 3731 neque
1496 3660 1597 3713 hoc
1641 3666 1826 3712 nostro

235 3761 519 3831 posteriori
546 3779 558 3811 :
584 3775 688 3814 non
727 3759 868 3813 enim
914 3756 1230 3812 remissione
1261 3764 1598 3823 peccatorum
1627 3750 1826 3820 indige-

238 3853 470 3922 batzqui
505 3850 648 3906 enim
680 3850 730 3904 id
759 3850 870 3904 fieri
899 3857 1112 3918 posset,
1145 3862 1264 3902 cum
1296 3846 1496 3900 nullum
1528 3845 1578 3898 in
1607 3858 1671 3899 eo
1703 3858 1827 3912 pec-

239 3954 415 4000 eatum
458 3943 636 3998 esset?
682 3941 953 3994 Peccatum
983 3939 1151 4000 enim,
1187 3937 1386 4006 inquit,
1421 3953 1520 3989 non
1551 3935 1707 4004 fecit,
1741 3950 1830 3986 nec

242 4039 475 4091 inventus
499 4045 570 4090 est
598 4034 746 4088 dolus
775 4034 826 4086 in
855 4049 940 4086 ore
955 4027 1489 4101 ejus(1.Petr.2.2‘2)
1516 4045 1528 4078 :
1552 4035 1607 4080 et
1627 4039 1828 4088 rursus,

247 4127 374 4194 Quis
401 4143 463 4181 ex
502 4126 636 4180 vobis
674 4133 848 4194 arguet
893 4139 972 4177 me
1014 4122 1077 4175 de
1116 4129 1317 4190 peccato
1358 4116 1570 4186 (Joann.
1615 4115 1667 4170 8.
1703 4113 1833 4186 46)?

247 4219 431 4288 Neque
458 4219 689 4287 Spiritus
717 4232 908 4285 expers
937 4224 1052 4268 erat
1095 4213 1184 4267 illa
1230 4226 1355 4267 caro
1379 4228 1392 4264 :
1417 4210 1505 4280 qui
1548 4209 1688 4263 enim
1717 4222 1836 4262 esse

250 4319 448 4379 posset,
475 4324 592 4379 qua:
612 4324 639 4360 a
663 4307 922 4376 principio
938 4305 1110 4359 fuerat
1130 4319 1160 4356 a
1183 4303 1383 4372 Spiritu
1410 4309 1597 4355 sancto
1618 4299 1836 4354 effecta?

249 4405 308 4459 Si
337 4419 464 4473 ergo
494 4417 667 4472 neque
697 4400 925 4470 Spiritus
971 4399 1139 4453 sancti
1177 4410 1368 4465 expers
1411 4403 1526 4448 erat
1563 4393 1650 4447 illa
1680 4405 1835 4453 caro,

252 4512 427 4568 neque
455 4494 683 4550 obnoxia
725 4491 954 4562 peccatis
973 4531 988 4549 .
1032 4504 1133 4560 qua
1160 4487 1227 4542 de
1252 4501 1410 4541 causa
1438 4481 1841 4553 baptizabatur?

254 4590 634 4644 Verumtamen
662 4585 809 4655 prius
830 4595 1050 4638 necesse
1074 4588 1158 4635 est
1184 4579 1450 4633 discamus
1479 4589 1709 4645 quonam
1741 4573 1837 4626 ba-

256 4684 504 4752 ptismate
542 4681 611 4734 sit
645 4677 943 4746 baptizatus
965 4715 980 4738 ,
1014 4682 1230 4740 tumque
1259 4668 1401 4724 istud
1425 4681 1634 4737 quoque
1671 4664 1844 4718 mani-

257 4770 446 4827 festius
472 4770 678 4826 evadet.
711 4768 951 4836 Quonam
985 4765 1142 4834 igitur
1167 4771 1250 4817 est
1291 4757 1621 4830 baptizatus?
1664 4756 1846 4825 Neque

256 4862 500 4926 Judaico,
530 4875 700 4930 neque
725 4866 930 4922 nostro,
958 4857 1050 4912 sed
1080 4854 1319 4910 Joannis.
1347 4850 1705 4919 Quamobrem
1725 4855 1748 4902 γ
1780 4847 1849 4903 Ut

261 4973 332 5012 ex
379 4955 492 5025 ipsa
537 4951 868 5021 baptismatis
913 4958 1102 5004 natura
1150 4945 1412 5014 intelligas
1460 4959 1582 4998 eum
1633 4951 1850 5011 propter

260 5054 482 5119 peccata
532 5057 637 5096 non
685 5041 845 5095 fuisse
890 5040 1234 5109 baptizatum,
1287 5049 1460 5104 neque
1511 5035 1650 5102 quod
1679 5033 1848 5102 gratia

260 5138 494 5210 Spiritus
521 5133 781 5203 indigeret
803 5151 816 5185 :
837 5147 957 5186 nam
992 5132 1269 5198 utriusque
1296 5127 1487 5181 horum
1518 5140 1709 5193 expers
1734 5134 1852 5180 erat

266 5233 370 5288 hoc
389 5228 670 5299 baptisma,
693 5234 750 5279 ut
765 5226 873 5294 jam
895 5238 924 5277 a
948 5221 1098 5277 nobis
1119 5221 1541 5275 demonstratum
1561 5225 1662 5271 est.
1683 5215 1854 5285 Atque

334 5431 350 5462 ί
387 5430 460 5479 Sic
476 5433 584 5476 uss.
605 5433 656 5474 et
668 5423 809 5473 savii.
828 5419 991 5471 Morel.
1011 5431 1129 5470 vero
1151 5416 1298 5479 addit,
1317 5413 1368 5479 in
1746 5416 1848 5479 Mos

297 5471 785 5544 vostvbaarc'verbaﬁu
804 5483 1169 5546 Spirituisancto
1197 5485 1242 5529 et
1262 5471 1362 5546 igni
1381 5471 1526 5546 ,'7Mss_.
1549 5471 1857 5546 addunt,

297 5508 383 5542 νοδι
413 5508 517 5540 uase
549 5508 714 5544 vernat,
732 5508 785 5534 m
804 5508 983 5546 δμιιαιι
1004 5508 1169 5532 autem
1197 5508 1242 5529 τι
1263 5508 1362 5544 igua
1381 5512 1394 5536 ,
1419 5508 1526 5525 meo.
1549 5508 1744 5532 auum",
1765 5508 1832 5521 νι.

272 5508 502 5667 iifgliopqq
520 5546 895 5676 mibgptizabat
911 5542 960 5593 in
969 5541 1175 5607 Spiritu.
1193 5538 1318 5601 Quid
1339 5545 1408 5589 est
1427 5542 1586 5587 autem
1608 5536 1660 5586 in
1677 5533 1857 5596 Spiritu

627 5823 893 5881 ΡΑΤιιοι..
938 5819 1050 5878 Gn.
1101 5813 1322 5876 XLIX.

1417 249 1515 311 .DE
1554 243 1889 304 BAPTISMO
1917 239 2202 302 CHRISTI.

2936 323 2938 325 b
3340 253 3448 307 scs

1872 380 1936 421 ex
1969 369 2050 422 lus
2076 368 2289 438 quidem
2318 370 2482 441 liquet
2528 385 2648 426 eum
2693 386 2868 441 neque
2895 370 2961 424 ad
3004 378 3338 440 peccatorum
3369 385 3452 424 reo

1873 458 2182 513 missionem
2203 501 2217 526 ,
2268 475 2441 530 neque
2467 460 2534 516 ad
2563 461 2792 532 Spiritus
2832 461 3164 530 largitionem
3206 460 3452 517 obtinen-

1872 549 1994 604 dam
2025 549 2092 605 ad
2129 550 2416 607 Jordanem
2446 555 2654 608 venisse
2679 572 2692 608 :
2716 568 2782 609 ne
2810 569 2942 608 vero
2969 554 3228 623 quispiam
3256 569 3322 608 ex
3349 553 3414 606 iis
3446 592 3462 614 ,

1875 641 1964 711 qui
1995 652 2118 698 tunc
2145 643 2404 710 aderant,
2435 643 2767 699 existimaret
2796 660 2917 699 eum
2947 643 3272 714 poenitentia:
3301 657 3460 697 causa

1876 734 2012 787 sicut
2032 743 2256 790 cancros
2271 735 2580 801 adventare,
2599 735 2720 790 audi
2740 745 2794 790 et
2813 734 2915 791 hoc
2930 751 3036 805 quo
3055 745 3210 804 pacto
3229 732 3464 788 Joannes

1877 838 2001 881 ante
2032 829 2357 884 correxerit:
2378 829 2465 899 qui
2489 829 2628 883 enim
2652 829 2769 882 aliis
2789 828 3017 892 dicebat,
3037 826 3217 880 Facite
3241 829 3465 898 fructum

1880 917 2088 988 dignum
2116 921 2422 991 paenitentiae
2445 919 2652 992 (Matth.
2677 921 2731 975 5.
2750 923 2826 991 8),
2849 919 2971 975 audi
2998 918 3124 989 quid
3143 918 3265 972 huic
3289 917 3427 972 dicat
3451 935 3466 972 :

1883 1011 1994 1084 Ego
2015 1031 2046 1066 a
2075 1023 2123 1066 te
2147 1014 2298 1068 debeo
2325 1017 2591 1085 baptizari,
2624 1027 2670 1070 et
2699 1027 2751 1069 tu
2777 1016 2912 1070 venis
2945 1015 3013 1069 ad
3041 1031 3120 1068 me
3147 1012 3197 1085 (1
3204 1013 3306 1068 bid.
3343 1012 3468 1084 H)?

1885 1104 1998 1159 lloe
2040 1121 2168 1161 vero
2207 1107 2417 1162 dicebat
2460 1108 2736 1162 declarans
2783 1122 2908 1162 eum
2956 1121 3062 1161 non
3113 1106 3184 1161 ob
3226 1103 3470 1159 eamdem

1883 1205 2214 1266 egestatem,
2265 1199 2334 1254 ob
2381 1215 2539 1269 quam
2588 1199 2808 1269 vulgus,
2863 1199 3104 1264 venisse,
3163 1206 3473 1265 tantumque

1884 1289 2092 1354 abesse,
2116 1299 2176 1342 ut
2197 1289 2394 1344 ideirco
2414 1291 2726 1360 baptizatur,
2749 1300 2807 1344 ut
2824 1290 2905 1345 vel
2927 1289 3042 1360 ipso
3063 1289 3220 1344 etiam
3238 1286 3474 1356 Baptista

1888 1383 1958 1436 sit
1985 1381 2138 1450 longe
2164 1381 2354 1451 major,
2381 1391 2435 1436 et
2455 1383 2569 1436 sine
2590 1381 2990 1450 comparatione
3018 1378 3286 1434 mundior.
3305 1378 3472 1446 Quam

1890 1480 2047 1550 igitur
2075 1480 2144 1534 ob
2169 1493 2383 1533 causam
2429 1475 2795 1544 baptizabatur
2820 1516 2834 1538 ,
2874 1474 2918 1527 si
2945 1486 3116 1542 neque
3151 1469 3478 1540 ptenitentise

1891 1587 2072 1637 causa,
2106 1584 2279 1640 neque
2305 1569 2374 1624 ob
2401 1567 2772 1621 remissionem
2804 1573 3144 1634 peccatorum
3166 1602 3180 1628 ,
3210 1576 3386 1630 neque
3412 1559 3477 1612 ad

1893 1664 2120 1732 Spiritus
2141 1662 2349 1731 copiam
2375 1658 2717 1715 obtinendam
2745 1657 2794 1711 id
2822 1655 3044 1726 agebat?
3065 1655 3209 1708 Duas
3231 1652 3478 1706 nimirum

1895 1755 2024 1808 alias
2051 1755 2120 1808 ob
2148 1767 2359 1818 causas,
2392 1766 2548 1804 unam
2575 1749 2809 1820 quidem,
2835 1763 2992 1818 quam
3017 1745 3150 1800 dixit
3169 1743 3479 1812 discipulus,

1898 1848 2121 1901 alteram
2152 1859 2281 1899 vero
2306 1860 2462 1914 quam
2493 1843 2606 1911 ipse
2635 1840 2826 1895 Joanni
2877 1836 3148 1892 indicavit.
3187 1836 3482 1901 Quamnam

1897 1952 2024 2006 ergo
2065 1949 2276 1990 causam
2318 1949 2436 1988 esse
2474 1931 2718 2000 baptismi
2759 1930 2916 1999 hujus
2953 1928 3086 1982 dixit
3119 1925 3387 1981 Joannes?
3417 1923 3490 1980 Ut

1899 2031 2260 2084 innotesceret
2310 2027 2498 2096 vulgo,
2546 2025 2685 2080 sicut
2731 2031 2785 2077 et
2833 2023 3026 2077 Paulus
3079 2019 3310 2085 dicebat,
3366 2017 3487 2088 quia

1899 2120 2122 2174 Joannes
2162 2118 2432 2187 baptizavit
2472 2115 2718 2186 baptismo
2747 2112 3083 2184 paenitentiae,
3127 2111 3181 2162 in
3225 2125 3372 2174 eum,
3403 2107 3492 2176 qui

1901 2222 2137 2268 venturus
2164 2221 2286 2264 esset
2303 2205 2632 2274 postipsunt,
2655 2201 2992 2256 utcrederent
3013 2201 3254 2272 (Act.i9.
3286 2201 3361 2270 4);
3389 2200 3492 2253 hoc

1903 2314 2018 2359 erat
2047 2301 2377 2372 baptismatis
2405 2299 2544 2354 illius
2569 2297 2817 2352 officium.
2855 2293 3064 2348 Etenim
3089 2292 3133 2346 si
3157 2289 3490 2360 singulorum

1905 2396 2047 2451 sedes
2075 2393 2397 2458 circumiret,
2423 2401 2474 2445 et
2499 2389 2564 2443 ad
2590 2389 2730 2442 fores
2753 2385 3013 2441 accedens
3039 2382 3182 2438 foras
3207 2380 3491 2444 excitaret,

1906 2488 2214 2555 diceretque
2241 2484 2512 2539 Christum
2542 2490 2728 2536 tenens
2749 2521 2764 2545 ,
2806 2477 2904 2532 llic
2927 2484 3010 2531 est
3054 2473 3216 2528 Filius
3255 2471 3379 2537 Dei,
3406 2487 3500 2525 su-

1908 2591 2146 2652 spectum
2175 2578 2276 2633 hoc
2301 2576 2548 2632 redderet
2568 2570 3312 2637 testimonium,etoperosum
3341 2563 3497 2619 valde

1912 2675 2081 2737 fui-et;
2115 2673 2197 2727 sin
2240 2680 2416 2723 autem
2458 2681 2524 2721 eo
2569 2679 2750 2720 secum
2797 2667 3070 2728 assumpto
3098 2658 3150 2711 in
3176 2668 3498 2728 synagogam

1915 2761 2286 2835 ingrederetur
2311 2801 2324 2826 ,
2359 2770 2588 2826 eumque
2616 2753 2908 2817 indicaret,
2958 2749 3060 2804 hoc
3088 2761 3300 2818 quoque
3325 2747 3498 2815 ipsum

1913 2857 2162 2912 redderet
2191 2851 2547 2906 testimonium
2587 2855 2891 2916 suspectum
2918 2839 3092 2911 :quod
3134 2853 3262 2894 vero
3289 2835 3499 2908 populis

1917 2947 2164 3001 omnibus
2193 2958 2257 2997 ex
2286 2940 2504 2994 urbibus
2538 2937 2759 3007 singulis
2801 2934 2865 2989 ad
2895 2931 3180 2989 Jordanem
3206 2927 3418 2993 eﬂ‘usis,
3449 2934 3505 2981 et

1917 3037 2057 3092 circa
2091 3031 2323 3087 [luminis
2365 3029 2506 3097 ripas
2535 3025 2891 3087 versantibus,
2923 3037 3044 3077 eum
3086 3029 3142 3075 et
3169 3019 3282 3089 ipse
3323 3025 3383 3071 ut
3405 3015 3504 3071 ba-

1919 3128 2208 3198 ptizaretur
2236 3122 2468 3176 venisset
2486 3160 2500 3184 ,
2541 3117 2610 3171 ab
2657 3115 2834 3170 audita
2863 3115 2931 3169 de
2958 3113 3092 3168 caelo
3121 3121 3340 3183 paterna
3372 3122 3507 3163 voce

1921 3221 2076 3276 fuerit
2099 3213 2520 3275 commendatus,
2548 3218 2602 3264 et
2629 3208 2701 3262 illi
2729 3207 2779 3260 in
2798 3205 2975 3276 specie
2993 3202 3254 3258 columba:
3283 3199 3510 3255 descen-

1924 3312 2058 3366 dens
2088 3307 2320 3378 Spiritus
2347 3311 2563 3358 sanctus
2595 3297 2866 3362 insederit,
2900 3294 2954 3349 id
2980 3291 3343 3349 testimonium
3367 3288 3511 3359 quod

1925 3405 2000 3460 illi
2028 3402 2259 3458 Joannes
2283 3396 2524 3459 dicebat,
2564 3392 2708 3448 omni
2735 3387 3036 3460 SUSpicione
3076 3383 3351 3440 liberabat.
3382 3380 3515 3436 Pro-

1927 3507 2131 3568 pterea,
2166 3492 2230 3546 Et
2259 3509 2370 3562 ego,
2402 3488 2592 3559 inquit,
2622 3484 2901 3540 nesciebam
2923 3497 3036 3535 eum
3064 3477 3278 3550 (Joann.
3308 3476 3358 3531 1.
3382 3472 3511 3543 51);

1931 3564 2038 3644 tum
2086 3587 2190 3642 ﬁde
2232 3585 2448 3656 dignum
2489 3595 2608 3636 esse
2653 3575 3016 3632 testimonium
3059 3585 3213 3626 suum
3259 3564 3515 3623 ostendit.

1930 3682 2062 3736 Nam
2093 3679 2340 3751 quoniam
2369 3675 2577 3742 cognati
2615 3679 2768 3726 erant
2815 3669 2954 3722 inter
2981 3681 3040 3720 se
3078 3663 3368 3719 secundum
3403 3674 3520 3714 car-

1933 3789 2088 3838 nem;
2122 3770 2252 3825 Ecce
2271 3770 2422 3832 enim,
2454 3763 2654 3834 inquit,
2689 3763 2910 3814 Elizabet
2946 3766 3157 3827 cognata
3200 3765 3287 3808 tua
3323 3763 3368 3806 et
3407 3752 3522 3820 ipsa

1936 3865 2162 3934 concepit
2187 3863 2348 3930 ﬁlium
2373 3857 2524 3928 (Luc.
2557 3858 2606 3909 1.
2651 3854 2766 3921 56),
2801 3851 2968 3920 inquit
3005 3847 3223 3916 angelus
3251 3845 3430 3898 Maria:
3455 3843 3524 3896 de.

1935 3955 2154 4012 Joannis
2185 3961 2353 4006 matre
2377 3967 2388 4001 :
2414 3946 2624 4016 quando
2650 3951 2826 3998 autetn
2855 3947 3093 4009 cognata:
3122 3945 3322 3990 matres
3343 3941 3518 3996 erant,

1939 4049 2102 4117 liquet
2147 4054 2200 4097 et
2248 4040 2492 4112 parvulos
2540 4043 2794 4106 cognatos
2835 4030 3042 4085 fuisse:
3071 4025 3318 4097 quoniam
3367 4022 3527 4093 igitur

1943 4113 2152 4210 cognati
2180 4143 2363 4198 erant,
2403 4146 2470 4184 ne
2507 4125 2837 4197 cognationis
2861 4121 3026 4192 gratia
3056 4115 3417 4172 testimonium
3442 4113 3528 4168 di-

1942 4206 2065 4288 cere
2092 4231 2307 4285 Christo
2337 4225 2606 4280 videretur
2625 4263 2638 4284 ,
2669 4220 2740 4272 ita
2769 4213 3031 4286 disposuit
3072 4210 3299 4284 Spiritus
3325 4206 3491 4277 gratia
3511 4246 3524 4267 ,

1945 4334 2002 4378 ut
2040 4323 2269 4393 priorem
2317 4329 2528 4372 anatem
2575 4312 2812 4367 Joannes
2851 4313 3027 4376 ageret
3075 4303 3127 4356 in
3171 4299 3422 4361 deserto,
3465 4311 3532 4349 ne

1946 4414 2189 4469 amicitize
2215 4425 2373 4465 causa
2404 4415 2496 4461 aut
2523 4421 2588 4459 ex
2614 4399 2912 4471 composito
2943 4396 3106 4450 talive
3135 4390 3364 4462 quodam
3396 4387 3528 4442 arti—

1949 4507 2066 4560 licio
2092 4500 2357 4573 perhiberi
2390 4494 2750 4552 testimonium
2782 4489 3049 4542 videretur
3071 4526 3086 4547 ,
3137 4481 3228 4535 sed
3262 4489 3532 4548 tamquam

1948 4615 1975 4653 a
2009 4568 2116 4653 Deo
2144 4592 2445 4648 admonitus
2475 4602 2596 4641 eum
2628 4582 2976 4638 renuntiaret.
3005 4568 3397 4645 Propterea,Et
3423 4584 3532 4639 rgo,

1951 4690 2136 4760 inquit.
2171 4683 2448 4739 nesciebam
2468 4695 2600 4733 eum.
2633 4674 2786 4731 Unde
2813 4672 2970 4741 igitur
2993 4663 3258 4722 didicisti?
3285 4662 3384 4728 Qui
3405 4660 3540 4714 misit

1951 4752 2037 4835 me
2054 4779 2307 4849 baptizare
2333 4776 2385 4827 in
2410 4787 2561 4838 aqua,
2602 4767 2690 4820 ille
2727 4765 2850 4820 mihi
2887 4761 3034 4816 dixit.
3080 4757 3216 4825 Quid
3243 4755 3334 4810 tibi
3361 4752 3537 4808 dixit?

1957 4848 2126 4942 Super
2154 4885 2299 4936 quem
2338 4863 2518 4918 uideris
2562 4859 2810 4929 Spiritum
2851 4853 3229 4908 descendentem
3271 4848 3414 4918 quasi
3452 4861 3540 4899 co-

1956 4936 2199 5026 lumbam,
2231 4968 2277 5012 et
2316 4963 2596 5009 manentem
2635 4965 2784 5018 super
2809 4962 2921 5000 eum
2945 4987 2959 5007 ,
3001 4944 3082 4997 hic
3110 4951 3181 4996 est
3206 4941 3290 5012 qui
3318 4936 3538 5006 baptisat

1955 5057 2010 5110 in
2031 5053 2230 5123 Spiritu
2259 5057 2434 5102 sancto
2465 5042 2676 5116 (Joann.
2704 5041 2754 5095 1.
2778 5039 2894 5108 55).
2922 5035 3085 5092 Vides
3110 5033 3308 5089 idcirco
3333 5027 3544 5123 venisse

1957 5118 2214 5217 Spiritum
2241 5149 2504 5202 sanctum,
2535 5150 2638 5190 non
2669 5131 2818 5203 quasi
2850 5140 2961 5184 tum
2989 5127 3218 5197 primum
3243 5118 3542 5182 adveniret,

1958 5207 2053 5296 sed
2081 5247 2136 5290 ut
2164 5249 2287 5289 eum
2311 5275 2325 5298 ,
2359 5231 2444 5301 qui
2473 5225 2862 5299 prmdicabatur
2884 5261 2899 5289 ,
2929 5220 3106 5274 volatu
3135 5217 3250 5286 ipso
3279 5209 3429 5282 quasi
3459 5207 3545 5263 di-

1961 5335 2068 5402 gito
2099 5335 2457 5387 monstraret,
2497 5319 2850 5387 omnibusque
2896 5325 3077 5368 notum
3126 5301 3414 5363 redderet?
3439 5301 3549 5356 Hac

1963 5397 2121 5494 igitur
2147 5422 2215 5476 de
2244 5433 2404 5474 causa
2435 5414 2500 5469 ad
2541 5413 2860 5482 baptismum
2901 5405 3062 5459 venit.
3118 5401 3188 5456 Et
3222 5413 3351 5453 vero
3389 5397 3546 5450 aliam

1963 5489 2034 5571 ob
2057 5527 2272 5571 causam
2313 5523 2468 5578 quam
2501 5507 2614 5576 ipse
2651 5502 2778 5558 dicit
2803 5517 2816 5553 :
2840 5511 3081 5568 quamam
3126 5493 3213 5548 illa
3247 5505 3406 5560 porro
3434 5489 3551 5543 est?

1965 5608 2096 5665 Cum
2123 5605 2345 5662 dixisset
2370 5601 2601 5657 Joannes
2625 5638 2640 5658 .
2676 5595 2788 5665 Ego
2812 5591 2964 5646 debeo
2987 5605 3018 5642 a
3045 5598 3092 5642 te
3112 5586 3398 5657 baptizari,
3428 5591 3472 5636 et
3500 5593 3552 5634 tu

1971 5721 2105 5760 venis
2137 5702 2202 5757 ad
2237 5714 2346 5766 me,
2389 5691 2664 5764 respondit
2704 5690 2817 5758 ipse
2857 5687 3072 5741 dicens:
3100 5679 3226 5736 Sine
3262 5679 3412 5733 modo
3425 5690 3445 5740 ;
3473 5679 3548 5730 sic

3179 5773 3258 5835 9.3
