3862 6232
455 292 558 343 5ϋ9

454 404 590 458 enim
617 404 755 456 decet
784 418 874 456 nos
903 402 1322 474 implereonmem
1343 402 1604 472 justitiam
1632 399 1844 471 (Matth.
1869 400 1920 454 ὅ.
1954 400 2038 454 ﬂ.

462 492 577 566 15).
609 493 800 549 Vidisti
851 492 1164 548 modestiam
1207 492 1422 546 famuli?
1471 491 1646 546 vidisti
1690 491 1897 546 Domini
1947 491 2041 544 hu-

458 583 775 638 militatem?
816 584 950 652 Quid
998 583 1208 639 tandem
1246 592 1362 648 est,
1410 582 1633 653 Implere
1667 599 1863 636 onmem
1882 581 2042 652 justi-

456 676 620 729 tiam?
639 676 846 732 Justitia
873 676 1065 731 dicitur
1085 676 1321 731 omnium
1353 676 1446 730 Dei
1478 674 1846 730 mandatorum
1873 674 2045 728 adim-

457 770 658 836 pletio,
695 779 746 822 ut
793 784 914 822 cum
960 769 1034 822 ait
1067 787 1079 821 :
1114 767 1275 821 Erant
1303 769 1432 837 justi
1471 766 1617 820 ambo
1657 767 1939 820 incedentes
1988 766 2043 819 in

456 859 710 913 mandatis
756 857 966 912 Domini
1009 860 1117 912 sine
1163 859 1365 929 querela
1409 858 1565 928 (Luc.
1609 860 1660 913 l.
1708 857 1786 928 6).
1819 856 2042 926 Quando

457 949 621 1018 igitur
669 949 929 1018 justitiam
985 950 1138 1003 istam
1194 951 1416 1019 implere
1468 948 1711 1004 homines
1764 947 2044 1018 oportebat

459 1058 680 1107 omnes,
724 1058 880 1096 nemo
907 1055 1082 1097 autem
1116 1043 1258 1096 illam
1302 1042 1522 1113 perfecit
1551 1058 1648 1096 nec
1677 1042 1942 1112 explevit,
1985 1049 2044 1094 ut

457 1133 601 1189 venit
619 1132 882 1200 Christus,
919 1134 1056 1189 hanc
1080 1135 1338 1204 justitiam
1371 1136 1570 1204 implet.

526 1225 580 1279 4.
624 1225 890 1292 Quomodo
928 1226 1158 1280 Christus
1180 1227 1400 1297 implevit
1431 1243 1629 1280 omnem
1664 1227 1944 1296 justitiam.
1972 1255 2043 1266 —

456 1316 898 1387 Quaenamporro
927 1319 1038 1371 haec
1067 1326 1149 1372 est
1168 1317 1392 1385 justitia,
1421 1318 1562 1372 dicet
1587 1318 1777 1387 aliquis
1800 1357 1814 1380 ,
1865 1317 2042 1386 bapti-

458 1408 608 1460 zari?
639 1407 920 1477 Pr0phette
942 1409 1354 1478 ,parerejustitia
1378 1418 1520 1464 erat:
1548 1419 1603 1463 ut
1635 1411 1791 1479 igitur
1811 1409 2042 1463 circum-

457 1515 601 1556 cisus
623 1510 703 1555 est
732 1511 784 1556 et
812 1503 1134 1557 sacrificium
1156 1504 1369 1570 obtulit,
1401 1502 1690 1558 etsabbala
1742 1501 2044 1556 observavit

458 1607 511 1650 et
556 1596 802 1652 Judaicas
847 1597 1162 1654 festivitates
1215 1599 1501 1668 implevit:
1536 1599 1607 1652 ita
1655 1606 1707 1652 et
1754 1595 1854 1650 hoc
1901 1595 2042 1665 quod

459 1690 693 1744 restabat
725 1689 990 1760 adjunxit,
1020 1701 1077 1746 ut
1107 1692 1382 1764 prophetae
1431 1691 1721 1760 baptizanti
1773 1690 2036 1746 obediret.

457 1779 589 1833 Nam
620 1789 674 1834 ut
699 1782 789 1836 Dei
819 1783 1146 1837 voluntatem
1208 1781 1373 1838 fuisse
1418 1783 1555 1837 scias
1575 1824 1591 1850 ,
1625 1792 1683 1836 ut
1713 1790 1821 1835 tum
1870 1781 2042 1850 bapti-

459 1887 635 1925 smum
663 1873 992 1942 susciperent
1026 1889 1232 1940 omnes,
1267 1874 1387 1928 audi
1411 1874 1536 1944 quid
1579 1874 1720 1928 dicat
1765 1873 1998 1928 Joannes
2027 1890 2040 1927 :

463 1964 564 2025 Qui
588 1966 720 2016 misit
744 1981 821 2018 me
836 1966 1092 2036 baptizare
1117 1967 1168 2019 in
1189 1982 1320 2034 aqua
1339 1965 1583 2037 (Joan.l.
1604 1964 1728 2036 '55);
1771 1973 1825 2019 et
1859 1979 2044 2020 rursus

459 2055 722 2119 Christus,
754 2054 1023 2110 Publiceni
1052 2065 1101 2110 et
1133 2058 1281 2111 turba
1325 2057 1733 2126 justiﬁcaverunt
1761 2054 1922 2108 Deum
1952 2054 2044 2108 ba-

457 2148 639 2216 ptizati
667 2147 914 2218 baptismo
937 2148 1160 2204 Joannis
1181 2166 1199 2203 :
1223 2149 1474 2204 Pharisaei
1491 2160 1657 2204 autent
1673 2157 1719 2202 et
1739 2148 1913 2203 scriba:
1931 2164 2045 2202 cono

458 2238 628 2291 silium
660 2238 755 2292 Dei
770 2250 1060 2310 spreveruut
1083 2258 1184 2296 non
1210 2242 1450 2312 baptizati
1474 2241 1537 2294 ab
1562 2258 1619 2295 eo
1668 2239 1816 2311 (Luc.
1865 2239 1915 2292 7.
1947 2237 2038 2293 29.

455 2331 572 2401 30).
604 2331 657 2388 Si
685 2349 814 2404 ergo
828 2333 1032 2404 justitia
1060 2345 1143 2391 est
1173 2335 1284 2390 Deo
1306 2350 1513 2404 parere,
1539 2335 1678 2390 Deus
1731 2342 1907 2388 autem
1947 2332 2043 2387 Jo-

459 2437 653 2478 annem
677 2425 842 2490 misit,
867 2435 924 2481 ut
953 2427 1202 2497 populum
1230 2427 1543 2497 haptizaret,
1577 2441 1695 2482 cum
1731 2425 1938 2480 caneris
1965 2425 2044 2479 le-

456 2513 542 2580 gis
564 2517 844 2585 pra‘ceptis
872 2517 971 2572 hoc
995 2519 1156 2573 etiam
1183 2518 1693 2587 Christusimplevit.
1712 2515 1875 2586 Finge
1889 2516 2046 2585 igitur

461 2607 717 2661 ducentos
744 2623 863 2664 esse
884 2609 1132 2665 denarios
1170 2611 1414 2665 mandata
1443 2610 1611 2680 legis;
1655 2609 1756 2664 hoc
1805 2608 2043 2662 debitum

456 2713 626 2766 genus
658 2707 898 2754 nostrum
952 2701 1257 2770 persolvere
1302 2701 1618 2771 Oportebat:
1652 2715 1756 2755 non
1791 2699 2046 2768 persolvi-

459 2804 580 2843 mus
609 2807 622 2842 :
656 2790 936 2845 coercebat
968 2807 1062 2845 nos
1084 2806 1230 2846 mors
1253 2791 1514 2846 obnoxios
1552 2791 1665 2846 istis
1712 2790 2041 2845 criminibus.

459 2881 593 2938 Cum
619 2884 854 2939 venisset
881 2885 1124 2940 Christus
1153 2899 1354 2955 nosque
1382 2885 1644 2938 coercitos
1697 2883 2006 2939 oll‘endisset
2025 2924 2042 2951 ,

461 2989 537 3029 :cs
565 2975 798 3030 alienum
825 2975 1088 3042 dissolvit,
1113 2975 1350 3031 debitum
1381 2975 1510 3030 illud
1538 2975 1801 3045 implevit,
1852 2984 1906 3030 et
1950 2990 2045 3031 eos

461 3066 551 3136 qui
578 3066 838 3122 solvendo
869 3082 974 3122 non
1003 3076 1156 3122 erant
1183 3067 1452 3123 liberavit.
1483 3066 1686 3123 Idcirco
1708 3081 1812 3122 non
1863 3066 1997 3121 dixit
2026 3109 2041 3134 ,

459 3157 626 3214 Decet
641 3174 737 3213 nos
754 3158 856 3214 hoc
872 3160 956 3214 vel
974 3160 1100 3214 illud
1121 3159 1316 3226 facere,
1332 3158 1478 3226 sed,l
1487 3159 1674 3230 mplere
1683 3175 1880 3214 onmem
1883 3158 2044 3229 justi-

462 3250 584 3309 tiam
605 3249 819 3320 (Matth.
845 3250 897 3305 3.
929 3251 1039 3320 15).
1065 3251 1149 3306 Me
1177 3251 1460 3305 Dominum
1495 3251 1668 3315 decet,
1715 3250 1906 3320 inquit,
1954 3265 2042 3320 qui

463 3343 634 3399 habeo
653 3359 750 3414 pro
777 3345 861 3410 iis,
885 3345 974 3414 qui
1005 3361 1111 3399 non
1136 3344 1356 3412 habent,
1384 3344 1688 3414 persolvere
1729 3360 1741 3396 :
1797 3342 1912 3398 hate
1961 3351 2045 3397 est

460 3436 794 3508 baptismatis
804 3438 1034 3503 occasio,
1050 3446 1106 3492 ut
1120 3437 1292 3508 legem
1316 3452 1528 3492 omnem
1545 3436 1783 3491 videatur
1797 3434 2040 3504 implere,

460 3539 515 3584 et
542 3530 678 3595 haec,
709 3539 764 3586 et
787 3531 872 3584 illa
903 3545 1062 3586 causa
1094 3539 1196 3596 est,
1221 3546 1340 3601 qua:
1369 3539 1493 3584 ante
1537 3529 1692 3584 istam
1739 3538 1817 3583 est
1859 3529 2037 3582 allata.

462 3619 802 3690 Quapropter
829 3630 883 3674 et
904 3620 1134 3690 Spiritus
1166 3620 1217 3674 in
1245 3621 1423 3689 specie
1449 3620 1710 3675 columba:
1726 3618 2038 3674 descendit:

463 3711 553 3765 ubi
577 3711 722 3767 enim
753 3720 836 3766 est
861 3711 1224 3766 reconciliatio
1253 3711 1365 3776 Dei,
1393 3711 1462 3764 ibi
1503 3719 1557 3765 et
1585 3711 1855 3766 columba.
1906 3710 2040 3765 Nam

457 3813 677 3859 etarca:
705 3803 818 3858 Noe
849 3813 1088 3873 tempore
1115 3817 1322 3857 ramum
1352 3811 1571 3872 gestans
1612 3801 1766 3855 oliva:
1795 3801 2040 3858 columba

459 3897 606 3951 venit
625 3897 818 3952 divina:
843 3896 1191 3967 benignitatis
1219 3897 1424 3966 signum
1466 3894 1902 3965 tempestatisque
1951 3909 2041 3950 se-

460 3987 599 4042 data:
625 3985 831 4057 (Cenes.
861 3987 958 4058 8):
988 4003 1132 4043 nunc
1159 4001 1372 4058 quoque
1412 3987 1466 4041 in
1505 3987 1687 4056 specie
1739 3986 1997 4042 columba:
2021 4027 2038 4055 ,

460 4096 565 4135 non
592 4080 644 4134 in
673 4095 899 4150 corpore
933 4080 1072 4152 (hoc
1096 4081 1239 4135 enim
1267 4079 1452 4136 sedulo
1470 4079 1758 4134 notandum
1776 4077 1917 4151 est),
1951 4095 2042 4135 ve-

459 4174 537 4228 nit
561 4172 789 4241 Spiritus
813 4172 924 4238 Dei,
945 4174 1263 4228 denuntians
1283 4173 1703 4229 misericordiam
1718 4173 1832 4228 orbi
1863 4183 2036 4228 terra-

459 4281 598 4331 I‘llm,
631 4265 892 4334 simulque
921 4266 1088 4320 virum
1117 4265 1448 4334 spiritualem
1467 4264 1753 4334 designans
1778 4267 2038 4320 innocen-

463 4369 568 4413 tem
591 4372 653 4412 ac
675 4358 994 4426 simplicem,
1027 4357 1346 4427 minimeque
1379 4357 1575 4412 malum
1604 4372 1725 4413 esse
1745 4366 1993 4427 oportere
2019 4374 2036 4412 :

455 4447 906 4520 quemadmodum
931 4457 986 4502 et
1004 4447 1252 4504 Christus
1279 4449 1373 4513 ait,
1411 4447 1528 4503 Nisi
1557 4449 1784 4502 conversi
1815 4449 2034 4520 fueritis,

457 4552 503 4596 et
533 4541 817 4612 eﬂiciamini
845 4541 975 4595 sicut
1003 4541 1234 4609 parvuli,
1286 4557 1388 4595 non
1437 4540 1687 4595 intrabitis
1734 4540 1789 4594 in
1827 4556 2038 4610 regnum

456 4633 698 4688 ca'lorum
717 4632 931 4704 (Matth.
959 4632 1045 4688 l8.
1077 4633 1158 4698 5).
1188 4633 1360 4702 Atque
1382 4633 1472 4688 illa
1497 4631 1710 4701 quidem
1736 4646 1878 4696 arca,
1900 4641 2035 4686 tem-

459 4734 662 4793 pestate
691 4726 892 4791 sedata,
917 4726 1114 4780 mansit
1138 4725 1191 4778 in
1223 4725 1398 4791 terris,
1432 4725 1547 4780 haec
1572 4740 1702 4780 vero
1720 4739 1844 4780 arca
1859 4724 2037 4779 divina

457 4815 730 4870 iracundia
752 4817 956 4885 sedata,
987 4817 1038 4871 in
1069 4815 1258 4872 caelum
1289 4817 1508 4885 abrepta
1533 4825 1646 4882 est,
1693 4824 1747 4871 et
1774 4829 1914 4870 nunc
1957 4823 2040 4869 est

459 4909 510 4962 in
541 4907 758 4962 dextera
803 4907 971 4964 Patris
1015 4908 1410 4964 immaculatum
1456 4908 1581 4963 illud
1607 4918 1663 4964 et
1700 4908 2035 4979 impollutum

453 5013 670 5069 corpus.

528 5090 606 5145 De
629 5090 903 5144 reverentia
923 5105 1082 5144 sacra
1126 5091 1462 5145 Eucharistite
1504 5091 1801 5146 exhibenda.
1835 5123 1904 5133 ——
1933 5091 2037 5147 Ve-

455 5183 852 5241 rumenimvero
898 5183 1112 5253 quando
1137 5182 1203 5238 de
1245 5183 1454 5238 Domini
1503 5198 1730 5254 corpore
1777 5183 1915 5240 facta
1953 5192 2037 5239 est

455 5275 679 5342 mentio,
702 5289 879 5344 opera:
922 5273 1150 5342 pretium
1176 5282 1279 5340 est,
1306 5283 1364 5328 ut
1391 5273 1482 5328 ubi
1511 5273 1578 5330 de
1593 5290 1658 5329 eo
1687 5288 1854 5343 pauca
1898 5274 2035 5343 apud

450 5381 549 5422 vos
574 5364 1019 5430 disseruerimus,
1063 5363 1288 5419 orationi
1337 5363 1496 5420 finem
1529 5365 1883 5433 imponamus.
1913 5363 2038 5418 Scio

454 5459 567 5514 fore
591 5466 648 5512 ut
667 5454 1047 5528 quamplurimi
1073 5454 1211 5524 apud
1260 5469 1361 5510 nos
1399 5470 1464 5510 ex
1486 5453 1608 5510 festi
1648 5453 2038 5510 consuetudine

452 5551 518 5606 ad
548 5565 752 5606 sacram
775 5549 912 5604 hanc
937 5561 1176 5602 mensam
1210 5554 1495 5604 accurrant
1517 5565 1530 5602 :
1555 5561 1682 5602 sane
1706 5545 1918 5616 quidem
1946 5561 2040 5600 ex-

456 5643 684 5712 pediret,
708 5640 760 5694 id
781 5639 1082 5710 quodalias
1113 5652 1254 5709 smpe
1275 5637 1412 5704 dixi,
1441 5646 1497 5692 ut
1523 5637 1651 5693 festa
1697 5651 2032 5707 nequaquam

463 5732 893 5800 observarentur,
914 5731 1125 5802 quando
1151 5731 1544 5788 communicare
1569 5746 1702 5803 Opus
1727 5741 1888 5799 esset,
1942 5731 2038 5788 sed

1210 287 1262 339 S.
1305 284 1583 340 JOANNIS
1617 285 2096 342 CIIRYSOSTOMI
2139 285 2456 343 ABCIIIEP.
2499 291 3033 348 CONSTANTINOP.

3651 275 3747 327 370

2157 405 2214 449 ut
2242 399 2571 453 conscientia
2601 400 2970 469 mundaretur,
3000 416 3063 458 ac
3092 413 3200 458 tum
3223 412 3477 460 sanctum
3499 405 3650 462 istud
3663 423 3748 461 sa-

2152 488 2412 544 crificium
2439 491 2790 562 attingeretur
2813 511 2828 559 ;
2855 496 2944 564 qui
2971 496 3116 550 enim
3145 496 3436 566 piacularia
3456 509 3542 554 est
3561 509 3621 555 et
3646 500 3747 554 im-

2151 580 2399 647 mundus,
2415 597 2483 637 ne
2513 582 2565 636 in
2596 584 2731 638 festo
2745 585 2958 655 quidem
2981 601 3190 656 aequum
3210 597 3295 644 est
3312 599 3592 645 utsancta:
3611 591 3750 646 illius

2148 687 2212 728 ac
2235 675 2523 729 tremenda:
2551 677 2728 731 carnis
2759 679 3023 748 particeps
3051 679 3180 746 fiat;
3211 682 3302 751 qui
3329 697 3465 738 vero
3512 684 3749 738 mundus

2148 774 2252 829 est,
2280 775 2335 820 et
2363 776 2605 822 accurata
2626 770 2938 838 paenitentia
2966 771 3157 827 delicta
3185 773 3460 840 abstersit,
3517 791 3644 830 cum
3693 776 3749 830 in

2148 856 2503 922 solemnitate,
2533 867 2641 912 tum
2667 873 2882 929 sen‘iper
2907 861 3100 931 dignus
3121 861 3311 929 fuerit,
3346 864 3437 934 qui
3466 867 3749 936 mysteriis

2149 949 2342 1004 divinis
2369 952 2754 1016 communicet,
2807 968 2870 1007 ac
2924 954 3014 1008 Dei
3061 954 3219 1010 donis
3264 955 3592 1024 perfruatur.
3639 959 3748 1014 Sed

2148 1040 2398 1108 quoniam
2425 1040 2526 1096 hoc
2553 1043 2734 1098 nescio
2755 1059 2861 1112 quo
2880 1054 3030 1112 pacto
3048 1046 3334 1116 negligitur
3348 1063 3378 1101 a
3394 1049 3745 1117 quibusdam,

2149 1131 2406 1200 multique
2449 1134 2717 1188 sexcentis
2750 1145 3019 1190 scatentes
3044 1137 3337 1192 sceleribus
3363 1153 3487 1194 cum
3535 1139 3746 1194 adven-

2150 1231 2262 1277 tare
2291 1223 2483 1277 festum
2511 1223 2776 1291 viderint,
2805 1233 3077 1296 tamquam
3102 1228 3170 1281 ab
3200 1229 3313 1298 ipsa
3334 1229 3422 1284 die
3448 1233 3692 1299 protrusi
3720 1273 3738 1298 ,

2149 1315 2402 1383 mysteria
2421 1329 2572 1369 sacra
2589 1317 2923 1386 contingunt,
2945 1333 3062 1388 qum
3087 1334 3152 1373 ne
3167 1320 3340 1375 oculis
3368 1322 3588 1390 quidem
3620 1338 3745 1378 cer-

2150 1419 2276 1459 nere
2299 1406 2377 1459 sic
2404 1405 2610 1461 affectis
2638 1407 2714 1462 fas
2755 1418 2836 1463 est
2861 1426 2876 1462 :
2906 1424 3000 1464 eos
3050 1411 3286 1481 quidem,
3333 1414 3422 1483 qui
3467 1415 3741 1470 manifesti

2149 1507 2275 1549 sunt
2321 1497 2494 1564 nobis,
2543 1498 2699 1568 plane
2741 1499 3046 1556 arcebimus
3075 1518 3087 1554 :
3118 1518 3212 1558 eos
3265 1519 3395 1560 vero
3431 1506 3525 1576 qui
3582 1507 3743 1562 nobis

2150 1589 2314 1658 ignoti
2346 1599 2490 1657 sunt,
2543 1590 2652 1644 Deo
2674 1591 3036 1661 relinquemus
3058 1635 3072 1658 ,
3105 1595 3195 1663 qui
3243 1597 3438 1651 mentis
3477 1597 3743 1667 cujusque

2147 1691 2353 1736 secreta
2377 1683 2558 1737 novit:
2595 1683 2645 1737 id
2685 1684 2898 1754 quidem
2943 1695 3089 1741 certe
3121 1687 3173 1741 in
3215 1703 3321 1758 quo
3366 1690 3435 1745 ab
3487 1691 3741 1746 omnibus

2147 1783 2332 1844 aperte
2363 1783 2636 1844 peccatur,
2669 1775 2828 1832 hodie
2853 1777 3166 1832 conabimur
3193 1779 3502 1835 emendare.
3543 1781 3736 1849 Quod-

2147 1883 2268 1923 nam
2298 1867 2455 1937 igitur
2483 1866 2615 1921 illnd
2662 1878 2939 1938 peccatum
2969 1870 3092 1924 est?
3122 1869 3276 1938 Quod
3323 1884 3445 1925 cum
3497 1880 3742 1928 tremore

2149 1975 2254 2014 non
2277 1961 2610 2030 accedamus,
2639 1963 2734 2018 sed
2777 1965 3014 2021 calcibus
3053 1966 3390 2035 impetentes,
3422 1968 3743 2037 percutien-

2151 2061 2248 2117 tes,
2277 2053 2350 2107 ira
2367 2063 2666 2123 turgentes,
2688 2056 3009 2124 clamantes,
3031 2059 3411 2127 conviciantes,
3429 2062 3744 2130 proximum

2151 2146 2444 2214 trudentes,
2475 2149 2878 2216 perturbatione
2903 2151 3112 2221 repleti.
3141 2152 3266 2208 Haec
3286 2161 3337 2207 et
3363 2169 3511 2224 sape
3530 2153 3671 2221 dixi,
3689 2164 3745 2210 et

2147 2235 2328 2292 dicere
2355 2253 2459 2292 non
2476 2238 2721 2294 cessabo.
2746 2240 2933 2298 Nonne
2962 2242 3153 2298 videtis
3176 2245 3227 2298 in
3275 2245 3573 2315 Olympicis
3622 2260 3744 2300 cer-

2151 2327 2438 2383 taminibus
2460 2328 2585 2384 dum
2611 2334 2784 2400 capite
2808 2347 3061 2387 coronam
3083 2343 3317 2404 gestans,
3336 2335 3567 2389 amictus
3581 2336 3741 2400 stola,

2149 2419 2350 2489 virgam
2397 2436 2558 2475 manu
2587 2431 2775 2477 tenens
2801 2423 3120 2494 agonotheta
3151 2440 3246 2494 per
3287 2425 3462 2479 ferum
3513 2425 3742 2490 incedit,

2147 2522 2340 2582 quanta
2367 2515 2438 2568 sit
2463 2516 2814 2585 tranquillitas
2840 2532 2902 2571 ac
2931 2517 3214 2584 modestia,
3245 2517 3370 2571 dum
3396 2532 3576 2587 praeco
3609 2533 3742 2572 voce

2148 2603 2450 2672 denuntiat,
2482 2618 2538 2662 ut
2567 2623 2755 2664 onmes
2781 2610 2972 2664 sileant
3017 2625 3079 2664 ac
3126 2609 3380 2665 decenter
3417 2610 3742 2679 quiescant?

2148 2699 2244 2754 Cui
2272 2701 2433 2770 igitur
2459 2717 2563 2756 non
2587 2703 2874 2758 absurdum
2904 2703 3165 2767 videatur,
3220 2713 3280 2757 ut
3321 2704 3410 2758 ubi
3439 2703 3741 2772 triumphat

2149 2792 2413 2861 diabolus,
2443 2795 2596 2865 quies
2616 2805 2759 2850 tanta
2791 2797 2889 2860 sit;
2916 2796 3006 2850 ubi
3027 2811 3155 2852 vero
3182 2797 3430 2852 Christus
3469 2797 3538 2851 ad
3565 2812 3631 2852 se
3647 2812 3740 2850 vo-

2148 2894 2253 2951 cat,
2284 2885 2538 2940 tumultus
2569 2887 2828 2956 plurimus
2850 2887 3135 2942 audiatur?
3167 2887 3224 2942 In
3264 2887 3382 2943 foro
3418 2888 3737 2951 silentium,

2149 2985 2204 3030 et
2232 2977 2286 3030 in
2329 2976 2554 3030 ecclesia
2580 2977 2818 3033 clamor?
2850 2978 2900 3032 in
2944 2979 3131 3048 pelago
3160 2978 3540 3048 tranquillitas,
3575 2987 3638 3033 et
3683 2979 3736 3032 in

2149 3077 2303 3137 portu
2328 3067 2650 3136 tempestas?
2667 3067 2824 3135 Quid,
2845 3083 3044 3138 quaeso,
3073 3068 3429 3132 tumultuaris,
3446 3069 3521 3123 mi
3542 3067 3741 3123 homo?

2147 3159 2272 3228 quid
2301 3167 2351 3213 te
2376 3158 2564 3228 urget?
2586 3159 2918 3228 negotiorum
2941 3159 3192 3214 nimirum
3217 3168 3407 3215 avocat
3431 3167 3485 3214 te
3497 3160 3740 3214 necessi-

2149 3258 2228 3303 tas
2253 3265 2268 3303 :
2299 3265 2366 3304 an
2397 3265 2526 3304 vero
2557 3259 2610 3304 tu
2646 3250 2733 3304 illa
2757 3250 2851 3304 tibi
2873 3250 3005 3305 hora
3035 3250 3142 3304 ulla
3163 3265 3283 3306 esse
3320 3251 3534 3321 negotia
3593 3251 3740 3304 arbi-

2150 3339 2347 3394 traris?
2373 3356 2438 3394 an
2469 3352 2523 3394 tu
2549 3350 2600 3396 te
2626 3340 2846 3394 omnino
2887 3341 2940 3394 in
2968 3342 3126 3396 terris
3146 3355 3268 3395 esse
3294 3340 3635 3395 meministi?
3664 3356 3729 3394 an

2144 3439 2200 3485 te
2229 3445 2350 3485 cum
2379 3430 2686 3487 hominibus
2711 3432 2915 3487 versari
2941 3432 3170 3486 censes?
3198 3431 3328 3498 Quis
3359 3431 3461 3485 hoc
3490 3445 3598 3484 non
3647 3446 3738 3484 sa-

2146 3539 2261 3578 xea:
2288 3523 2486 3578 mentis
2514 3539 2634 3580 esse
2655 3524 2815 3592 dicat,
2855 3525 2945 3579 illo
2969 3539 3027 3579 se
3054 3533 3295 3594 tempore
3317 3525 3369 3578 in
3397 3525 3557 3579 terris
3608 3539 3737 3578 eon-

2147 3615 2338 3670 sistere
2358 3615 2626 3679 arbitrari,
2657 3631 2763 3670 non
2789 3632 2908 3671 cum
2955 3616 3162 3686 angelis
3205 3615 3435 3670 choreas
3481 3614 3687 3669 dueere
3712 3656 3727 3679 ,

2148 3723 2269 3762 cum
2297 3709 2488 3779 quibus
2514 3710 2794 3779 mysticum
2825 3709 2974 3763 illum
3015 3707 3272 3779 hymnum
3318 3707 3686 3777 pronuntiasti
3714 3725 3730 3770 ;

2145 3814 2265 3854 cum
2297 3800 2490 3869 quibus
2518 3800 2627 3855 Deo
2654 3801 2918 3855 canticum
2944 3799 3072 3853 illud
3093 3797 3414 3867 triumphale
3438 3799 3733 3854 cecinisti?

2146 3890 2438 3960 Propterea
2483 3901 2536 3946 et
2567 3905 2667 3945 nos
2706 3891 2913 3960 aquilas
2944 3890 3188 3945 Christus
3216 3889 3554 3959 appellavit,
3607 3903 3730 3944 cum

2145 3981 2301 4047 dixit,
2333 3981 2429 4037 Ubi
2458 3982 2692 4048 cadaver,
2719 3982 2788 4035 ibi
2813 3980 3251 4053 congregabantur
3277 3990 3327 4033 et
3352 3979 3540 4048 aquila:
3560 3980 3579 4050 (
3599 3979 3726 4032 Luc.

2149 4078 2234 4130 17.
2257 4077 2373 4147 57),
2405 4086 2463 4130 ut
2490 4077 2542 4131 in
2569 4076 2756 4130 cmlum
2789 4075 3160 4138 ascendamus,
3194 4082 3250 4126 ut
3280 4074 3331 4127 in
3359 4073 3530 4127 altum
3550 4072 3731 4127 evole-

2144 4185 2262 4224 mus
2289 4169 2506 4238 spiritus
2528 4167 2716 4236 pennis
2737 4165 3010 4230 subvecti;
3041 4174 3096 4219 at
3129 4179 3228 4218 nos
3269 4173 3457 4218 contra
3509 4177 3730 4233 serpen-

2143 4272 2254 4318 tum
2280 4278 2428 4318 more
2468 4261 2614 4316 humi
2643 4261 2930 4329 serpimus,
2956 4268 3261 4327 terramque
3316 4256 3726 4312 manducamus.

2146 4353 2318 4408 Vultis
2335 4352 2507 4407 dicam
2526 4351 2669 4406 unde
2691 4350 2952 4405 tumultus
2979 4356 3036 4404 et
3076 4348 3280 4401 clamor
3307 4347 3549 4400 oriatur?
3574 4344 3728 4413 Quod

2143 4461 2250 4502 non
2267 4454 2377 4501 toto
2389 4444 2524 4500 sacri
2547 4452 2787 4514 tempore
2802 4439 2954 4496 vobis
2965 4439 3104 4496 fores
3120 4438 3485 4505 occludamus,
3500 4437 3594 4492 sed
3606 4446 3731 4491 ante

2142 4546 2464 4607 postremam
2500 4535 2791 4606 gratiarum
2820 4533 3086 4587 actionem
3117 4530 3327 4585 resilire
3348 4544 3465 4596 vos,
3481 4527 3726 4584 domum-

2142 4643 2250 4698 que
2275 4626 2454 4682 redire
2476 4625 2759 4696 patiamur,
2791 4623 2937 4694 quod
2964 4631 3019 4678 et
3044 4623 3219 4692 ipsum
3265 4635 3370 4675 non
3400 4619 3726 4674 mediocrem

2143 4727 2509 4789 contemptum
2537 4717 2718 4772 habet.
2755 4715 2892 4782 Quid
2934 4713 3085 4780 facis,
3114 4712 3187 4767 mi
3219 4711 3413 4766 homo?
3455 4711 3730 4766 Praesente

2142 4809 2376 4875 Christo,
2409 4808 2742 4864 adstantibus
2768 4806 2992 4876 angelis,
3021 4804 3291 4874 proposita
3319 4802 3421 4857 ista
3448 4801 3727 4857 tremenda

2144 4917 2352 4967 mensa,
2379 4899 2505 4954 dum
2535 4898 2710 4954 adhuc
2733 4896 2927 4952 fratres
2947 4896 3021 4950 tui
3046 4894 3318 4966 mysteriis
3345 4894 3652 4960 initiantur,
3677 4903 3728 4946 tu

2146 4993 2348 5049 relictis
2373 4992 2480 5046 illis
2505 4990 2782 5046 abscedis?
2824 4990 2984 5058 Atqui
3016 4987 3080 5042 ad
3108 4985 3390 5057 prandium
3426 4984 3644 5055 quidem
3684 4985 3727 5038 si

2145 5094 2364 5140 vocatus
2395 5082 2580 5149 fueris,
2607 5080 2820 5137 tametsi
2851 5081 2998 5148 prius
3025 5086 3297 5132 saturatus
3348 5077 3425 5130 sis
3449 5116 3465 5141 ,
3519 5089 3727 5130 recum-

2145 5179 2393 5236 bcntibus
2417 5175 2629 5232 cretcris
2651 5189 2758 5228 non
2787 5171 2956 5227 audes
2982 5180 3109 5225 ante
3154 5168 3357 5222 amicos
3404 5165 3724 5230 discedere;

2143 5271 2229 5328 hic
2257 5285 2384 5324 vero
2413 5269 2536 5323 dum
2557 5265 2755 5321 Christi
2778 5263 3029 5335 mysteria
3051 5261 3410 5324 celebrantur,
3432 5257 3562 5312 dum
3605 5272 3723 5312 san-

2145 5373 2286 5418 ctum
2311 5360 2439 5416 illud
2465 5356 2789 5414 sacrificium
2816 5353 2992 5409 adhuc
3021 5352 3315 5423 peragitur,
3342 5353 3522 5406 omnia
3542 5350 3593 5404 in
3617 5365 3722 5404 me-

2144 5455 2234 5509 dio
2259 5450 2586 5520 derelinquis
2615 5457 2669 5504 et
2695 5445 2986 5502 abscedis?
3013 5443 3144 5510 Quis
3172 5442 3288 5497 hare
3325 5441 3542 5496 tandem
3572 5442 3719 5495 venia

2145 5547 2302 5616 digna
2328 5541 2640 5601 censuerit?
2663 5540 2784 5611 quis
2810 5536 3122 5594 defensione
3145 5534 3422 5606 purgarit‘.’
3451 5533 3625 5587 Vultis
3643 5532 3721 5584 di-

2146 5636 2560 5706 camcujusnam
2585 5647 2721 5705 opus
2747 5629 3027 5701 perficiant
3049 5626 3120 5683 illi
3166 5626 3258 5695 qui
3305 5633 3435 5681 ante
3479 5623 3717 5693 comple-

2151 5739 2384 5786 mentum
2429 5728 2694 5796 linemque
2715 5722 3015 5790 discedunt,
3062 5734 3235 5789 neque
3280 5732 3436 5776 cena
3483 5716 3716 5773 absoluta
