3906 6224
75 430 245 484 νην.
296 407 448 479 Εἶδες
494 406 912 487 εὐγνωμοσύνην
949 415 1188 480 οἰκέτους
1240 411 1374 481 εἶδες
1428 432 1679 470 ταπεινο-

74 498 387 570 φροσύνην
439 499 744 565 Δεσπότου;
797 499 863 552 Τί
909 500 1039 553 ποτέ
1090 501 1208 553 ἐστι
1255 500 1338 563 τὸ,
1394 500 1682 572 Πληρῶσαι

80 585 293 638 πᾶσαν
318 582 695 653 δικαιοσύνην;
729 583 1053 653 Δικαιοσύνη
1077 582 1294 650 λέγεται
1320 583 1426 653 τῶν
1455 582 1684 636 ἐντολῶν

46 659 301 720 ’πασῶν
338 668 372 736 ἡ
406 651 719 737 πλήρωσιςο
757 664 951 736 ὥσπερ
986 651 1114 720 ὅταν
1152 665 1321 737 λέγῃ⁸
1341 651 1544 721 Ἦσαν
1570 663 1683 735 ἀμ-

77 748 346 816 φότεροι
400 746 614 802 δίκαιοι
664 749 1052 817 πορευόμενοι
1108 749 1179 802 ὲν
1229 746 1359 813 ταῖς
1410 747 1683 813 ἐντολαῖς

77 828 216 883 τοῦ
243 831 462 898 Κυρίου
485 830 794 900 ἄμεμπτοι.
831 830 986 884 Ἐπεὶ
1011 825 1103 884 οῦν
1130 828 1236 882 ἔδει
1269 828 1555 900 πληρῶσαι
1583 828 1684 900 τὴν

78 911 449 984 δικαιοσύνην
476 912 681 983 ταύτην
717 913 842 977 τοὺς
871 912 1188 985 ἀνθρώπους
1216 912 1481 976 ἅπαντας,
1509 911 1682 976 οὐδεὶς

80 995 162 1048 δὲ.
188 997 358 1067 αὐτὴν
381 998 681 1068 ἀπήρτισεν
704 996 822 1049 οὐδὲ
843 996 1181 1067 ἐπλήρωσεν,
1206 996 1374 1050 ἐλθὼν
1398 998 1426 1050 6
1447 996 1681 1069 Χριστὸς

80 1079 309 1149 πληροῖ
339 1080 437 1152 τὴν
461 1079 805 1150 δικαιοσύνην
835 1079 1065 1149 ταύτην.

184 1164 248 1217 δ’.
266 1163 374 1217 Καὶ
394 1161 525 1216 ποία
540 1161 873 1234 δικαιοσύνη,
917 1164 1070 1234 φησὶ,
1091 1163 1151 1216 τὸ
1185 1163 1576 1235 βαπτισθῆναι;
1607 1163 1680 1216 Τὸ

82 1242 185 1313 τῷ
232 1245 483 1316 προφήτῃ
530 1245 813 1315 πεισθῆναι
844 1244 1153 1317 δικαιοσύνη
1200 1241 1288 1317 ἦν.
1330 1246 1540 1318 Ὥσπερ
1584 1241 1679 1302 οῦν

89 1325 263 1398 [575]
300 1328 703 1399 περιετὲμνετο,
731 1328 825 1383 καὶ
857 1327 1050 1383 θυσίαν
1096 1331 1383 1401 ἀνήνεγκε,
1412 1330 1508 1382 καὶ
1545 1328 1679 1383 σάϐ-

85 1408 249 1463 ϐατα
299 1412 553 1483 ἐτήρησε,
602 1410 696 1465 καὶ
744 1411 935 1483 ἐορτάς
988 1410 1305 1482 ἐπλήρωσεν
1350 1411 1677 1477 Ἰουδαῖκιπ,

82 1490 252 1545 οὕτω
281 1493 375 1546 καὶ
420 1491 578 1547 τοῦτο
618 1493 680 1547 τδ
731 1493 1051 1563 λειπόμενον
1092 1493 1420 1565 προσέθηκε,
1462 1495 1525 1547 τὸ
1557 1512 1678 1547 πει-

86 1574 297 1646 σθῆναι
334 1577 586 1648 προφήτῃ
618 1573 951 1648 βαπτίζοντι.
980 1576 1101 1629 Ὀτι
1127 1576 1235 1648 γὰρ
1261 1576 1395 1630 Θεοῦ
1431 1576 1679 1648 βούλημα

81 1652 171 1727 ἦν
202 1657 266 1711 τὸ
296 1657 649 1729 βαπτίζεσθαι
681 1659 888 1723 πάντας
926 1659 1071 1721 τότε,
1098 1660 1330 1713 ἄκουσον
1370 1659 1424 1712 τί
1457 1676 1620 1730 φησιν
1650 1662 1679 1714 6

101 1740 397 1811 Ἰωάννης
433 1742 485 1793 '0
524 1740 765 1810 πέμψας
792 1758 867 1810 με
887 1739 1198 1805 βαπτίζειν
1227 1741 1299 1794 ἐν
1336 1741 1538 1795 ὕδατι⁸
1581 1743 1677 1796 καὶ

86 1823 269 1877 πάλιν
294 1826 322 1877 6
348 1824 602 1896 Χριστὸς,
634 1826 699 1877 Ol
725 1823 976 1878 τελῶναι
1014 1823 1112 1878 καὶ
1142 1825 1175 1877 ό
1211 1822 1394 1892 ὄχλος
1422 1822 1682 1877 ἐδικαίω-

84 1921 230 1961 σαν
265 1910 372 1962 τὸν
396 1908 564 1973 Θεὸν,
583 1905 1023 1974 βαπτισθέντες
1050 1905 1118 1960 τὸ
1142 1905 1459 1974 βάπτισμα
1495 1905 1680 1961 Ἰωάν-

84 2008 221 2046 νου
240 2008 255 2022 ⁸
285 1994 339 2046 οἱ
366 1990 435 2044 δὲ
464 1988 770 2059 Φαρισαῖοι
798 1988 896 2042 καὶ
919 1991 973 2043 οί
996 1986 1350 2059 γραμματεῖς
1376 1986 1680 2055 ἠθέτησαν

84 2074 222 2141 τὴν
254 2073 500 2142 βουλὴν
534 2072 641 2127 τοῦ
682 2070 831 2126 Θεοῦ
853 2070 938 2141 μὴ
975 2068 1415 2135 βαπτισθέντες
1442 2069 1544 2123 ὑπ’
1572 2072 1678 2124 αὐ-

85 2157 234 2211 τοῦ.
266 2159 329 2210 Et
356 2156 535 2209 τοίνυν
561 2156 624 2209 τὸ
661 2154 739 2226 τῷ
769 2155 889 2224 Θεῴ
935 2152 1216 2207 πείθεσθαι
1260 2152 1603 2223 δικαιοσύνη,
1651 2153 1680 2205 6

87 2241 159 2294 δὲ
205 2240 339 2305 Θεὸς
385 2240 597 2311 ἔπεμψε
646 2238 736 2292 τὸν
768 2238 1042 2308 Ἰωάννην,
1090 2236 1231 2289 ὥστε
1281 2234 1539 2306 βαπτίσαι
1585 2235 1677 2289 τὸν

86 2322 252 2385 λαὸν,
296 2322 435 2393 μετά
476 2321 585 2375 τῶν
622 2321 795 2375 ἀλλων
849 2320 1102 2373 ἁπάντων
1145 2317 1254 2373 τῶν
1303 2317 1541 2389 νομικῶν
1583 2318 1677 2371 καὶ

84 2404 262 2458 τοῦτο
284 2406 599 2477 ἐπλήρωσεν
624 2406 652 2457 6
680 2403 932 2475 Χριστός.
968 2401 1199 2453 ’Υπόθου
1225 2400 1403 2454 τοίνυν
1431 2400 1677 2454 διακόσια

86 2488 334 2559 δηνάρια
360 2487 453 2541 τοῦ
482 2487 645 2558 νόμου
674 2485 772 2549 τὰς
802 2485 1018 2546 ἐντολὰς
1043 2479 1181 2536 εἶναι
1202 2499 1215 2509 ·
1246 2481 1404 2536 τοῦτο
1432 2483 1492 2536 τὸ
1519 2484 1675 2552 χρέος

88 2571 212 2625 ἔδει
243 2570 306 2623 τὸ
352 2570 505 2639 γένος
543 2570 605 2623 τὸ
639 2569 902 2639 ἡμέτερον
953 2564 1304 2619 καταϐαλεῖν·
1336 2566 1396 2618 ού
1444 2566 1679 2620 κατεϐά-

87 2654 300 2725 λομεν⁸
342 2656 587 2723 κατεῖχεν
632 2652 780 2721 ἡμᾶς
804 2652 832 2703 ὁ
869 2648 1096 2710 θάνατος
1151 2646 1485 2710 ὑπευθύνους
1516 2647 1676 2711 ὄντας

86 2740 216 2801 ’τοῖς
246 2736 549 2808 ἐγκλήμασι
576 2734 802 2797 τούτοις.
838 2731 1037 2786 Ἐλθὼν
1060 2732 1088 2783 ὁ
1116 2729 1348 2801 Χριστὸς
1375 2730 1469 2782 καὶ
1501 2731 1676 2801 εὑρὼν

87 2823 253 2892 ἡμᾶς
304 2819 722 2890 κατεχομένους,
765 2816 1033 2870 κατέϐαλε
1062 2815 1124 2868 τὸ
1165 2815 1344 2886 χρέος,
1388 2814 1675 2886 ἐπλήρωσε

84 2908 159 2960 ’τὸ
192 2906 433 2976 ὄφλημα,
466 2904 741 2974 ἐξήρπασε
772 2901 900 2963 τοὺς
951 2899 1051 2952 οὐκ
1090 2898 1310 2968 ἔχοντας
1346 2897 1546 2951 δοῦναι.
1577 2899 1677 2952 Διά

87 2990 261 3043 τοῦτο
294 2989 394 3042 οὐκ
422 2982 564 3049 εἶπε,
604 2984 817 3056 Πρέπον
850 2983 997 3035 ἐστὶν
1042 2982 1173 3051 ἡμῖν
1208 2980 1432 3049 ποιῆσαι
1480 2980 1541 3031 τὸ
1582 2980 1677 3033 καὶ

86 3074 183 3139 τὸ,
230 3071 396 3135 ἀλλά,
446 3066 765 3136 Πληρῶσαι
818 3063 1025 3119 πᾶσαν
1071 3063 1484 3130 δικαιοσύνην.
1525 3063 1678 3133 Ἐμοὶ

87 3156 180 3227 τῷ
215 3154 461 3224 Δεσπὸτῃ
505 3152 717 3223 πρέπον
749 3148 887 3213 ἐστὶ,
935 3146 1086 3216 φησὶ,
1118 3144 1197 3214 τῷ
1244 3145 1457 3214 ἔχοντι,
1494 3162 1676 3227 κατα.

90 3226 287 3293 ϐαλεῖν
325 3236 467 3306 ὑπὲρ
506 3233 614 3287 τῶν
664 3233 766 3284 οὐκ
816 3230 1066 3299 ἐχόντων.
1115 3226 1262 3297 Αὕτη
1311 3228 1345 3297 ἡ
1390 3226 1538 3280 αίτία
1582 3227 1676 3281 τοῦ

93 3323 503 3395 βαπτίσματος,
530 3316 618 3371 ἴνα
659 3313 787 3385 δόξῃ
811 3313 900 3395 τὸν
941 3312 1105 3382 νόμον
1148 3310 1371 3395 ἅπαντα
1415 3308 1675 3395 πληροῦν,

90 3392 197 3461 καὶ
226 3403 398 3474 αὕτη,
438 3401 534 3454 καὶ
581 3402 615 3471 ἡ
648 3397 753 3468 πρὸ
783 3394 987 3464 ταύτης
1018 3393 1300 3465 εἰρημένη.
1348 3394 1440 3445 Διο
1490 3392 1583 3446 καὶ
1618 3393 1679 3447 τὸ

90 3490 330 3560 Πνεῦμα
364 3490 421 3541 ἐν
451 3485 581 3538 εῖδει
609 3479 935 3552 περιστερᾶς
971 3477 1241 3532 κάτεισιν⁸
1276 3477 1409 3529 ὅπου
1439 3475 1547 3560 γὰρ
1580 3494 1677 3530 κα-

89 3558 349 3644 ταλλαγὴ
374 3567 530 3632 Θεοῦ,
562 3564 881 3636 περιστερά.
914 3563 1043 3644 Καί
1065 3560 1173 3644 γάρ
1215 3560 1309 3644 καὶ
1335 3558 1568 3644 ,ἐπὶ-της
1597 3577 1680 3614 χι-

92 3638 407 3726 ϐωτοῦήτῆς
442 3653 534 3707 ἐπὶ
570 3648 693 3704 Νῶε
725 3646 968 3719 φέρουσα
1000 3643 1193 3726 κλάδον
1225 3642 1416 3726 ἐλαίας
1450 3638 1612 3726 ἦλθεν
1644 3644 1677 3713 ἠ

89 3724 423 3812 περιστερὰ,
476 3732 741 3806 σύμϐολον
782 3730 883 3796 τῆς
927 3726 1023 3781 τοῦ
1055 3725 1189 3812 Θεοῦ
1236 3724 1673 3812 φιλανθρωπίας,

91 3807 204 3881 καὶ
240 3807 348 3894 τῆς
379 3820 474 3874 τοῦ
506 3816 774 3890 χειμῶνος
817 3811 1137 3881 ἀπαλλαγῆς
1157 3825 1171 3839 ⁸
1213 3809 1307 3862 καὶ⁸
1335 3808 1439 3894 νῦν
1459 3809 1516 3861 ἐν
1550 3807 1679 3894 εῖδει

93 3891 460 3979 περιστερᾶς,
485 3905 584 3957 οὐκ
613 3905 671 3956 ἐν
705 3899 917 3970 σώματι
945 3897 1048 3966 (δεῖ
1078 3895 1188 3979 γάρ
1222 3892 1490 3979 ἀσφαλῶς
1508 3891 1680 3979 ταῦτα

93 3974 376 4060 εἰδέναιγ,
423 3988 483 4042 τὸ
523 3984 748 4056 Πνεῦμα
794 3982 1034 4053 ἔρχεται,
1077 3978 1167 4032 τὸν
1207 3975 1375 4060 ἐλεον-
1399 3974 1510 4060 τοῦῌ
1544 3974 1678 4060 Θεοῦ

95 4057 474 4142 καταγγέλλον
506 4072 573 4141 τῇ
620 4066 936 4137 οἰκουμένῃ,
964 4062 1083 4132 ἅμα
1125 4061 1183 4113 δὲ
1228 4059 1320 4112 καὶ
1356 4057 1565 4142 δηλοῦν,
1596 4057 1679 4111 ὅτι

94 4162 199 4216 τὸν
255 4138 622 4228 πνευματικδν
683 4151 853 4223 ἄνδρα
887 4146 1160 4218 ἀπόνηρόν
1211 4161 1334 4228 τινα
1386 4138 1522 4228 εῐνᾳι
1573 4142 1679 4228 Χρὴ

95 4247 205 4300 καὶ
262 4225 465 4297 ἁπλοῦν
518 4238 613 4291 καὶ
662 4236 901 4290 ἄκακον·
949 4229 1203 4301 καθάπερ
1249 4226 1344 4281 καὶ
1386 4226 1416 4279 6
1447 4225 1680 4296 Χριστός

96 4346 300 4401 φησιν·
350 4324 487 4378 ἐὰν
525 4321 611 4390 μὴ
665 4316 981 4401 στραφῆτε,
1024 4314 1121 4401 καί
1167 4312 1446 4401 γένησθε.
1480 4308 1561 4373 ὠς
1609 4309 1681 4400 τὰ

97 4389 335 4475 παιδία,
363 4408 433 4462 οὐ
457 4389 543 4473 μῆ
583 4400 894 4467 εἰσέλθητε
933 4400 1021 4464 είς
1052 4395 1169 4464 τὴν
1192 4393 1524 4459 βασιλείαν
1562 4389 1684 4475 τῶν

96 4474 398 4564 οὐρανῶν.
442 4485 654 4554 Ἐκείνη
703 4481 802 4553 μὲν
828 4478 922 4534 οὖν
1019 4475 1388 4564 κιϐωτδςὶτοῦ
1416 4474 1682 4564 χειμῶνος

97 4557 380 4639 λυθέντος,
413 4573 624 4643 ἔμεινεν
663 4566 756 4621 ἐπὶ
788 4564 887 4634 τῆς
927 4563 1064 4632 γῆς·
1097 4559 1236 4630 αὕτη
1266 4558 1321 4611 δὲ
1409 4557 1678 4643 item“?

97 4665 207 4734 τῆς
231 4638 398 4731 ὀργῆς
444 4638 716 4722 λυθείσης,
744 4643 1197 4734 είςτὸνᾲούρανρν
1248 4639 1545 4734 ἡρπάζετο,
1587 4638 1683 4734 καί.

236 4724 382 4796 ἐστιν
415 4742 472 4792 ἐν
499 4733 649 4807 δεξιᾷ
673 4733 768 4789 τοῦ
796 4728 1010 4803 Πατρὸς
1037 4727 1099 4780 τὸ
1126 4725 1356 4797 ἄμωμον
1384 4726 1561 4778 ἐκεῖνο
1590 4724 1682 4777 καὶ

101 4828 384 4897 ἀκήρατον
419 4820 598 4892 σῶμα.

193 4895 331 4970 ’λλλ’
373 4912 559 4982 ἐπειδὴ
605 4908 697 4962 τοῦ
738 4908 987 4976 σώματος
1031 4900 1306 4973 ἐμνήσθην
1332 4895 1680 4961 Δεσποτικοῦ,

102 5010 404 5078 ἀναγκαῖον
452 5003 589 5073 πρὸς
654 4994 797 5070 ὑμᾶς
863 4995 1037 5068 μικρά
1090 4993 1218 5063 περὶ
1265 4990 1457 5045 τούτου
1510 4988 1683 5043 διαλε-

106 5103 338 5178 χθέντας
371 5093 715 5152 καταπαῦσαι
736 5091 825 5145 τὸν
860 5089 1039 5158 λόγον.
1070 5085 1202 5141 Οἶδα
1228 5086 1310 5139 δτι
1336 5082 1523 5178 πολλοὶ
1555 5085 1684 5178 παρ’

108 5173 245 5270 ἡμῖν
264 5192 352 5247 διά
374 5190 516 5260 ΙΙτὴν
553 5186 651 5256 τῆς
687 5183 880 5256 ἑορτῆς
918 5179 1210 5270 συνήθειαν
1242 5179 1309 5247 τῇ
1341 5173 1685 5270 ίερᾷμταύτῃ

112 5261 586 5359 ⁸ιίιροσδραμοῦνται.
634 5273 903 5345 τραπέζῃ.
956 5269 1105 5359 Ἔδει
1158 5267 1258 5359 μέν
1307 5261 1420 5330 οὖν,
1470 5264 1545 5328 ὡς
1593 5264 1688 5359 καὶ

114 5356 373 5435 πολλάκις
429 5368 599 5438 ἐφθην
660 5362 826 5417 εἰπὼν
850 5402 866 5426 ,
936 5362 1010 5431 μὴ
1064 5356 1256 5429 ἐορτάς
1318 5356 1686 5427 παρατηρεῖν,

114 5467 279 5540 ἡνίκα
310 5463 376 5516 ἂν
407 5460 515 5513 δέοι
543 5455 835 5514 κοινωνεῖν,
865 5448 1001 5540 ἀλλά
1028 5444 1358 5540 τδᾷσυνειδὺς
1370 5441 1687 5540 Δκαθαίρειν,

119 5531 213 5612 καί
259 5552 382 5607 τότε
426 5550 526 5619 τῆς
572 5545 724 5617 ἱερᾶς
772 5539 1040 5596 ἅπτεσθαι
1088 5537 1297 5600 θυσίας.
1340 5535 1400 5586 '0
1448 5534 1544 5604 μὲν
1580 5531 1690 5601 γὰρ

229 5771 328 5835 Alii
345 5769 510 5820 πολλοὶ
529 5767 668 5816 πάλιν
693 5763 785 5812 διά.

1278 298 1363 359 DE
1405 300 1751 358 BAPTISMO
1788 294 2084 359 CHRISTI.

3254 303 3357 366 370

1786 420 1983 493 ἐναγής
2015 414 2111 475 καὶ
2140 414 2447 492 ἀκάθαρτος
2479 416 2598 475 ούδέ
2635 424 2691 475 ἐν
2733 423 2891 493 ἐορτῇ
2931 420 3136 484 δίκαιος
3168 422 3235 476 ἀν
3274 426 3360 495 εἴη

1787 516 2031 587 μετέχειν
2068 513 2167 587 τῆς
2203 515 2364 584 ἁγίας
2397 514 2612 583 ἐκείνης
2647 514 2742 567 καὶ
2780 514 3082 585 φρικώδους
3121 514 3359 588 σαριιόςσ

1781 610 1810 662 ὁ
1839 604 1896 662 δὲ
1928 606 2164 678 καθαρὸς
2194 607 2289 662 καὶ
2317 608 2403 662 διά
2438 608 2724 678 μετανοίας
2754 602 3013 680 ἀκριϐοῦς
3042 606 3360 680 ἀιταοσμηξά⁴

1785 716 1943 769 μενος
1983 701 2052 753 τά
2084 700 2551 773 πλημμελήματα,
2589 700 2684 755 καὶ
2725 702 2782 755 ἐν
2816 701 2977 773 ἑορτῇ
3020 701 3115 755 καὶ
3154 699 3242 754 ἀεὶ
3278 700 3359 754 δί-

1782 810 1933 857 καιος
1956 794 2021 848 ἂν
2042 793 2125 865 εῐη
2156 796 2404 866 μετέχειν
2431 795 2541 848 τῶν
2568 794 2726 849 θείων
2751 795 3081 866 μυστηρίων,
3106 793 3200 847 καὶ
3222 790 3360 846 ἀπο-ι

1780 887 1964 942 λαύειν
1984 888 2050 941 ἂν
2072 887 2156 959 εἴη
2186 887 2333 954 ἄξιος
2349 889 2458 943 τῶν
2480 889 2572 944 τοῦ
2594 890 2729 943 Θεοῦ
2749 887 2984 962 δωρεῶν.
3016 880 3155 940 Ἀλλ’
3171 884 3358 957 ἐπειδὴ

1778 984 1937 1039 τοῦτο
1968 984 2069 1039 οὐκ
2096 981 2212 1039 οἶδα
2240 983 2359 1048 πῶς
2392 984 2682 1055 παρῶπταί
2709 1002 2841 1048 τισι,
2876 985 2968 1039 καὶ
2992 985 3201 1055 μυρίων
3233 981 3361 1036 πολ-

1779 1076 1863 1131 λοῖ
1897 1078 2158 1148 γέμοντες
2192 1076 2397 1142 κακῶν,
2438 1079 2529 1132 ἔκιε
2559 1078 2657 1148 τὴν
2689 1076 2879 1148 ἑορτὴν
2928 1077 3078 1131 ίδωσι
3112 1092 3357 1148 παραγεο

1779 1171 2032 1241 νομένην,
2096 1171 2171 1234 ὡς
2219 1171 2331 1247 _6::‘
2392 1170 2564 1239 αὐτῆς
2613 1168 2909 1240 ὠθούμενοι
2965 1169 3064 1240 τῆς
3122 1168 3354 1239 ἡμέρας,

1781 1263 2043 1318 ἅπτονται
2081 1263 2191 1318 τῶν
2231 1263 2390 1335 ἱερῶν
2422 1262 2571 1335 [574]
2612 1263 2944 1334 μυστηρίων,
2981 1261 3017 1316 ἃ.
3052 1261 3185 1332 μηδέ
3227 1260 3357 1313 ίδεῖν

1778 1353 1922 1408 οὕτω
1950 1353 2321 1425 διακειμένους
2355 1354 2512 1424 θέμις
2531 1369 2545 1383 ⁸
2577 1353 2705 1416 τοὺς
2741 1350 2839 1423 μὲν
2874 1352 3064 1422 δήλους
3090 1353 3225 1421 ἡμῖν
3254 1350 3355 1404 αύ-

1777 1448 1861 1500 τοὶ
1905 1446 2121 1510 πάντως
2162 1446 2323 1517 ἡμεῖς
2366 1443 2731 1516 ἀπείρξομεν,
2778 1444 2907 1508 τοὺς
2948 1443 3005 1497 δὲ
3045 1442 3356 1513 ἀγνῶστους

1779 1540 1910 1611 ἡμῖν
1955 1539 2033 1610 τῷ
2082 1537 2201 1608 Θεῷ
2247 1536 2658 1607 καταλείψομεν,
2694 1532 2771 1607 τῷ
2815 1537 2884 1590 τὰ
2926 1535 3211 1610 ἀπόρρητα
3255 1532 3356 1607 τῆς

1779 1633 2008 1689 ἑκάστου
2036 1634 2273 1698 διανοίας
2295 1634 2455 1688 εἰδότι
2482 1648 2497 1663 ⁸
2526 1634 2590 1688 τὸ
2614 1633 2742 1702 γοῦν
2773 1633 3022 1703 φανερῶς
3045 1632 3355 1703 ἁμαρτανό-

1783 1743 1940 1796 μενον
1968 1726 2120 1797 παρά
2140 1725 2358 1781 πάντων
2386 1727 2755 1797 πειρασόμεθα
2778 1726 3067 1797 διορθῶσαι
3090 1728 3349 1797 τήμερον.

1779 1815 1846 1868 Τί
1875 1811 1969 1869 οῦν
1992 1815 2110 1868 ἐστι
2142 1815 2301 1871 τοῦτο
2325 1818 2387 1871 τὸ
2413 1817 2743 1887 ἀμάρτημα;
2771 1817 2846 1869 T6
2878 1818 2953 1888 μὴ
2986 1817 3126 1888 μετά
3155 1816 3355 1889 φρίκης

1780 1907 2080 1977 προσιέναι.
2115 1908 2252 1962 ἀλλά
2280 1907 2650 1972 λακτίζοντας,
2686 1909 3015 1973 τύπτοντας,
3051 1906 3224 1977 θυμοῦ
3257 1906 3353 1974 γέ-

1783 2015 1999 2068 μοντας,
2032 1997 2289 2070 βοῶντας,
2320 1998 2708 2070 λοιδοροῦντας,
2749 2001 2869 2063 τοὺς
2897 1999 3123 2070 πλησίον
3154 1996 3356 2052 ὠθοῦν-

1778 2104 1895 2153 τας,
1933 2092 2176 2163 ταραχῆς
2210 2091 2716 2162 ἐμπεπλησμένους.
2755 2091 2941 2145 Ταῦτα
2972 2091 3067 2144 καὶ
3096 2089 3358 2152 πολλάκις

1778 2179 1948 2245 εἷπον,
1989 2183 2080 2235 καὶ
2116 2178 2290 2249 λέγων
2324 2182 2385 2235 οὐ
2431 2180 2727 2251 παύσομαι.
2771 2182 2883 2250 Οὐχ
2923 2181 3085 2250 ὁρᾶτε
3122 2181 3214 2232 ἐπὶ
3244 2177 3357 2232 τῶν

1792 2274 2097 2342 Ὀλυμπίων
2127 2273 2372 2342 ἀγώνων,
2400 2275 2528 2327 ὅταν
2548 2272 2890 2341 ἀγωνοθέτης
2908 2270 2994 2323 διὰ
3019 2269 3118 2339 τῆς
3148 2269 3355 2337 ἀγορᾶς

1781 2367 1989 2438 βαδίζῃ,
2024 2366 2284 2436 στέφανον
2313 2366 2404 2418 ἐπὶ
2433 2365 2532 2434 τῆς
2561 2362 2802 2433 κεφαλῆς
2829 2360 2986 2432 ἔχων,
3007 2359 3197 2430 στολὴν
3223 2358 3355 2413 ἀνα-

1778 2460 2141 2529 ϐεϐλημένος,
2197 2457 2390 2528 ῥάϐδον
2446 2458 2504 2509 ἐν
2556 2458 2622 2526 τῇ
2673 2454 2816 2525 χειρὶ
2862 2453 3126 2523 κατέχων,
3165 2452 3265 2521 ὅση
3317 2452 3352 2521 ἡ

1777 2552 2020 2619 εὐταξία,
2065 2549 2159 2604 τοῦ
2211 2551 2447 2621 κήρυκος
2502 2547 2729 2619 βοῶντος
2774 2542 3006 2615 ἡσυχίαν
3050 2540 3187 2597 εἶναι
3236 2542 3352 2612 μετ’

1776 2642 2108 2713 εύκοσμίας;
2140 2641 2264 2704 Πῶς
2287 2635 2379 2694 οῦν
2408 2640 2506 2692 οὐκ
2533 2639 2751 2699 ἄτοπον,
2776 2633 2903 2689 ἔνθα
2935 2638 3033 2706 μέν
3054 2636 3083 2689 6
3110 2632 3354 2697 διάϐολος

1778 2734 2066 2804 πομπεύει,
2101 2730 2368 2803 τοσαύτην
2413 2724 2550 2785 εἶναι
2606 2730 2703 2800 τήν
2753 2725 3003 2799 ἡσυχίαν,
3048 2720 3178 2779 ἔνθα
3220 2724 3277 2778 δὲ
3324 2728 3355 2779 6

1776 2828 2010 2900 Χριστὸς
2039 2827 2175 2899 πρὸς
2204 2825 2393 2880 ἐαυτὸν
2414 2823 2587 2889 καλεῖ,
2619 2822 2787 2876 πολὺν
2811 2817 2948 2875 εἶναι
2973 2820 3064 2875 τὸν
3094 2817 3351 2889 θόρυϐον;

1790 2924 1878 2977 Ἐν
1924 2923 2099 2993 ἀγορᾷ
2149 2920 2370 2991 ἡσυχία,
2420 2918 2511 2972 καὶ
2558 2920 2616 2971 ἐν
2666 2914 2930 2985 ἐκκλησία
2988 2912 3238 2983 κραυγή;
3295 2912 3356 2964 ἐν

1778 3016 2002 3084 πελάγει
2044 3014 2275 3084 γαλήνη,
2310 3011 2404 3064 καὶ
2436 3012 2493 3063 ἐν
2526 3008 2705 3078 λιμένι
2741 3006 2993 3075 κύματας
3029 3003 3094 3057 Τί
3128 3000 3353 3073 θορυϐῇ,

1776 3106 1901 3160 είπέ
1925 3122 2034 3175 μοι,
2064 3103 2347 3172 ἄνθρωπες
2370 3098 2424 3152 τί
2444 3098 2501 3152 δέ
2526 3095 2751 3166 ἐπείγῃ;
2779 3093 3118 3167 πραγμάτων
3140 3090 3352 3160 ἀνάγκη

1778 3215 1841 3251 σε
1893 3194 2049 3249 καλεῖ
2094 3193 2342 3256 πάντως;
2378 3190 2514 3251 ὅλως
2563 3188 2671 3257 γὰρ
2719 3183 2865 3248 οἶδας
2915 3186 2996 3238 ὄτι
3055 3183 3356 3255 πράγματα

1777 3287 1921 3358 ἔχεις
1961 3282 2104 3339 κατὰ
2141 3281 2238 3353 τὴν
2268 3280 2418 3352 ῶραν
2457 3279 2702 3347 ἐκείνην;
2747 3276 3018 3347 μέμνησαι
3055 3273 3164 3341 γὰρ
3194 3272 3354 3334 ὅλως,

1777 3357 1860 3434 ὅτι
1901 3378 1995 3432 ἐπὶ
2030 3376 2129 3446 τῆς
2162 3373 2267 3442 γῆς
2296 3367 2376 3437 et;
2411 3370 2650 3442 νομίζεις
2686 3369 2742 3423 δέ
2782 3366 2919 3437 μετά
2950 3362 3252 3435 ἀνθρώπων
3277 3357 3355 3415 εῖ-

1776 3486 1863 3523 ναι
1883 3483 1899 3533 ;
1918 3466 2031 3519 Καὶ
2052 3464 2169 3527 πῶς
2185 3462 2305 3531 οὐχὶ⁸
2324 3460 2530 3528 λιθίνης
2547 3456 2721 3511 ταῦτα
2747 3452 3002 3516 διανοίας,
3028 3450 3088 3504 τὸ
3113 3446 3356 3519 νομίζειν

1778 3557 1921 3613 κατά
1941 3556 2031 3611 τὸν
2052 3553 2240 3626 καιρὸν
2271 3552 2475 3605 ἐκεῖνον
2499 3548 2592 3601 ἐπὶ
2613 3547 2718 3617 γῆς
2742 3542 2984 3607 ἑστάναι,
3009 3539 3122 3595 ἀλλ’
3148 3537 3208 3592 οὐ
3236 3539 3353 3609 μετ’

1778 3651 2023 3720 ἀγγέλων
2055 3646 2322 3719 χορεύειν,
2358 3642 2474 3714 μεθ’
2509 3633 2582 3695 ὧν
2608 3640 2669 3692 τὸ
2707 3635 2966 3710 μυστικὸν
2995 3635 3168 3686 ἐκεῖνο
3195 3630 3352 3702 μέλος

1778 3742 2118 3814 ἀνέπεμψας,
2152 3737 2267 3809 μεθ’
2291 3728 2365 3791 ὧν
2394 3736 2494 3806 τὴν
2521 3733 2784 3788 ἐπινίκιον
2809 3728 3023 3798 ἐκείνην
3050 3727 3351 3796 ἀνήνεγκας

1777 3833 1918 3905 ᾠδὴν
1950 3830 2028 3902 τῷ
2059 3824 2209 3900 Θεῷ;
2245 3827 2342 3879 Διά
2366 3825 2522 3879 τοῦτο
2550 3822 2643 3876 καλ⁸
2674 3821 2865 3882 ἀετοὺς
2893 3818 3039 3888 ἡμᾶς
3064 3818 3092 3869 6
3121 3815 3355 3887 Χριστὸς

1777 3925 2036 3980 ἐκάλεσεν
2073 3920 2263 3982 εἰπὼν,
2305 3919 2489 3969 Ὅπου
2526 3915 2591 3969 τὸ
2629 3911 2857 3981 πτῶμα,
2890 3909 3018 3963 ἐκεῖ
3051 3907 3357 3976 συναχθήτ-

1778 4032 1990 4072 σονται
2019 4013 2116 4067 καί
2143 4015 2196 4066 oi
2225 4008 2406 4071 ἀετοὶ,
2437 4008 2526 4060 ἵνα
2552 3995 3025 4077 ούρανοϐατῶμεν,
3057 4000 3144 4053 ἴνα
3173 3999 3357 4070 ὑψηλά

1779 4104 2072 4175 πετώμεθα
2099 4102 2212 4165 τοῖς
2239 4102 2457 4171 πτεροῖς
2479 4094 2572 4152 τοῦ
2601 4088 2908 4164 πνεύματος
2933 4090 3313 4161 κουφιζόμενοι
3336 4107 3353 4123 ο

1780 4191 1939 4270 ἡμεῖς
1970 4196 2027 4249 δὲ
2067 4193 2208 4248 κατά
2242 4191 2365 4253 τοὺς
2401 4189 2552 4258 δφεις
2583 4186 2753 4259 χαμαὶ
2790 4181 3085 4256 συρόμεθα.
3124 4182 3219 4237 καὶ
3251 4181 3358 4253 γῆν

1780 4291 2051 4361 ἐσθίομεν.
2094 4284 2355 4339 Βούλεσθε
2413 4281 2552 4335 εἴπω
2608 4278 2772 4333 πόθεν
2821 4279 2850 4331 6
2904 4275 3131 4349 θόρυϐος
3181 4275 3277 4329 καὶ
3321 4276 3355 4345 ἡ

1780 4380 1994 4454 κραυγὴ
2027 4378 2278 4447 γίνεταις
2319 4373 2439 4426 ’Ότι
2475 4370 2536 4424 ού
2569 4367 2859 4429 διαπαντὸς
2897 4366 3026 4436 ὑμῖν
3053 4365 3154 4428 τὰς
3186 4362 3359 4434 θύρας

1780 4472 2137 4543 ἀποκλείομεν
2157 4508 2172 4534 ,
2213 4467 2349 4523 ἀλλὰ
2393 4454 2780 4534 συγχωροῦμεν
2828 4458 2936 4530 πρὸ
2977 4459 3075 4530 τῆς
3123 4456 3359 4527 ἐσχάτης

1783 4565 2132 4638 εὐχαριστίας
2158 4557 2442 4627 ἀποπηδᾷν
2474 4554 2567 4607 καὶ⁵
2601 4547 2901 4623 ἀναχωρεῖν
2945 4548 3128 4603 οἴκαδε
3152 4564 3168 4578 ⁸
3206 4546 3234 4599 6
3266 4548 3359 4601 καὶ

1783 4657 1916 4712 αὐτὸ
1958 4646 2159 4722 πολλῆς
2198 4650 2266 4705 ἀν
2303 4642 2388 4718 είη
2415 4640 2888 4714 καταφρονήσεως.
2925 4638 2991 4693 Τί
3030 4641 3223 4704 ποιεῖς,
3263 4639 3361 4693 dv-

1784 4751 2002 4822 θρωπε;
2044 4743 2151 4799 Τοῦ
2190 4739 2427 4813 Χριστοῦ
2466 4736 2753 4808 παρόντος,
2786 4733 2894 4822 τῶν
2928 4730 3175 4800 ἀγγέλων
3216 4746 3358 4822 παρ-

1783 4814 2052 4899 εστώτων,
2078 4833 2178 4903 τῆς
2197 4828 2430 4900 φρικτῆς
2443 4823 2645 4895 ταύτης
2666 4819 2946 4893 τραπέζης
2970 4814 3358 4888 προκειμένης,

1781 4930 1891 4985 τῶν
1919 4923 2158 4994 ἀδελφῶν
2183 4939 2275 4975 σου
2306 4911 2843 4990 μυσταγωγουμένων
2873 4909 2974 4973 ἔτι,
2996 4906 3158 4971 αὐτὸς
3190 4923 3361 4962 κατα..

1782 5018 1955 5074 λιπὼν
1992 5014 2308 5083 ἀποπηδᾷςς
2343 5009 2453 5062 Καὶ
2485 5006 2575 5060 ἐπὶ
2606 4998 2819 5057 δεῖπνον
2852 4997 2951 5072 μὲν
2988 4997 3228 5070 κληθεὶς,
3262 4996 3363 5052 κάν

1786 5108 2050 5184 πρότερον
2082 5103 2367 5177 κορεσθῇς,
2397 5100 2459 5153 οὐ
2491 5096 2693 5168 τολμᾷς
2726 5094 2832 5147 τῶν
2846 5093 3039 5151 ἄλλων
3072 5090 3364 5184 ἀνακειμέ-

1786 5222 1892 5259 νων
1930 5200 2280 5271 ἀναχωρῆσαι
2317 5195 2423 5266 πρὸ
2459 5192 2569 5246 τῶν
2602 5190 2770 5261 φίλων
2799 5188 2961 5252 αὐτός
2980 5203 2994 5218 ⁸
3034 5183 3268 5240 ἐνταῦθα
3307 5183 3364 5235 δέ

1787 5296 1893 5351 τῶν
1913 5291 2155 5364 φρικτῶν
2181 5288 2276 5342 τοῦ
2303 5284 2541 5357 Χριστοῦ
2571 5281 2885 5355 μυστηρίων
2909 5274 3362 5347 ἐπιτελουμένων,

1788 5389 1885 5457 τῆς
1919 5385 2071 5456 ἱερᾶς
2090 5380 2314 5451 τελετῆς
2344 5376 2683 5444 συνεστώσης
2714 5372 2815 5435 ἔτι,
2848 5366 3273 5437 καταλιμπάνεις
3307 5366 3367 5457 ἐν

1792 5453 1941 5553 μέσῳ
1964 5453 2142 5531 πάντα
2172 5474 2267 5529 καὶ
2291 5471 2626 5540 ἀναχωρεῖς;
2655 5465 2767 5518 Καὶ
2920 5453 3368 5553 ταῦτασυγγνὼ-

1793 5547 2089 5644 magn;
2121 5565 2280 5629 ποίας
2311 5563 2370 5618 δέ
2407 5559 2736 5627 ἀπολογίας;
2767 5550 3028 5644 Βούλεσθε
3061 5548 3200 5644 εἴπω
3222 5547 3367 5609 τίνος

1791 5638 1950 5733 ἔργον
1989 5656 2230 5713 ποιοῦσιν
2274 5654 2324 5705 οί
2374 5650 2480 5723 πρὸ
2521 5648 2620 5718 τῆς
2668 5639 3109 5733 συμπληρῶσεως
3152 5638 3368 5733 ἀναχωο

1799 5726 2033 5823 ροῦντες,
2074 5748 2166 5804 καὶ
2210 5746 2308 5809 τάς
2360 5736 2809 5814 εὐχαριστηρίους
2853 5732 2997 5806 ᾠδάς
3038 5731 3139 5785 οὐκ
3179 5726 3367 5800 ἐπιφέο
