3862 6232
102 327 221 382 ’ὅτι

106 446 421 514 gratiarum
448 450 676 507 actionis
707 451 934 523 hymnos
955 455 1220 511 offerunt?
1251 459 1450 514 Durum
1483 459 1711 515 fortasse

110 538 399 596 videbitur
419 541 560 612 quod
581 556 698 598 sum
730 543 990 613 dicturus,
1019 547 1113 602 sed
1147 563 1370 606 necesse
1413 561 1496 606 est
1535 560 1712 607 tamen

109 639 188 686 ut
215 633 288 689 ob
311 634 690 707 plerorumque
718 638 1092 708 negligentiam
1119 643 1346 698 dicatur.
1375 644 1600 713 Quando
1627 647 1715 702 ul-

54 719 79 734 ⁶
112 722 277 778 limae
300 739 467 781 creua:
491 730 902 786 communicavit
927 731 1092 788 Judas
1123 743 1280 790 nocte
1301 735 1387 790 illa
1419 747 1709 806 postrema,

109 818 344 873 cmteris
372 819 621 876 omnibus
647 824 1086 880 recumbentibus
1105 869 1122 894 ,
1151 827 1265 897 ipse
1308 843 1370 884 se
1415 829 1715 899 proripiens

110 912 380 967 excessit.
414 913 566 968 illum
602 914 879 970 imitantur
921 925 973 973 et
1019 918 1107 974 isti
1157 919 1246 990 qui
1302 930 1427 975 ante
1473 922 1712 977 ultimam

117 1004 425 1072 gratiarum
456 1007 720 1062 actionem
740 1007 1040 1063 discedunt.
1060 1009 1171 1064 Nisi
1189 1011 1329 1066 enim
1359 1013 1578 1066 exiisset
1600 1012 1711 1077 ille,

120 1094 377 1162 proditor
401 1093 571 1150 factus
598 1112 702 1152 non
749 1107 925 1165 esset;
975 1101 1080 1155 nisi
1125 1101 1520 1172 condiscipulos
1559 1103 1716 1158 dese-

114 1185 358 1253 ruisset,
393 1203 500 1242 non
531 1189 814 1258 periisset;
844 1190 945 1246 nisi
975 1193 1209 1261 scipsum
1237 1201 1390 1248 extra
1421 1193 1560 1248 ovile
1588 1209 1716 1262 pro-

114 1276 386 1346 ripuisset
405 1277 420 1309 ¹
442 1318 457 1344 ,
491 1294 594 1332 non
627 1295 748 1333 eum
775 1279 930 1350 lupus
960 1281 1130 1336 solum
1161 1290 1431 1353 repertum
1458 1282 1715 1338 devoras-

115 1379 209 1422 set
232 1385 248 1434 ;
285 1369 382 1423 nisi
412 1369 646 1439 scipsum
665 1387 691 1424 a
714 1379 927 1441 pastore
948 1382 1305 1443 segregasset,
1331 1373 1519 1428 bellum
1534 1374 1715 1443 praeda

115 1459 306 1515 factus
327 1477 433 1515 non
461 1470 625 1517 esset.
655 1461 857 1517 Idcirco
884 1464 1136 1518 nimirum
1171 1465 1262 1520 ille
1311 1481 1431 1520 cum
1479 1464 1711 1528 Judmis,

115 1549 215 1604 isti
251 1566 378 1605 vero
395 1567 516 1606 cum
548 1553 775 1608 Domino
819 1553 1021 1626 hymno
1047 1556 1193 1610 dicto
1241 1556 1508 1611 exierunt.
1552 1556 1716 1611 Vides

117 1655 186 1698 ut
215 1654 452 1699 extrema
491 1646 578 1700 illa
608 1655 730 1716 post
756 1648 1074 1703 sacrificium
1120 1649 1292 1703 oratio
1331 1649 1397 1702 ad
1449 1648 1576 1702 illud
1624 1648 1714 1702 ﬁat

115 1737 477 1805 cxcntplum?
515 1736 666 1791 Nunc
720 1738 900 1807 igitur,
951 1739 1320 1806 dilectissimi,
1381 1739 1495 1794 haec
1541 1748 1717 1794 mente

114 1843 428 1894 versemus,
454 1828 568 1882 lucc
595 1829 734 1898 apud
764 1843 862 1884 nos
882 1831 1204 1900 cogitemus,
1245 1839 1299 1885 et
1321 1830 1443 1885 huic
1473 1830 1717 1900 proposi-

115 1931 237 1975 tam
271 1921 459 1975 sceleri
490 1921 884 1976 damnationem
931 1921 1365 1978 reformidemus.
1410 1921 1527 1991 lpse
1555 1936 1714 1976 suam

113 2015 222 2069 tibi
253 2030 470 2070 carnem
490 2015 732 2086 largitur,
763 2023 820 2070 at
847 2025 902 2070 tu
932 2031 1000 2072 ne
1016 2017 1193 2072 verbis
1222 2016 1438 2086 quidem
1479 2031 1599 2070 eum
1624 2029 1715 2070 re-

114 2108 450 2174 muneraris,
484 2123 656 2178 neque
678 2122 775 2178 pro
801 2107 866 2164 iis
885 2123 1002 2178 qua:
1035 2109 1285 2178 accepisti
1313 2108 1512 2179 gratias
1566 2106 1715 2177 agis?

185 2223 204 2253 ³
247 2229 293 2270 In
317 2221 461 2272 Savil.
486 2221 684 2284 legitur,
706 2225 848 2271 extra
869 2219 990 2272 ovile
1012 2219 1136 2272 illud
1157 2233 1348 2272 sacrant
1362 2217 1692 2284 proripuisset.

1153 327 1238 385 DE
1275 328 1693 388 ΡιιοῡιτιοΝΕ
1737 331 1956 391 ΙΠΒᾸΞ,
1996 365 2065 376 -
2097 335 2432 397 MONITUM.

3296 342 3412 400 372'

1816 466 1976 536 Atqui
2001 466 2127 521 dum
2148 465 2252 522 hoc
2272 479 2530 537 corporeo
2559 463 2792 520 vesceris
2818 463 2958 526 cibo,
2991 469 3110 532 post
3156 474 3395 516 mensam

1823 558 1890 613 ad
1910 559 2206 614 orationem
2236 566 2289 614 te
2327 558 2594 614 convertis
2622 574 2634 609 :
2659 556 2785 611 dum
2829 568 2957 610 vero
3007 552 3300 624 spiritualis
3342 563 3398 606 et

1819 665 2036 706 omnem
2062 658 2358 705 creaturam
2388 659 2498 704 tum
2529 648 2792 703 visibilem
2823 655 2933 700 tum
2965 642 3282 700 invisibilem
3311 657 3401 698 su-

1819 742 2075 812 perantis,
2093 741 2155 796 iis
2171 741 2456 812 particeps,
2477 739 2683 794 tametsi
2704 738 2862 792 homo
2879 737 2951 792 sis
2971 744 3023 789 ct
3036 734 3153 790 vilis
3172 742 3400 798 naturae,

1819 849 1925 888 non
1957 843 2235 904 exspectas
2281 841 2340 888 ut
2384 832 2584 902 gratias
2634 845 2766 901 agas
2809 837 2864 884 et
2907 827 3086 883 verbis
3104 834 3159 882 et
3207 824 3402 880 factis?

1818 923 1956 992 Quid
1972 933 2053 978 est
2081 923 2223 978 aliud
2241 939 2399 994 quam
2427 931 2670 978 extremo
2698 920 2958 991 supplicio
2973 933 3093 974 sese
3113 917 3400 973 obnoxium

1819 1016 2084 1071 reddere?
2107 1016 2232 1070 Haec
2257 1030 2358 1085 ego
2385 1014 2506 1070 dico
2536 1029 2642 1069 non
2660 1020 2721 1068 ut
2749 1011 2976 1068 laudetis
2998 1009 3193 1075 solum,
3225 1023 3403 1078 neque

1820 1119 1879 1162 ut
1909 1107 2300 1162 tumultuemiui
2330 1117 2383 1161 et
2407 1105 2672 1172 ciamctis,
2701 1103 2794 1158 sed
2821 1111 3018 1158 utcum
3044 1110 3251 1170 tempus
3271 1115 3400 1154 exc-

1818 1200 1973 1269 gerit,
2005 1199 2195 1254 horum
2221 1212 2491 1254 memores
2518 1196 2802 1252 verborum
2832 1192 3238 1249 convenientem
3280 1205 3398 1245 mo-

1819 1291 2040 1345 destiam
2073 1305 2182 1359 prae
2206 1289 2356 1344 vobis
2376 1288 2580 1343 feratis.
2631 1284 2878 1357 Mysteria
2924 1291 2980 1338 et
3023 1283 3294 1346 dicuntur,
3349 1291 3398 1334 ct

1819 1390 1980 1448 sunt;
2013 1382 2100 1436 ubi
2129 1397 2258 1437 vero
2282 1389 2410 1437 sunt
2433 1378 2712 1450 mysteria,
2742 1376 2967 1431 multum
2996 1374 3265 1429 silentium
3293 1383 3396 1428 est.

1819 1473 1949 1530 Cum
1968 1475 2135 1530 multo
2151 1489 2279 1544 ergo
2305 1473 2535 1539 silentio,
2564 1485 2686 1526 cum
2714 1468 2878 1524 multa
2907 1463 3400 1533 modestia,decen-

1820 1566 1964 1636 tique
1993 1565 2297 1621 reverentia
2323 1571 2565 1619 sanctum
2584 1561 2686 1617 hoc
2707 1558 3032 1616 sacrificium
3055 1558 3399 1627 attingamus,

1819 1665 1879 1711 ut
1911 1655 2168 1725 majorem
2211 1655 2365 1710 nobis
2414 1654 2510 1709 Dei
2557 1653 2992 1709 benevolentiam
3033 1649 3399 1715 conciliemus,

1819 1755 1873 1802 et
1891 1748 2129 1802 animum
2147 1760 2556 1818 perpurgemus,
2591 1754 2897 1815 atternaque
2938 1744 3076 1799 bona
3101 1755 3401 1812 consequa-

1818 1854 1973 1905 mur;
2005 1853 2124 1908 quze
2147 1851 2245 1893 nos
2265 1852 2454 1892 omnes
2473 1846 2532 1892 ut
2555 1837 2913 1902 obtineamus,
2962 1834 3093 1889 faxit
3134 1833 3303 1904 gratia
3347 1839 3403 1886 et

1817 1928 2117 1999 benignitas
2149 1928 2362 1984 Domini
2391 1927 2562 1983 nostri
2591 1926 2717 1983 Jcsu
2743 1926 2960 1993 Christi,
2990 1939 3110 1980 cum
3151 1939 3256 1993 quo
3299 1922 3402 1978 Pa-

1819 2019 1906 2083 tri,
1931 2019 2196 2090 simulque
2219 2019 2437 2089 Spiritui
2475 2027 2696 2086 sancto,
2727 2017 2916 2090 gloria,
2971 2015 3288 2086 imperium,
3350 2023 3404 2068 et

1818 2111 2078 2180 adoratio,
2106 2127 2248 2168 nunc
2278 2120 2335 2169 et
2355 2126 2587 2182 semper,
2611 2120 2664 2166 ct
2712 2112 2764 2166 in
2822 2110 3016 2165 saecula
3066 2107 3401 2162 saeuior-um.

1820 2207 1862 2259 A
1876 2221 2014 2260 men.

173 2777 3386 2842 Wzmmm

1584 3091 1956 3153 MONI'I‘UM

147 3397 454 3456 secundam
498 3393 574 3448 De
601 3391 747 3446 Inda
777 3388 1048 3460 proditore
1085 3387 1468 3441 incunctanter
1503 3379 1920 3449 conjiceremus.
1981 3372 2181 3430 Verum
2238 3371 2469 3440 levibus,
2535 3372 2590 3426 ni
2648 3369 2827 3439 fallor,
2868 3371 3201 3444 conjecturis
3265 3371 3411 3428 hanc

149 3509 426 3580 temporis
460 3507 724 3562 rationem
749 3498 988 3556 instituit
1017 3495 1420 3558 Tiilemontius,
1463 3502 1521 3547 ut
1546 3489 1793 3561 pluribus
1816 3487 2030 3542 dicetur
2062 3486 2116 3540 in
2146 3484 2351 3540 Monito
2386 3485 2455 3540 ad
2494 3483 2750 3541 homilias
2773 3486 2827 3538 in
2855 3483 3118 3540 Genesim.
3172 3483 3297 3540 Haec
3338 3487 3407 3541 de

150 3628 387 3685 homilia
420 3623 659 3681 secunda
691 3622 848 3691 cujus
891 3620 1129 3683 initium,
1168 3614 1523 3686 Ἐϐουλόμην,
1553 3613 1720 3682 ἀγαπτ

1818 3611 1830 3663 i
1860 3629 1872 3665 :
1915 3610 1982 3665 de
2005 3609 2244 3664 homilias
2272 3622 2402 3661 vero
2436 3606 2648 3677 primae,
2675 3622 2796 3678 quae
2829 3607 2906 3663 sic
2960 3607 3172 3678 incipit,
3219 3605 3406 3675 Ὀλὶγα

147 3745 396 3814 ἀνάγκη,
431 3751 697 3811 tempore,
729 3739 867 3794 nihil
911 3737 1058 3792 aliud
1090 3737 1174 3791 vei
1213 3743 1383 3798 certo,
1422 3733 1508 3789 vel
1545 3730 1836 3786 admodum
1880 3728 2235 3802 probabiliter
2277 3735 2517 3782 statuere
2545 3740 2869 3795 possumus,
2921 3739 3084 3794 quam
3141 3723 3286 3794 quod
3315 3721 3405 3777 illa

150 3854 368 3923 aliquot
390 3862 516 3906 ante
556 3850 850 3906 secundam
882 3849 1044 3904 annis
1077 3847 1258 3902 habita
1293 3845 1495 3901 fuerit:
1523 3857 1700 3913 neque
1728 3857 1858 3898 vero
1901 3841 2194 3898 tacendum
2224 3847 2310 3895 est
2341 3839 2480 3893 hanc
2515 3838 2746 3909 primam
2783 3880 2797 3906 ,
2841 3838 3026 3907 Ὀλίγα
3080 3838 3316 3908 ἀνάγκη,
3352 3839 3408 3893 in

151 3970 486 4044 perantiquo
523 3969 619 4023 illo
660 3964 922 4034 Catalogo
958 3963 1279 4030 Augustano
1312 3959 1453 4012 inter
1486 3956 1684 4026 γνησία
1719 3969 1882 4025 Opera
1927 3954 2106 4008 locum
2133 3951 2356 4044 habere,
2396 3965 2506 4004 non
2538 3964 2666 4004 vero
2697 3947 2991 4004 secundam
3021 3965 3033 4012 ;
3075 3949 3204 4018 quia
3253 3947 3402 4004 vide-

153 4091 290 4146 licet
315 4086 470 4141 iuitio
499 4094 554 4140 et
590 4082 778 4155 paucis
807 4080 930 4135 aliis
965 4075 1230 4146 exceptis,
1260 4088 1382 4144 qua:
1407 4088 1435 4126 a
1469 4071 1867 4143 Chrysostomo
1899 4068 2073 4139 ipsam
2128 4072 2462 4120 retractante
2496 4063 2717 4117 inducta
2767 4060 3017 4126 fuerant,
3055 4060 3243 4116 eadem
3293 4064 3408 4132 ipsa

149 4211 279 4257 crat
307 4218 319 4253 :
345 4211 398 4254 et
437 4197 702 4267 alioquin,
745 4201 803 4248 ut
832 4201 980 4248 recte
1005 4190 1220 4246 monuit
1249 4187 1510 4252 Savilius,
1549 4186 1844 4257 Catalegus
1905 4185 1995 4240 ille
2028 4186 2379 4255 Augustanus
2415 4180 2486 4235 ita
2549 4178 2911 4234 concinnatus
2951 4186 3054 4242 est,
3099 4188 3158 4233 ut
3228 4178 3406 4231 omni-

153 4322 381 4392 quidem
415 4317 703 4390 opuscula,
734 4331 856 4388 quae
886 4313 942 4367 in
969 4326 1032 4366 eo
1073 4320 1472 4374 memorantur,
1509 4322 1636 4362 vera
1676 4319 2042 4376 germanaque
2088 4303 2236 4368 sint;
2275 4301 2371 4358 sed
2420 4313 2552 4356 cave
2592 4305 2750 4368 putes
2793 4294 2996 4361 omnia,
3036 4309 3157 4365 quae
3206 4293 3274 4348 ab
3317 4293 3408 4348 illo

153 4434 381 4498 absunt,
413 4447 532 4487 esse
565 4431 750 4500 spuria
778 4447 793 4497 ;
825 4426 1072 4498 quinimo
1101 4425 1274 4479 multo
1307 4425 1462 4493 plura
1498 4431 1628 4477 sunt
1657 4420 2032 4492 Chrysostomi
2059 4419 2260 4490 γνήσια
2289 4431 2452 4486 opera
2475 4455 2488 4477 ,
2525 4426 2687 4484 quam
2728 4426 2790 4466 ea
2821 4425 2942 4481 qua:
2975 4408 3030 4464 in
3075 4409 3265 4464 eodem
3306 4407 3398 4462 Ca-

158 4534 352 4603 talogo
379 4536 752 4584 recensentur.
783 4525 1052 4581 Czeterum
1078 4523 1206 4593 quia
1236 4516 1481 4575 eanﬂiem
1513 4520 1830 4575 concionem
1864 4516 2182 4573 retractavit
2223 4515 2678 4585 Chrysostomus,
2709 4505 2842 4562 etin
2873 4503 3147 4574 plerisque
3187 4500 3261 4555 ita
3297 4516 3417 4556 mu-

159 4649 320 4712 tavit,
354 4655 413 4702 ut
443 4645 577 4701 duas
604 4661 671 4700 ex
707 4657 816 4698 una
855 4640 1115 4695 homilias
1150 4637 1412 4703 eifccerit,
1441 4637 1579 4691 nihil
1609 4637 1808 4692 mirum
1839 4637 1886 4692 si
1929 4643 2078 4690 tanta
2131 4634 2204 4689 sit
2262 4632 2317 4687 in
2355 4625 2742 4698 Manuscriptis
2777 4625 3049 4691 varietas;
3102 4637 3226 4676 cum
3285 4636 3416 4676 vero

160 4761 431 4819 lectiones
462 4760 626 4814 variae
654 4756 719 4812 ad
751 4756 1067 4813 alterutram
1104 4755 1434 4825 pertineant,
1465 4752 1598 4808 satis
1626 4752 1920 4808 habuimus
1958 4758 2249 4820 utramque
2282 4745 2537 4809 edidisse,
2595 4753 2650 4798 et
2707 4756 2737 4795 a
2795 4738 3254 4810 frequentissimis
3306 4737 3414 4794 illis
3487 4725 3498 4740 ’

163 4877 334 4932 variis
358 4873 682 4930 lectionibus
721 4874 1045 4929 annotandis
1084 4871 1470 4927 abstinuimns.
1519 4866 1716 4924 Notata
1759 4867 1956 4937 dignus
1987 4872 2070 4920 est
2128 4863 2182 4917 in
2216 4870 2447 4931 utraque
2509 4855 2734 4914 homilia
2801 4855 2955 4910 locus
3010 4853 3101 4910 ille
3142 4869 3295 4909 num.
3339 4852 3414 4910 6:

161 4986 332 5041 Adest
360 4992 409 5038 et
442 4999 578 5037 nunc
620 4982 861 5037 Christus
896 4998 1126 5036 mensam
1161 4996 1446 5034 exornans.
1473 4977 1658 5048 Neque
1683 4977 1822 5032 enim
1855 4976 2008 5029 homo
2036 4984 2112 5029 cst
2145 4975 2212 5039 is,
2248 4972 2336 5043 qui
2363 4971 2492 5041 facit
2520 4978 2575 5024 ut
2613 4969 2883 5040 proposita
2904 4983 3092 5038 corpus
3124 4977 3172 5022 et
3201 4969 3427 5038 sanguis

164 5108 372 5162 Christi
401 5107 714 5175 efﬁciantur.
755 5103 1018 5174 Figuram
1046 5111 1249 5156 tantum
1293 5103 1514 5171 implens
1547 5111 1654 5156 stat
1693 5100 1939 5154 sacerdos
1977 5111 2026 5154 et
2061 5097 2497 5169 supplicationem
2524 5095 2675 5164 oﬁert
2703 5109 2722 5146 :
2759 5093 2935 5164 gratia
2975 5101 3152 5145 autem
3177 5099 3224 5144 et
3253 5090 3416 5143 virtus

166 5225 272 5279 Dei
297 5233 396 5289 est,
424 5240 540 5294 quae
569 5223 746 5279 omnia
773 5223 944 5292 efﬁcit;
979 5218 1092 5276 lloc
1128 5227 1213 5275 est
1244 5234 1442 5290 corpus
1470 5235 1672 5286 meum,
1701 5219 1916 5289 inquit:
1945 5218 2041 5274 hoc
2077 5217 2288 5273 verbum
2331 5214 2602 5287 proposita
2635 5211 3007 5282 transformat.
3039 5205 3135 5296 llic
3163 5215 3215 5262 et
3239 5218 3414 5261 trans-

164 5338 544 5390 substantiatio
574 5346 627 5392 et
664 5338 950 5408 praesentia
977 5337 1179 5393 Christi
1209 5340 1262 5392 in
1295 5338 1641 5393 Eucltaristta
1667 5338 1816 5393 clare
1851 5337 2234 5407 praedicantur,
2266 5344 2327 5390 ut
2351 5334 2599 5406 pluribus
2628 5331 2838 5388 dicetur
2866 5340 2969 5384 suo
2993 5326 3133 5378 loco.

243 5491 401 5558 Quod
433 5507 562 5547 vero
592 5493 647 5547 in
676 5502 908 5563 utraque
937 5493 1162 5548 homilia
1191 5492 1324 5549 dicit
1378 5506 1438 5549 se
1465 5493 1577 5562 jam
1609 5503 1805 5563 quarto
1829 5491 1918 5549 die
1945 5492 2013 5549 de
2046 5495 2291 5549 oratione
2326 5507 2422 5561 pro
2475 5489 2712 5544 inimicis
2749 5500 2930 5557 agere,
2991 5481 3195 5537 indicat
3236 5481 3417 5552 utique

166 5608 622 5663 Chrvsostomum
659 5605 712 5659 in
745 5614 998 5676 utroque,
1031 5619 1140 5675 quo
1164 5604 1264 5660 has
1289 5605 1544 5661 homilias
1577 5605 1786 5672 habuit,
1821 5622 1966 5662 anno
2002 5607 2250 5664 eumdem
2283 5603 2640 5662 concionandi
2671 5601 2917 5659 ordinem
2950 5597 3208 5655 tenuisse.

249 5757 548 5828 Utriusque
579 5759 815 5815 homilia:
846 5759 1343 5831 interpretationem
1387 5779 1580 5816 novam
1611 5763 1843 5816 edimus.
