3906 6224
509 327 622 386 875

1208 334 1264 386 5.
1302 332 1587 391 JOANNIS
1626 334 2122 395 CHRYSOSTOMI
2157 335 2476 396 ARCHIEP.
2519 337 3064 395 CONSTANTINOP.

3663 340 3768 396 δτι

1629 930 1710 990 ΙΝ
1773 927 2330 992 PRODITIONEM
2386 930 2641 1002 JUDt’E,

503 1216 579 1260 ΕΤ
623 1217 688 1263 ΙΝ
733 1216 1003 1275 PASCHA,
1055 1218 1248 1273 INQUE
1291 1219 1727 1263 TRADITIONEM
1773 1220 2251 1276 MYSTERIORUM,
2301 1221 2377 1264 AC
2422 1220 2591 1272 QUOD
2625 1218 2757 1264 NON
2801 1219 3122 1264 OPORTEAT
3155 1218 3539 1266 INJURIARUM
3571 1223 3772 1269 MEMI-

1318 1296 1498 1344 NISSE
1524 1327 1539 1352 ,
1582 1297 1650 1342 IN
1691 1298 1923 1342 SANCTA
1966 1300 2043 1343 ET
2088 1298 2303 1346 MAGNA
2342 1298 2524 1342 ruma
2571 1297 2804 1351 QUINTA
2844 1282 2949 1361 (α).

1129 1797 1354 1840 ιιοκιιιΑ
1391 1800 1432 1838 1.

557 1876 745 1934 Paucis
773 1875 930 1930 hodie
958 1888 1079 1929 cum
1106 1882 1280 1927 vestra
1311 1872 1532 1926 caritate
1559 1879 1785 1925 tractare
1816 1885 2062 1925 necessa—

483 1969 622 2022 rium
661 1975 743 2020 est
775 1983 788 2018 :
819 1974 872 2019 et
908 1964 1028 2020 ideo
1059 1964 1242 2034 paucis
1262 2005 1276 2028 ,
1317 1977 1421 2016 non
1455 1960 1597 2032 quod
1625 1961 1887 2016 dictorum
1915 1963 2067 2031 copia

483 2058 775 2130 gravemini
809 2075 821 2111 :
849 2057 1045 2111 nullam
1076 2056 1217 2110 enim
1248 2054 1405 2108 aliam
1427 2054 1695 2109 civitatem
1719 2054 1955 2123 reperire
1986 2061 2070 2108 est

483 2147 867 2204 andiendorum
895 2146 1244 2216 spiritualium
1261 2159 1566 2199 sermonum
1589 2147 1724 2198 adeo
1748 2143 2062 2198 studiosam.

482 2240 599 2295 Non
627 2247 904 2308 propterea
932 2237 1090 2305 igitur
1120 2249 1280 2305 pauca
1308 2234 1554 2299 dicimus,
1586 2233 1726 2302 quod
1749 2233 1898 2287 vobis
1928 2232 2066 2286 mul-

481 2329 707 2385 titudine
731 2343 1042 2384 sermonum
1073 2325 1342 2380 fastidium
1376 2327 1643 2396 pariamus
1660 2365 1676 2391 ,
1702 2323 1795 2378 sed
1821 2324 1942 2392 quia
1964 2324 2065 2377 alia

481 2419 773 2476 intervenit
817 2418 977 2474 hodie
1003 2417 1276 2472 brevitatis
1318 2431 1498 2470 causa.
1536 2414 1747 2470 Etenim
1775 2415 1970 2468 multos
1990 2412 2067 2466 vi-

481 2513 584 2567 deo
611 2511 794 2567 ﬁdeles
819 2511 883 2564 ad
915 2510 1303 2564 horrendorum
1332 2509 1705 2579 mysteriorum
1731 2507 2067 2560 communio-

483 2619 604 2658 nem
634 2602 969 2657 festinantes.
989 2600 1060 2656 Ut
1086 2601 1242 2670 igitur
1273 2614 1445 2668 neque
1475 2598 1563 2651 illa
1585 2612 1767 2651 mensa
1794 2596 2060 2661 excidant,

485 2707 658 2763 neque
688 2692 788 2747 hac
818 2706 1032 2761 prorsus
1061 2689 1402 2754 frustrentur,
1434 2703 1656 2743 necesse
1686 2697 1771 2742 est
1818 2687 2065 2742 modera-

480 2795 590 2838 tum
621 2785 794 2839 cibum
823 2797 1108 2853 apponere,
1129 2782 1470 2849 ututrimque
1499 2780 1650 2834 vobis
1678 2780 1881 2834 lucrum
1911 2794 2065 2833 acce-

481 2875 611 2938 dat,
665 2884 719 2928 et
766 2875 866 2928 hoc
907 2889 1004 2928 ceu
1049 2872 1304 2926 doctrinm
1337 2870 1528 2924 viatico
1578 2870 1795 2934 muniti,
1828 2869 1904 2922 sic
1943 2884 2063 2922 eum

480 2970 692 3033 timore,
713 2976 945 3022 tremore
968 3007 981 3031 ,
1011 2965 1295 3034 debitaque
1321 2964 1616 3019 reverentia
1640 2963 1704 3017 ad
1733 2963 2060 3017 tremendam

478 3059 906 3128 horrendamque
931 3057 1358 3112 communionem
1401 3054 1684 3109 accedatis.

550 3153 779 3223 Lugendi
800 3153 834 3204 ii
871 3151 957 3221 qui
977 3149 1110 3203 male
1133 3159 1325 3221 agunt,
1361 3165 1460 3201 non
1490 3147 1574 3217 qui
1617 3149 1750 3201 mala
1779 3147 2062 3216 patiuntur;

483 3243 732 3298 orandum
757 3259 848 3313 pro
873 3241 1108 3295 inimicis.
1139 3270 1206 3279 —-
1230 3237 1422 3305 Hodie,
1448 3237 1650 3302 dilecti,
1677 3236 1932 3291 Dominus
1963 3252 2063 3290 no-

475 3346 588 3397 ster
622 3335 776 3392 Jesus
798 3334 1042 3391 Christus
1084 3332 1305 3388 traditus
1352 3339 1467 3386 est:
1492 3331 1644 3399 hujus
1688 3347 1915 3400 namque
1957 3330 2060 3384 dici

474 3442 696 3496 vespera
728 3425 898 3480 Judzei
929 3425 1020 3479 illo
1041 3422 1429 3493 comprehenso
1480 3423 1742 3476 abierunt.
1777 3421 1972 3475 \‘crum
1995 3436 2061 3476 ne

475 3513 806 3570 contristeris
855 3511 1076 3576 audiens
1129 3511 1399 3565 Christum
1440 3508 1704 3578 proditum
1762 3523 1882 3564 esse
1912 3526 1924 3561 :
1953 3509 2061 3562 imo

478 3605 652 3672 potius
665 3603 1000 3665 contristare,
1017 3609 1072 3656 et
1088 3601 1278 3656 acerbe
1292 3601 1430 3670 lnge,
1448 3614 1550 3654 non
1573 3599 1836 3669 proditum
1852 3599 2055 3665 Jesum,

475 3694 568 3748 sed
593 3692 914 3763 proditorem
935 3691 1145 3745 Judam.
1171 3690 1380 3744 Etenim
1402 3691 1491 3764 qui
1521 3689 1760 3759 proditus
1785 3699 1887 3755 est,
1908 3705 2061 3743 mun-

473 3785 598 3837 dum
630 3782 832 3838 salvum
861 3781 1004 3841 fecit,
1035 3780 1273 3850 proditor
1295 3794 1423 3835 vero
1444 3780 1674 3834 animam
1697 3795 1849 3834 suam
1877 3779 2055 3850 perdi-

472 3874 550 3928 dit
581 3891 594 3928 :
620 3875 708 3946 qui
754 3873 994 3943 proditus
1045 3882 1163 3939 est,
1195 3871 1260 3927 ad
1290 3872 1562 3927 dexteram
1593 3871 1766 3927 Patris
1812 3871 1964 3926 sedet
2003 3871 2055 3925 in

471 3969 634 4033 caelis,
653 3968 889 4038 proditor
919 3968 971 4021 iu
1003 3967 1212 4021 inferno
1241 3982 1381 4020 nunc
1411 3975 1524 4032 est,
1550 3964 1852 4020 inevitabile
1877 3963 2055 4020 ferens

469 4061 807 4130 supplicium.
829 4059 995 4128 llujus
1011 4073 1168 4112 causa
1186 4059 1304 4126 iuge
1325 4066 1379 4111 ct
1402 4057 1706 4126 ingemisce,
1721 4055 1876 4125 hujus
1896 4069 2056 4110 causa

471 4151 787 4220 lacrymare,
807 4148 922 4218 ejus
944 4149 1138 4218 quippe
1162 4163 1318 4202 causa
1341 4146 1484 4202 flevit
1499 4146 1760 4202 Christus.
1777 4146 1905 4200 Nam
1931 4145 2057 4201 Cum

467 4242 670 4294 vidisset
714 4256 863 4304 eum,
901 4239 1100 4307 inquit,
1135 4238 1363 4292 turbatus
1406 4248 1511 4302 est,
1538 4246 1585 4290 et
1617 4237 1772 4302 dixit,
1810 4236 1951 4290 Unus
1995 4252 2058 4289 ea:

467 4331 604 4385 vobis
635 4329 796 4383 tradet
837 4345 916 4382 me
940 4328 1119 4395 (Joan.
1163 4330 1248 4383 15.
1301 4327 1415 4398 2i).
1445 4327 1489 4382 Ο
1515 4335 1710 4397 quanta
1749 4327 2052 4381 misericor-

466 4423 552 4477 dia
607 4421 850 4476 Domini!
897 4420 1132 4490 proditus
1179 4420 1505 4490 proditorem
1549 4419 1711 4490 luget.
1743 4417 1869 4474 Cum
1898 4419 2052 4474 vidis-

464 4523 537 4567 set
565 4529 698 4576 eum,
728 4513 821 4579 ait,
853 4512 1078 4566 turbatus
1106 4521 1199 4576 est,
1231 4520 1276 4565 et
1296 4511 1444 4580 dixit,
1473 4510 1618 4566 Unus
1643 4527 1705 4565 ex
1733 4511 1867 4565 vobis
1893 4511 2054 4565 tradet

464 4620 564 4662 me.
595 4603 771 4671 Quare
800 4612 1022 4658 incestus
1053 4602 1187 4657 fuit?
1215 4602 1383 4659 Simul
1415 4610 1470 4656 ut
1492 4618 1727 4659 amorem
1749 4603 2054 4658 ostenderet

464 4712 641 4762 suum.
668 4709 721 4754 et
749 4697 845 4754 hos
865 4697 1102 4762 doceret,
1135 4713 1238 4752 non
1261 4713 1380 4754 eum
1412 4700 1499 4768 qui
1522 4699 1658 4753 mala
1682 4701 1930 4770 patiatur,
1955 4698 2049 4753 sed

461 4801 607 4854 eum,
631 4790 718 4860 qui
751 4790 887 4844 male
909 4799 1049 4860 agat,
1069 4804 1278 4860 semper
1300 4791 1586 4861 lugendum
1608 4807 1745 4847 esse.
1774 4792 1887 4847 Hoc
1907 4792 2046 4847 enim

463 4881 557 4933 illo
585 4881 735 4950 pejus
777 4894 856 4936 est
882 4899 897 4948 ;
927 4883 1034 4938 imo
1061 4884 1238 4954 potius
1282 4884 1332 4938 id
1382 4901 1487 4938 non
1532 4885 1727 4939 malum
1764 4894 1880 4951 est,
1910 4886 2049 4941 male

459 4970 602 5041 pati,
659 4971 749 5026 sed
820 4974 959 5038 male
1010 4989 1202 5043 agere,
1262 4975 1312 5028 id
1382 4990 1600 5044 prorsus
1678 4977 1898 5031 malum.
1956 4977 2048 5032 Et-

457 5063 600 5119 enim
649 5062 788 5119 male
817 5065 957 5133 pati,
995 5064 1048 5118 id
1074 5080 1294 5135 regnum
1331 5067 1579 5122 caelorum
1611 5069 1877 5136 conciliat,
1909 5070 2046 5124 male

455 5162 635 5209 autem
692 5168 894 5224 agere,
965 5154 1224 5224 gehenna:
1272 5157 1426 5212 nobis
1473 5167 1528 5212 et
1596 5146 1836 5228 supplicii
1886 5174 2044 5213 causa

456 5258 558 5302 est.
589 5247 720 5303 Nam
743 5290 758 5316 ,
781 5247 959 5316 Beati,
1010 5249 1212 5320 inquit,
1247 5253 1334 5322 qui
1382 5256 1813 5322 persequutionem
1836 5256 2048 5324 patiun-

518 5341 591 5406 (ξι)
623 5341 800 5406 collata
822 5355 930 5391 cum
944 5349 1053 5406 Mss.
1080 5345 1239 5406 Regiis
1262 5345 1401 5402 2052,
1437 5345 1577 5406 242.1,
1602 5347 1743 5405 2429,
1779 5355 1829 5396 et
1851 5347 2041 5396 Coislin.

457 5401 647 5474 385,’et
667 5404 776 5474 50},
806 5412 858 5474 et
879 5403 1006 5474 Colh.
1033 5405 1119 5474 171
1136 5401 1279 5474 l',_ubi
1305 5414 1374 5456 tot
1389 5401 1949 5474 lectionumdiscrimina
1964 5424 2044 5474 oc-

455 5471 671 5522 currunt,
689 5467 767 5513 vix
785 5472 841 5514 ut
864 5467 1048 5522 possint
1063 5468 1221 5516 omnia
1245 5470 1418 5516 notari.
1439 5476 1485 5516 In
1498 5471 1710 5519 editione
1721 5477 1884 5518 autem
1899 5471 2038 5519 Savil.

456 5532 585 5593 tanta
598 5527 819 5593 varietas
838 5527 1141 5586 observatur,
1164 5536 1218 5577 ut
1239 5529 1338 5576 bini
1359 5537 1522 5593 textus
1540 5532 1744 5593 edantur
1763 5543 1792 5579 e
1815 5532 2037 5593 regione,

455 5585 503 5630 in
527 5587 706 5652 quibus
729 5587 858 5635 idem
881 5585 1248 5652 argumentum;
1286 5591 1373 5639 sed
1393 5591 1613 5652 ordiendi
1650 5593 1837 5652 modus,
1862 5585 2038 5649 s'eries,

456 5647 605 5692 verba
628 5646 917 5709 plerumque
939 5646 1351 5711 discrepantJQua
1374 5651 1437 5700 de
1458 5664 1515 5701 re
1556 5650 1772 5714 pluribus
1795 5646 1842 5702 in
1865 5646 2038 5703 Monito

455 5717 617 5772 supra.

2179 1880 2262 1922 tur
2306 1875 2513 1939 prapter
2540 1864 3316 1936 justitiam,quoniamipsorum
3338 1875 3408 1918 est
3433 1882 3773 1936 regnumne-

2174 1962 2339 2013 lorum
2365 1958 2580 2029 (Matth.
2611 1958 2664 2012 5.
2690 1956 2804 2028 10).
2836 1955 3025 2010 Viden’
3043 1955 3305 2010 malorum
3337 1959 3769 2027 perpessionem,

2174 2048 2231 2102 in
2261 2047 2559 2104 mercedem
2604 2062 2666 2101 ac
2705 2047 2980 2116 praemium
3006 2087 3020 2110 ,
3054 2048 3306 2116 consequi
3340 2063 3562 2117 regnum
3601 2049 3769 2102 caelo-

2173 2141 2329 2194 rum?
2370 2139 2506 2194 Audi
2559 2138 2825 2208 quomodo
2868 2138 3062 2191 malum
3091 2148 3396 2208 perpetrare
3457 2155 3676 2209 pennam
3716 2151 3771 2194 et

2173 2231 2489 2301 supplicium
2529 2228 2735 2285 afferat.
2764 2228 2896 2284 Cum
2935 2229 3078 2284 enim
3103 2230 3325 2286 dixisset
3359 2231 3555 2285 Paulus
3577 2232 3650 2287 de
3675 2232 3770 2287 Ju-

2171 2323 2321 2388 d:cis,
2354 2323 2628 2377 Dominum
2656 2323 2965 2388 occiderunt,
2995 2323 3266 2392 praphetas
3307 2324 3596 2393 persequuti
3644 2334 3765 2378 sunt

2173 2416 2220 2486 (l
2255 2414 2434 2469 Thess.
2461 2415 2516 2468 2.
2562 2415 2686 2485 15),
2717 2414 2919 2480 intulit,
2968 2413 3196 2479 Quorum
3226 2415 3342 2483 ﬁnis
3369 2416 3462 2468 erit
3483 2417 3766 2469 secundum

2172 2524 2326 2573 opera
2346 2523 2518 2560 eorum
2541 2506 2614 2577 (2
2641 2506 2758 2561 Cor.
2794 2507 2881 2561 11.
2915 2507 3026 2575 15).
3058 2505 3244 2560 Viden'
3266 2507 3536 2576 quomodo
3576 2508 3649 2575 ii,
3680 2508 3768 2578 qui

2171 2599 2595 2667 persecutionem
2638 2598 2928 2667 patiuntur,
2959 2613 3180 2667 regnum
3229 2598 3523 2666 accipiant,
3559 2600 3592 2652 ii
3633 2615 3764 2653 vero

2171 2689 2258 2756 qui
2288 2696 2697 2758 persequuntur,
2741 2688 2872 2741 iram
2895 2687 2994 2742 sibi
3021 2687 3245 2757 parent?
3291 2688 3417 2743 llaec
3452 2705 3616 2758 porro
3652 2705 3759 2743 non

2171 2790 2373 2835 temere
2401 2795 2540 2834 nunc
2565 2796 2592 2833 a
2624 2794 2710 2835 me
2736 2779 2877 2835 dicta
2907 2787 3063 2845 sunt,
3097 2780 3191 2835 sed
3217 2789 3274 2834 ut
3298 2796 3401 2836 non
3438 2794 3627 2836 contra
3659 2784 3763 2836 ini-

2171 2874 2338 2927 micos
2375 2873 2685 2936 irascamur,
2723 2872 2815 2927 sed
2858 2873 3206 2927 misereamur
3231 2873 3352 2927 illos
3379 2887 3440 2926 ac
3481 2874 3764 2943 lugeamus

2169 2979 2290 3017 cum
2317 2964 2486 3033 iisque
2512 2962 2808 3018 doleamus.
2832 2962 2907 3016 Illi
2934 2961 3076 3016 enim
3104 2972 3248 3027 sunt,
3276 2963 3364 3033 qui
3382 2963 3521 3017 male
3547 2965 3766 3033 patiun-

2171 3063 2289 3121 tur,
2338 3069 2530 3123 nempe
2571 3054 2661 3123 qui
2693 3053 2844 3108 nobis
2891 3060 3016 3108 sunt
3054 3051 3274 3108 inimici.
3306 3053 3360 3108 Si
3406 3053 3482 3108 sic
3522 3053 3761 3108 animam

2169 3157 2406 3202 nostram
2451 3155 2809 3216 temperemus
2833 3187 2848 3214 ,
2887 3147 3048 3201 etiam
3094 3161 3192 3216 pro
3217 3147 3345 3217 ipsis
3373 3162 3528 3202 orare
3559 3150 3765 3217 poteri-

2168 3254 2305 3292 mus.
2350 3237 2474 3292 ldeo
2512 3237 2652 3292 enim
2692 3245 2935 3306 quartam
2973 3236 3082 3306 jam
3124 3237 3333 3291 insumo
3370 3237 3509 3291 diem
3555 3237 3760 3292 cohor-

2168 3328 2328 3383 tando
2354 3343 2448 3382 vos
2478 3337 2533 3382 ut
2569 3343 2667 3399 pro
2707 3329 2935 3382 inimicis
2970 3327 3134 3383 oretis
3156 3370 3170 3394 ,
3200 3343 3304 3398 quo
3333 3328 3536 3382 firmior
3556 3330 3630 3383 sit
3658 3329 3760 3383 do-

2165 3419 2366 3486 ctrina,
2417 3418 2714 3489 frequentia
2759 3418 3136 3473 admonitionis
3172 3419 3430 3474 radicata.
3481 3419 3604 3474 Ideo
3655 3420 3761 3476 fre-

2166 3516 2394 3578 quenter
2417 3508 2752 3563 sermonibus
2793 3508 2935 3563 insto
2955 3549 2969 3574 ,
2995 3518 3050 3562 ut
3084 3509 3178 3564 ira:
3209 3517 3468 3564 tumorem
3499 3525 3760 3566 evaeuem

2165 3610 2220 3652 et
2246 3598 2490 3654 ardorem
2521 3613 2887 3670 eompescam,
2921 3608 2977 3654 ut
3017 3599 3103 3670 qui
3135 3609 3342 3654 oratum
3372 3601 3516 3655 venit
3547 3601 3628 3655 ira
3664 3619 3764 3656 va-

2168 3706 2301 3746 cuus
2325 3692 2416 3746 sit.
2443 3691 2574 3746 Nam
2605 3691 2851 3747 Christus
2891 3707 2995 3746 non
3037 3691 3369 3746 inimicorum
3399 3703 3600 3746 tantum
3633 3709 3761 3764 gra-

2165 3784 2236 3838 tia
2264 3783 2380 3838 haec
2406 3783 2712 3838 cohortatus
2755 3793 2839 3838 est
2859 3824 2874 3850 ,
2903 3783 2996 3838 sed
3043 3784 3204 3838 etiam
3232 3785 3402 3838 nostri
3433 3799 3592 3840 causa
3616 3827 3634 3851 ,
3670 3789 3758 3856 qui

2163 3885 2380 3946 peccata
2407 3875 2510 3930 illis
2548 3875 2863 3929 dimittimus
2887 3892 2899 3928 :
2928 3874 3132 3943 majora
3157 3876 3298 3929 enim
3325 3876 3522 3944 accipis
3541 3918 3557 3942 ,
3585 3893 3754 3946 quam

2161 3967 2278 4034 das,
2303 3983 2424 4022 cum
2453 3968 2582 4022 iram
2627 3967 2856 4022 remittis
2882 3967 3118 4022 inimico.
3152 3967 3220 4024 Et
3254 3969 3526 4038 quomodo
3548 3971 3755 4040 majora

2162 4057 2366 4128 accipio
2386 4101 2401 4122 ,
2434 4057 2679 4127 inquies?
2719 4057 2775 4112 Si
2804 4057 3020 4111 inimico
3061 4068 3275 4127 peccata
3315 4059 3586 4112 remiseris
3608 4101 3624 4125 ,
3657 4075 3752 4115 re-

2162 4148 2548 4202 mittuntnrtibi
2576 4147 2766 4201 delicta
2803 4158 2989 4202 contra
3015 4147 3297 4202 Dominum
3342 4149 3594 4203 admissa.
3622 4150 3753 4205 Haec

2162 4241 2472 4295 insanabilia
2494 4249 2620 4294 sunt
2662 4255 2724 4294 ac
2745 4241 2952 4295 veniam
2981 4255 3086 4295 non
3128 4251 3428 4306 merentur,
3457 4242 3543 4296 illa
3565 4252 3750 4297 autem

2161 4335 2366 4389 veniam
2395 4344 2449 4388 et
2472 4334 2716 4388 solatium
2749 4334 3038 4404 reperiunt.
3068 4334 3204 4388 Audi
3233 4334 3349 4389 Heli
3381 4335 3654 4389 dicentem
3685 4337 3753 4388 ti-

2161 4426 2248 4480 liis
2272 4425 2383 4480 suis
2408 4443 2420 4479 :
2456 4425 2517 4480 Si
2539 4441 2748 4494 peccans
2769 4427 3044 4496 peccaverit
3067 4429 3218 4480 homo
3249 4427 3302 4480 in
3329 4425 3579 4480 hominem
3605 4468 3620 4491 ,
3654 4445 3749 4496 pro

2156 4519 2246 4573 illo
2295 4518 2559 4573 orabunt:
2585 4521 2627 4570 si
2680 4534 2794 4572 vero
2836 4517 2889 4572 in
2933 4517 3094 4573 Deam
3115 4519 3410 4589 peccauerit,
3433 4518 3544 4588 quis
3582 4520 3753 4572 orabit

2157 4626 2250 4680 pro
2278 4626 2336 4663 eo
2367 4611 2416 4682 (1
2446 4610 2575 4680 Reg.
2607 4608 2662 4666 2.
2686 4608 2820 4679 25)?
2855 4609 2930 4663 Ita
2956 4617 3012 4662 ut
3037 4610 3228 4663 vulnus
3255 4609 3380 4664 illud
3411 4626 3476 4663 ne
3502 4610 3751 4664 oratione

2155 4701 2367 4774 quidem
2400 4702 2550 4756 facile
2580 4700 3104 4756 solvatur:oratione
3125 4700 3338 4770 quidem
3365 4715 3468 4754 non
3497 4701 3747 4764 solvitur,

2156 4795 2249 4849 sed
2285 4795 2602 4851 remissione
2645 4803 2982 4864 peccatorum
3019 4795 3243 4864 proximi
3281 4793 3522 4848 solvitur.
3546 4793 3749 4861 Quam-

2155 4887 2339 4944 obrem
2369 4887 2454 4941 illa
2504 4887 2556 4941 in
2600 4887 2880 4941 Dominum
2909 4896 3125 4957 peccata
3146 4886 3330 4941 decem
3362 4885 3524 4939 millia
3546 4884 3744 4937 talenta

2153 4978 2359 5033 vocavit
2391 4977 2662 5042 Christus,
2703 4978 2818 5032 haec
2844 4993 2970 5033 vero
3009 4985 3222 5032 centum
3251 4976 3495 5030 denarios
3523 4974 3744 5044 (Matth.

2154 5069 2242 5123 18.
2287 5068 2378 5122 25.
2417 5070 2574 5140 sqq.).
2606 5068 2821 5122 Dimitte
2864 5083 2992 5139 ergo
3030 5077 3245 5123 centum
3271 5067 3540 5131 denarios,
3567 5073 3624 5119 ut
3651 5065 3744 5119 de-

2149 5175 2265 5214 cem
2296 5159 2460 5214 millia
2491 5160 2686 5214 talenta
2712 5159 3052 5214 remittantur
3081 5158 3194 5213 tibi.

2218 5251 2274 5304 2.
2303 5250 2406 5305 Sed
2450 5251 2516 5305 de
2544 5251 2784 5304 oratione
2813 5250 3023 5318 quidem
3055 5264 3154 5320 pro
3197 5250 3423 5304 inimicis
3470 5249 3603 5303 satis
3651 5249 3734 5302 lo-

2147 5341 2294 5412 quuti
2333 5356 2552 5406 sumus;
2580 5343 2688 5409 jam
2710 5381 2724 5407 ,
2744 5341 2787 5394 si
2819 5341 3023 5411 placet,
3065 5341 3132 5395 ad
3160 5341 3512 5410 proditionem
3545 5339 3732 5393 redea-

2149 5449 2286 5496 mus,
2311 5442 2365 5486 et
2387 5433 2658 5487 videamus
2701 5433 2969 5501 quomodo
2999 5433 3252 5487 Dominus
3279 5441 3461 5485 noster
3488 5431 3727 5500 proditus

2146 5524 2236 5577 sit.
2265 5521 2408 5575 Tunc
2433 5523 2555 5575 abiit
2579 5539 2707 5575 unus
2729 5523 2792 5574 de
2829 5523 3126 5587 duodecim,
3151 5521 3185 5574 Ι
3190 5522 3319 5575 udas
3355 5519 3624 5574 lscariotes
3643 5519 3696 5570 di
3711 5548 3725 5557 -

2144 5624 2287 5678 ctus,
2345 5613 2411 5666 ad
2454 5614 2706 5684 principes
2742 5616 3088 5678 sacerdotum,
3122 5625 3169 5668 et
3210 5613 3368 5678 dixit,
3405 5610 3540 5678 Quid
3580 5609 3726 5662 vultis

2144 5707 2265 5758 mihi
2296 5705 2436 5771 dare,
2457 5715 2500 5758 et
2527 5723 2615 5776 ego
2641 5707 2774 5760 vobis
2797 5706 2993 5759 tradam
3017 5722 3124 5759 eum
3148 5704 3360 5776 (Matth.
3382 5703 3474 5756 26.
3496 5703 3582 5757 Η.
3615 5700 3726 5770 15}?
