3906 6224
352 304 385 359 5
1322 305 1409 360 DE
1450 301 1866 362 PRODITIONE
1901 298 2098 362 JUDJE
2160 302 2392 361 IIOMIL.
2436 306 2474 360 ἰ.

3408 304 3516 358 371

1325 974 1433 1027 ΕΙΣ
1465 972 1609 1027 ΤΗΝ
1648 972 2032 1028 ΠΡΟΔΟΣΙΛΝ
2073 970 2208 1023 ΤΟΥ
2251 972 2471 1035 ΙΟΥΔΑ,

279 1320 392 1378 Kal
436 1320 523 1387 είς
555 1318 619 1374 τὸ
646 1315 881 1388 Πάσχα,
911 1316 1008 1371 καί
1045 1317 1130 1382 εὶς
1171 1314 1284 1384 τὴν
1315 1312 1652 1382 παράδοσιν
1679 1310 1797 1364 τῶν
1827 1307 2196 1453 μυστιέρίων,
2229 1306 2323 1361 καὶ
2355 1306 2485 1376 περὶ
2528 1306 2632 1361 τοῦ
2671 1304 2766 1375 μὴ,
2796 1308 3221 1376 μνησικακεῖν.
3265 1307 3348 1380 Τῇ
3390 1310 3528 1383 ἁγίᾳ

1552 1402 1649 1453 καί
1688 1396 1916 1453 uenit!)
1952 1403 2005 1453 Π
2036 1411 2212 1453 ιιπτυ.

1552 1402 1649 1456 καὶ
1680 1396 1916 1471 μεγάλῃ
1952 1398 2212 1468 Πέμπτη.

923 1932 1153 2002 Ὀμιλία
1184 1937 1259 1986 α’.

349 2026 418 2080 α’.
437 2024 616 2094 Ὀλίγα
638 2023 848 2096 ἀνάγκη
877 2023 1115 2096 σήμερον
1136 2021 1272 2096 πρὸς
1295 2019 1391 2095 τὴν
1416 2021 1687 2095 ὑμετέραν
1705 2020 1843 2089 ἀγά-

278 2127 389 2181 πην
428 2111 601 2164 εἰπεῖν
622 2125 636 2140 °
666 2107 820 2177 ὀλίγα
856 2107 912 2162 δέ
943 2108 1155 2180 ἀνάγκη
1197 2108 1388 2173 είπεῖν,
1425 2107 1523 2161 οὐκ
1555 2105 1738 2177 ἐπειδὴ
1771 2104 1847 2174 τῷ

277 2193 473 2264 πλήθει
512 2191 620 2245 τῶν
661 2189 969 2262 λεγομένων
1010 2190 1166 2261 ὑμεῖς
1201 2188 1534 2261 βαρύνεσθε’
1577 2188 1697 2241 οὐδὲ
1739 2186 1847 2258 γὰρ

278 2276 429 2329 ἔστιν
462 2276 648 2346 ἑτέραν
686 2274 837 2327 πόλιν
865 2274 1044 2347 εὑρεῖν
1073 2272 1245 2337 οὕτως
1274 2271 1553 2344 ἐρωτικῶς
1586 2270 1722 2342 πρὸς
1751 2269 1847 2340 τὴν

275 2359 537 2430 ἀκρόασιν
577 2357 684 2410 τῶν
720 2357 1097 2427 πνευματικῶν
1127 2350 1326 2424 λογίων
1360 2354 1726 2425 διακειμένην.
1771 2353 1845 2404 Οὐ

276 2443 456 2496 τοίνυν
484 2441 572 2495 διὰ
602 2440 760 2494 τοῦτο
787 2440 943 2507 όλίγα
978 2438 1238 2509 λέγομεν,
1269 2437 1453 2509 ἐπειδὴ
1483 2437 1848 2505 ἀποκναίομεν

277 2526 423 2596 ὑμᾶς
453 2524 529 2595 τῷ
555 2523 764 2595 πλήθει.
797 2522 913 2576 ἀλλ’
940 2521 1122 2593 ἐπειδὴ
1155 2520 1427 2590 ἀναγκαία
1454 2522 1553 2592 τῆς
1590 2519 1850 2592 βραχυλο-

277 2608 400 2677 γίας
429 2609 663 2678 σήμερον
687 2609 718 2677 ἡ
754 2605 902 2660 αἰτία
923 2620 936 2635 ⁸
967 2607 1059 2659 καὶ
1087 2606 1193 2675 γὰρ
1225 2605 1334 2677 ὁρῶ
1365 2604 1588 2667 πολλοὺς
1613 2604 1720 2657 τῶν
1758 2620 1849 2655 πι-

278 2689 420 2743 στῶν
442 2689 825 2758 ἐπιγομένους
847 2688 981 2760 πρὸς
1009 2687 1106 2760 τὴν
1127 2689 1235 2743 τῶν
1265 2687 1503 2764 φρικτῶν
1535 2685 1848 2762 μυστηρίων

276 2771 578 2827 κοινωνίαν.
617 2772 711 2826 ”Ιν’
744 2766 837 2829 οὖν
872 2772 996 2844 μήτ’
1031 2772 1242 2845 ἐκείνης
1274 2775 1370 2844 τῆς
1400 2774 1679 2847 τραπέζης
1716 2776 1849 2828 ἀπο-

274 2856 498 2926 τύχωσι,
532 2857 668 2929 μήτε
700 2856 904 2928 ταύτης
937 2858 1257 2924 ἐκπέσωσιν,
1294 2860 1504 2929 ἀνάγκη
1539 2858 1847 2929 σύμμετρον

277 2942 604 3013 ποιήσασθαι
644 2939 742 3012 τὴν
794 2941 1054 3003 ἑστίασιν,
1107 2943 1173 2995 ἶν’
1219 2942 1554 3013 ἑκατέρωθεν
1608 2944 1737 3013 ὑμῖν
1788 2942 1849 2995 τὸ

278 3023 468 3095 κέρδος
500 3025 756 3096 γένηται,
800 3024 892 3078 καὶ
931 3023 1084 3096 [5771
1122 3024 1228 3078 ἀπὸ
1273 3024 1473 3093 ταύτης
1515 3024 1850 3091 ὲςροδιασθέν-

274 3123 364 3171 τες
381 3108 474 3161 καὶ
496 3105 604 3161 τῶν
632 3108 759 3177 παρ’
784 3107 939 3176 ἡμῶν
966 3107 1137 3174 λόγων
1158 3119 1206 3170 ο,
1233 3105 1400 3167 οὕτως
1431 3105 1720 3176 ἀπέλθητε,
1755 3107 1848 3158 καὶ

277 3188 416 3260 μετὰ
453 3187 615 3258 φόϐου
651 3188 745 3240 καὶ
773 3187 973 3258 τρόμου
1013 3187 1233 3252 καὶτῆς
1272 3187 1653 3258 προσηκούσης
1692 3188 1847 3241 εὐλα-

276 3272 427 3334 ϐείας
453 3274 517 3341 τῇ
557 3269 762 3340 φοϐερᾷ
786 3270 879 3322 καὶ
909 3271 1109 3340 φρικτῇ
1147 3269 1474 3340 προσέλθητε
1502 3272 1774 3343 κοινωνίᾳ.

347 3355 615 3424 Σήμερον,
652 3353 945 3423 ἀγαπητοὶ,
978 3354 1007 3405 ό
1040 3352 1240 3424 Κύριος
1288 3353 1445 3424 ἡμῶν
1483 3354 1687 3425 Ἰησοῦς
1716 3356 1849 3426 Χρι-

278 3437 401 3499 στὸς
435 3435 707 3507 παρεδόθη
730 3452 743 3464 ·
770 3437 834 3504 τῇ
875 3434 983 3506 γάρ
1028 3435 1256 3508 ἐπιούσῃ
1304 3435 1510 3507 ἑσπέρᾳ
1530 3436 1717 3508 ταύτῃ,
1754 3438 1849 3491 λα-

274 3521 459 3583 ϐόντες
504 3519 685 3583 αὐτὸν,
722 3518 958 3588 ἀπῆλθον
986 3519 1036 3571 οἱ
1082 3518 1342 3573 Ἰουδαῖοι.
1387 3520 1542 3573 Ἀλλὰ
1587 3520 1661 3591 μὴ
1717 3521 1848 3591 γένῃ

278 3602 546 3673 κατηφὴς,
593 3600 828 3665 ἀκούσας
876 3602 958 3655 ὅτι
999 3601 1203 3671 Ἰησοῦς
1248 3602 1549 3672 παρεδόθηο
1577 3603 1775 3673 μᾶλλον
1792 3602 1847 3655 δὲ

276 3685 431 3754 γενοῦ
457 3684 726 3756 κατηφὴς,
772 3686 863 3739 καὶ
896 3683 1127 3738 κλαῦσον
1164 3684 1398 3756 πικρῶς,
1421 3685 1556 3739 ἀλλὰ
1586 3686 1659 3757 μὴ
1705 3684 1847 3756 ὑπὲρ

275 3768 368 3824 τοῦ
422 3768 817 3840 παραδοθέντος
864 3766 1058 3839 Ἰησοῦ,
1108 3769 1221 3822 ἀλλ’
1275 3770 1413 3839 ὑπὲρ
1448 3768 1542 3823 τοῦ
1588 3770 1844 3843 προδότου

289 3852 475 3905 Ἰούδα.
521 3853 577 3906 '0
602 3852 700 3923 μὲν
737 3852 846 3922 γὰρ
890 3850 1215 3922 παραδοθεὶς
1243 3851 1339 3923 τὴν
1363 3851 1683 3924 οἰκουμένην
1712 3852 1847 3906 ἐσω-

217 3974 224 3981 -
278 3953 388 3999 σεν,
412 3937 441 3988 6
463 3936 519 3989 δὲ
551 3936 779 4009 προδοὺς
813 3934 912 4006 τὴν
948 3933 1141 3988 ἐαυτοῦ
1171 3935 1349 4006 ψυχὴν
1382 3934 1657 3989 ἀπώλεσε*
1694 3936 1785 3990 καὶ
1815 3937 1844 3989 6

278 4019 377 4089 μὲν
409 4019 684 4089 προδοθεὶς
732 4020 789 4072 ἐν
831 4018 981 4089 δεξιᾷ
1014 4018 1245 4090 κάθηται
1282 4019 1375 4073 τοῦ
1414 4019 1623 4091 Πατρὸς
1648 4021 1706 4073 ἐν
1731 4021 1844 4085 τοῖς

274 4102 540 4173 οὐρανοῖς,
559 4100 942 4172 όδὲπαραδούς
968 4102 1025 4155 ἐν
1055 4101 1182 4173 ᾅδου
1203 4101 1296 4155 νῦν
1326 4105 1462 4168 ἐστι,
1480 4103 1577 4172 τὴν
1608 4102 1846 4174 ἀπαραί-

275 4200 434 4255 τητον
454 4184 733 4253 ἀναμένων
758 4184 998 4239 κόλασιν.
1033 4184 1134 4238 Διὰ
1164 4185 1348 4240 τοῦτον
1372 4182 1465 4241 οὖν
1499 4186 1729 4241 κλαῦσον
1752 4187 1843 4241 καλ⁵

278 4265 549 4330 στέναξον,
574 4265 661 4318 διὰ
693 4265 878 4320 τοῦτον
908 4266 1192 4338 πένθησον,
1234 4268 1419 4339 ἐπειδὴ
1452 4269 1544 4322 καὶ
1574 4271 1603 4322 6
1636 4270 1842 4324 Δεσπό-

273 4365 374 4419 της
415 4348 570 4419 ημῶν
615 4348 703 4401 διά
738 4348 924 4404 τοῦτον
962 4351 1273 4423 ἐδάκρυσεν.
1318 4352 1474 4407 Ἰδὼν
1503 4354 1611 4424 γάρ
1635 4354 1839 4417 αὐτόν,

276 4431 459 4501 φησὶν,
480 4429 773 4500 ἐταράχθη
789 4432 886 4487 καὶ
903 4428 1089 4487 εἶπεν·
1112 4429 1216 4501 Εἷς
1231 4434 1299 4499 ἐξ
1316 4434 1483 4504 ὑμῶν
1504 4436 1841 4505 παραδώσει

268 4531 363 4583 με.
396 4513 461 4565 Ὦ
491 4513 629 4584 πόση
652 4513 1020 4585 εὐσπλαγχνία
1047 4516 1140 4569 τοῦ
1174 4517 1475 4571 Δεσπότουί
1507 4519 1536 4572 6
1561 4519 1840 4589 προδοθεὶς

273 4596 416 4667 ὐπέρ
436 4595 528 4649 τοῦ
555 4594 839 4668 προδόντος
871 4598 1042 4667 ἀλγεῖ.
1076 4598 1242 4654 Ἰδὼν
1259 4599 1367 4671 γὰρ
1394 4602 1595 4667 αὐτὸν,
1635 4602 1841 4672 ἐταρά-

272 4676 410 4747 χθη,
435 4677 588 4749 φησι,
619 4678 718 4735 καὶ
739 4675 933 4735 εἶπεν·
964 4676 1069 4746 Εἲς
1092 4680 1161 4746 ἐξ
1192 4682 1357 4751 ὑμῶν
1384 4682 1717 4751 παραδώσει
1740 4703 1834 4755 με.

273 4759 428 4824 Τίνος
446 4760 628 4815 ἐνεκεν
658 4761 966 4834 ὴθύμησενς
1001 4762 1163 4834 Ὁμοῦ
1203 4766 1296 4817 καὶ
1328 4764 1425 4837 τὴν
1461 4766 1838 4838 φιλοστοργίαν

270 4842 369 4915 τὴν
400 4843 592 4898 ἐαυτοῦ
630 4843 1091 4914 ἐπιδεικνύμενος,
1132 4847 1224 4902 καὶ
1259 4848 1524 4904 διδάσκων
1551 4852 1718 4923 ἡμᾶς,
1755 4851 1836 4905 ὅτι

268 4924 331 4978 οὐ
354 4924 443 4979 τὸν
470 4926 745 4998 πάσχοντα
782 4930 987 4994 κακῶς,
1023 4930 1157 4984 ἀλλὰ
1198 4933 1290 4985 τὸν
1327 4934 1580 4988 ποιοῦντα
1630 4934 1834 4998 κακῶς,

266 5006 452 5061 τοῦτον
482 5008 696 5081 θρηνεῖν
733 5013 1008 5084 πανταχοῦ
1037 5014 1261 5069 δίκαιον.
1294 5016 1461 5071 Τοῦτο
1495 5018 1602 5089 γὰρ
1628 5020 1833 5073 ἐκείνου

256 5094 464 5162 ’χεῖρον,
494 5093 693 5163 μᾶλλον
723 5094 780 5149 δέ
811 5098 986 5152 ἐκεῖνο
1018 5099 1115 5168 μὲν
1140 5099 1200 5152 οὐ
1227 5100 1411 5163 κακὸν,
1442 5100 1504 5153 τὸ
1526 5104 1709 5166 κακῶς
1732 5121 1834 5157 πα·-

265 5172 398 5255 θεῖν,
433 5174 673 5230 κακὸνδέ
696 5178 757 5232 τὺ
792 5180 1012 5250 ποιῆσαι
1046 5182 1248 5246 κακῶς.
1281 5182 1354 5235 Τὸ
1386 5183 1485 5254 μὲν
1509 5183 1614 5255 γάρ
1651 5186 1835 5250 κακῶς

266 5254 477 5337 παθεῖν,
508 5256 604 5329 τὴν
633 5258 908 5326 βασιλείαν
952 5263 1060 5317 τῶν
1106 5264 1346 5337 οὐρανῶν
1384 5266 1659 5337 προξενεῖ,
1697 5268 1756 5322 τὸ
1777 5270 1833 5322 δὲ

266 5336 450 5403 κακῶς
474 5340 697 5422 ποιῆσαι
725 5342 894 5397 αῖτιον
915 5346 1046 5416 ἡμῖν
1065 5346 1162 5417 τῆς
1181 5348 1403 5419 γεέννης
1429 5336 1520 5403 καὶ
1546 5350 1642 5422 τῆς
1674 5351 1831 5405 κολά-

266 5435 403 5484 σεως
427 5420 653 5489 γίνεται.
702 5424 986 5494 Μακάριοι
1013 5428 1139 5499 γάρ,
1173 5448 1243 5499 φη
1253 5432 1353 5496 σὶν,
1381 5434 1433 5485 οἱ
1459 5420 1831 5502 δεδιωγμένοι

261 5502 469 5557 ἕνεκεν
492 5502 900 5574 δικαιοσύνης,
931 5511 1018 5563 ὅτι
1058 5511 1255 5566 αὐτῶν
1288 5513 1459 5568 ἐστιν
1481 5517 1519 5585 η
1543 5515 1829 5579 ,ϐασιλεία

322 5700 354 5733 ⁸
375 5699 454 5751 Sic
469 5716 586 5752 mss.
614 5704 742 5755 Edit.
771 5719 885 5756 vero
904 5708 1074 5769 λογίων

1955 2015 2071 2069 τῶν
2102 2016 2390 2085 οὐρανῶν.
2436 2018 2594 2088 Ὀρᾷς
2629 2019 2743 2084 πῶς
2767 2020 2828 2074 τὸ
2857 2018 3041 2085 κακῶς
3071 2020 3258 2078 παθεῖν
3289 2022 3399 2096 ἔχει
3440 2042 3527 2097 μι-

1955 2100 2077 2153 σθὸν
2109 2102 2200 2154 καὶ
2222 2100 2451 2153 ἔπαθλον
2494 2101 2591 2172 τὴν
2606 2101 2876 2172 βασιλείαν
2899 2104 3007 2158 τῶν
3038 2105 3314 2177 οὐρανῶν;
3340 2110 3522 2163 Ἀκου-

1956 2199 2046 2236 σον
2075 2182 2189 2245 πῶς
2218 2183 2278 2235 τὸ
2310 2182 2496 2247 κακῶς
2535 2186 2755 2255 ποιῆσαι
2795 2185 3014 2240 κόλασιν
3056 2186 3213 2259 φέρει
3242 2190 3335 2243 καὶ
3359 2208 3527 2261 τιμω-

1958 2266 2095 2335 ρίαν.
2124 2264 2304 2318 Εἰπὼν
2323 2266 2431 2337 γάρ
2462 2269 2490 2320 6
2522 2268 2731 2340 Παῦλος
2774 2269 2903 2340 περὶ
2956 2268 3065 2323 τῶν
3129 2270 3415 2339 Ἰουδαίων,
3444 2276 3528 2329 ὅτι

1961 2334 2068 2400 Τὸν
2097 2347 2315 2416 Κύριον
2332 2334 2705 2416 diabeten-ar:
2737 2334 3008 2418 καί-τοὺς
3029 2351 3336 2421 προφήτας
3360 2334 3526 2409 ἐδίω-

1955 2431 2087 2495 ξαν,
2112 2432 2388 2501 ἐπήγαγεν
2410 2450 2423 2464 ·
2455 2428 2570 2486 ’Ὧν
2592 2434 2658 2488 τὸ
2690 2433 2865 2501 τέλος
2921 2435 3091 2489 ἔσται
3119 2436 3269 2492 κατὰ
3289 2437 3361 2492 τὰ
3383 2437 3527 2508 ἔργα

1953 2514 2169 2570 αὐτῶν.
2212 2512 2367 2579 Εἶδες
2396 2517 2510 2579 πῶς
2539 2519 2587 2571 oi
2632 2519 2730 2590 μὲν
2762 2518 3079 2590 διωκόμενοι
3116 2519 3217 2589 τὴν
3250 2522 3526 2593 βασιλείαν

1953 2596 2337 2671 λαμϐάνουσιν,
2354 2602 2402 2653 οἱ
2422 2600 2478 2653 δέ
2496 2595 2781 2666 διώκοντες
2794 2601 2895 2673 τὴν
2908 2600 3076 2673 ὀργὴν
3098 2602 3493 2678 κληρονομοῦσι
3508 2626 3522 2669 ;

1954 2685 2135 2742 Ταῦτα
2166 2682 2225 2742 δέ
2254 2706 2341 2759 μοι
2374 2689 2469 2759 οὐχ
2521 2689 2704 2754 ἁπλῶς
2737 2688 2830 2741 νῦν
2883 2692 3116 2761 εῐρηται,
3157 2691 3271 2744 ἀλλ’
3321 2692 3407 2745 ῐνα
3452 2692 3526 2762 μὴ

1953 2773 2065 2835 τοῖς
2096 2771 2308 2843 ἐχθροῖς
2340 2770 2709 2843 όργιζώμεθα,
2739 2772 2853 2826 ἀλλ’
2904 2773 3140 2845 ἐλεῶμεν
3201 2775 3395 2838 αὐτοὺς
3434 2777 3525 2828 καὶ

1955 2854 2242 2926 θρηνῶμεν
2269 2855 2361 2910 καὶ
2397 2854 2747 2926 συναλγῶμεν
2775 2856 2958 2920 αὐτοῖς
2978 2875 2991 2888 ·
3022 2859 3215 2911 ἐκεῖνοι
3250 2859 3355 2928 γάρ
3391 2860 3525 2912 εἰσιν

1953 2939 2001 2991 οί
2029 2938 2210 3002 κακῶς
2239 2938 2555 3008 πάσχοντες,
2588 2939 2637 2992 οἱ
2664 2937 3032 3011 ἐχθραίνοντες
3064 2942 3211 3011 ἡμῖν.
3251 2942 3347 2994 Ἂν
3385 2942 3526 2995 οὕτω

1956 3020 2458 3092 παρασκευάσωμεν
2497 3024 2595 3092 τὴν
2634 3022 2809 3094 ψυχὴν
2848 3024 2944 3093 τὴν
2974 3024 3266 3095 ἡμετέραν,
3297 3024 3523 3096 δυνησό-

1958 3101 2096 3172 μεθα
2126 3104 2305 3157 αὐτῶν
2326 3105 2420 3157 καὶ
2453 3104 2865 3174 ὐπερεύχεσθαι.
2889 3105 2988 3159 Διά
3017 3105 3124 3177 γὰρ
3154 3106 3310 3160 τοῦτο
3334 3108 3523 3177 τετάρ-

1953 3203 2054 3256 την
2082 3186 2291 3257 ἡμέραν
2320 3185 2522 3257 ταύτην
2560 3185 2667 3256 ἔχω
2704 3187 3082 3259 διαλεγόμενος
3120 3191 3246 3259 ὑμῖν
3278 3192 3404 3261 περὶ
3436 3192 3524 3243 εὐ-

1954 3269 2055 3340 χῆς
2078 3268 2219 3340 ὑπὲρ
2246 3268 2354 3322 τῶν
2379 3268 2603 3341 ἐχθρῶν,
2640 3269 2726 3323 ἵνα
2786 3270 3009 3340 μόνιμος
3056 3274 3275 3343 γένηται
3315 3274 3412 3344 τῆς
3449 3274 3523 3327 δι-

1949 3352 2242 3416 δασκαλίας
2262 3355 2290 3406 6
2328 3352 2503 3420 λόγος,
2538 3354 2603 3423 τῇ
2631 3353 2879 3424 συνεχείᾳ
2908 3353 3008 3423 τῆς
3039 3356 3411 3424 παραινέσεως
3438 3360 3523 3427 ῥι-

1950 3434 2163 3498 ζωθείς.
2198 3434 2294 3487 Διὰ
2323 3432 2481 3487 τοῦτο
2511 3433 2748 3503 συνεχῶς
2785 3435 3157 3506 ἀπαντλοῦμαι
3198 3439 3311 3500 τοῖς
3341 3440 3520 3508 ῥήμα-

1952 3533 2055 3580 σιν,
2107 3516 2247 3570 ὥστε
2298 3517 2357 3571 τὸ
2402 3516 2600 3587 οἴδημα
2647 3520 2745 3588 τῆς
2791 3519 2960 3589 ὀργῆς
3003 3520 3380 3591 ὐπονοστῆσαι,
3428 3526 3521 3576 καὶ

1949 3598 2347 3670 κατασταλῆναι
2383 3600 2482 3672 τὴν
2536 3600 2861 3671 φλεγμονὴν,
2904 3601 3043 3655 ὥστε
3076 3601 3314 3676 καθαρὸν
3351 3606 3519 3677 ὀργῆς

1947 3676 2085 3735 εἶναι
2116 3683 2206 3736 τὸν
2231 3685 2360 3755 εὐχῇ
2411 3684 2718 3755 προσιόντα.
2765 3685 2899 3739 Οὐδὲ
2922 3684 3031 3756 γάρ
3062 3689 3090 3739 ό
3118 3687 3352 3757 Χριστὸς
3380 3676 3520 3759 ὐπδρ

1946 3764 2054 3818 τῶν
2083 3765 2289 3837 ἐχθρῶν
2343 3766 2512 3820 ταῦτα
2562 3767 2831 3839 παρῄνεσε
2882 3768 3059 3839 μόνον,
3092 3771 3227 3826 ἀλλὰ
3258 3774 3350 3827 καὶ
3380 3774 3519 3845 ὑπὲρ

1947 3846 2103 3919 ἡμῶν
2129 3848 2236 3902 τῶν
2294 3849 2557 3917 ἀφιέντων
2604 3850 2828 3913 ἐκείνοις
2865 3852 2931 3904 τὰ
2961 3853 3365 3925 ἁμαρτήματα·
3402 3859 3518 3927 μεί-

1946 3929 2073 3993 ζονα
2094 3929 2203 4001 γάρ
2241 3931 2534 4000 λαμϐάνεις
2581 3932 2612 4002 ῆ
2665 3932 2841 3996 δίδως,
2879 3935 3059 4002 ἀφιεὶς
3082 3935 3180 4006 τὴν
3213 3937 3381 4009 ὀργὴν
3438 3940 3516 4010 τῷ

1945 4010 2140 4082 ἐχθρῷ.
2205 4012 2311 4064 Καὶ
2376 4012 2491 4075 πῶς
2547 4011 2765 4082 μείζονα
2814 4014 3103 4086 λαμδάνω;
3156 4019 3338 4089 φησίν,
3391 4020 3514 4075 Ἐὰν

1944 4096 2160 4165 ἀφήσῃς
2188 4093 2258 4147 τὰ
2278 4096 2355 4157 εἰς
2385 4096 2475 4148 τὸν
2500 4095 2690 4166 ἐχθρὸν
2722 4098 3113 4170 ἁμαρτήματα,
3155 4105 3513 4174 συγχωρετταί

1946 4194 2027 4229 σοι
2063 4177 2133 4229 τὰ
2184 4180 2262 4235 εἰς
2313 4178 2402 4230 τὸν
2449 4178 2723 4251 Δεσπότην
2771 4181 3233 4255 πλημμελήματα.
3304 4186 3514 4242 Ἐκεῖνα

1944 4260 2135 4313 ἁνίατά
2158 4262 2261 4313 είσι
2287 4260 2379 4313 καὶ
2405 4259 2553 4333 [5781
2578 4262 3157 4331 άσύγγνωσταοταῦτα
3176 4269 3373 4341 πολλὴν
3400 4270 3511 4341 ἔχει

1947 4344 2295 4415 παραμυθίαν
2321 4346 2412 4397 καὶ
2445 4345 2790 4418 συγγνώμην.
2824 4350 3085 4405 ’Ἄκουσον
3115 4352 3244 4420 γοῦν
3263 4354 3356 4408 τοῦ
3395 4356 3510 4409 Ἠλὶ

1944 4424 2188 4495 λέγοντος
2216 4428 2351 4496 πρὸς
2377 4430 2502 4492 τοὺς
2565 4430 2713 4492 υἱοὺς
2749 4431 2913 4486 αὐτοῦ
2939 4447 2952 4463 ⁸
2993 4434 3133 4489 Ἐὰν
3159 4437 3512 4506 ἁμαρτάνων

1944 4509 2173 4580 ἁμάρτῃ
2210 4511 2516 4578 ἅνθρωπος
2535 4514 2621 4578 εἰς
2660 4514 2991 4582 ἄνθρωπον,
3016 4518 3112 4571 καὶ
3142 4522 3508 4587 προσεύξον-

1940 4609 2034 4645 ται
2067 4594 2193 4661 περὶ
2209 4593 2393 4647 αὐτοῦ
2412 4610 2426 4624 ·
2455 4595 2563 4649 ἐὰν
2585 4595 2654 4648 δὲ
2669 4598 2756 4662 εἰς
2772 4599 2919 4653 Θεὸν
2941 4600 3186 4670 ἁμάρτῃ,
3215 4604 3302 4671 τίς
3324 4621 3507 4673 προσ-

1938 4675 2171 4740 εὔξεται
2192 4676 2323 4744 περὶ
2373 4677 2595 4741 αὑτοῦ;
2623 4679 2783 4734 ’Ὥστε
2818 4683 2989 4737 ἐκεῖνο
3030 4684 3089 4737 τὸ
3135 4686 3352 4758 τραῦμα
3383 4689 3505 4744 οὐτε

1938 4760 2087 4845 εὐχῇ*
2102 4757 2295 4845 ῥᾳδίως
2319 4758 2501 4845 λύεται
2524 4778 2536 4790 °
2563 4762 2693 4832 εὐχῇ
2728 4765 2828 4832 μὲν
2851 4765 2910 4819 οὐ
2939 4765 3141 4832 λύεται,
3163 4757 3504 4845 συγχωρήσει

1937 4841 1993 4894 δὲ
2022 4840 2127 4894 τῶν
2167 4842 2580 4913 ἁμαρτημάτων
2624 4844 2733 4898 τῶν
2786 4849 2865 4911 είς
2896 4848 2987 4902 τὸν
3017 4850 3242 4922 πλησίον
3266 4840 3502 4912 λέλυται.

1937 4922 2030 5010 Διὸ
2061 4923 2244 5010 ἐκεῖνα
2278 4925 2378 5010 μὲν
2426 4924 2609 5010 μύρια
2640 4927 2875 4983 τάλαντα
2907 4931 3164 4988 ἐκάλεσεν
3195 4939 3225 4990 6
3249 4940 3501 5010 Χριστὸς,

1936 5004 2005 5058 τὰ
2041 5007 2121 5069 είς
2154 5005 2244 5059 τὸν
2274 5007 2549 5079 Δεσπότην
2587 5009 2986 5082 ἁμαρτήματα·
3019 5017 3190 5073 ταῦτα
3219 5020 3275 5074 δὲ
3301 5004 3503 5077 -ἐκατὸν

1935 5086 2380 5175 δηνάρια.ΔξΑφες
2419 5086 2510 5144 οὖν
2562 5091 2757 5146 ἑκατὸν
2786 5095 3032 5169 δηνάρια,
3082 5101 3168 5155 ἵνα
3208 5104 3380 5175 ἀφεθῇ
3422 5121 3505 5159 σοι

1938 5169 2106 5241 μύρια
2136 5170 2395 5226 τάλαντα.

2005 5295 2250 5386 β’ςΔλλῃὰ
2264 5299 2333 5356 τά
2351 5300 2450 5371 μὲν
2466 5318 2529 5356 πε
2539 5302 2590 5373 pl
2605 5304 2701 5375 τῆς
2716 5306 2881 5379 εὐχῆς
2896 5310 2995 5379 τῆς
3018 5311 3157 5383 ὑπὲρ
3172 5311 3279 5366 τῶν
3294 5313 3503 5386 ἐχθρῶν

1939 5381 2139 5446 ίκανῶς
2165 5383 2408 5454 εἴρηται⁹
2441 5386 2533 5440 ἐπὶ
2577 5386 2633 5440 δὲ
2672 5389 2764 5443 τὸν
2793 5391 2892 5461 τῆς
2916 5381 3220 5464 προδοσίας,
3260 5381 3495 5460 είδοκεῖ,

1932 5464 2313 5551 ἐπανέλθωμεν
2342 5465 2519 5537 λόγον,
2552 5470 2644 5524 καὶ
2679 5470 2877 5551 ἴδωμεν
2902 5473 3019 5538 πῶς
3050 5476 3318 5551 παρεδόθη
3339 5483 3371 5550 ἡ
3380 5480 3497 5549 μῶν

1930 5546 1959 5598 6
1984 5548 2276 5618 Δεσπότης.
2312 5553 2448 5605 Τότε
2492 5555 2801 5621 πορευθεὶς
2819 5550 2906 5623 εἷς
2933 5556 3051 5612 τῶν
3076 5546 3321 5627 δώδεκα,
3356 5546 3494 5619 Ἰού-

1932 5629 2041 5717 δίπς
2067 5633 2099 5683 δ
2118 5631 2437 5717 ἐξαμαές
2454 5635 2837 5717 ἰσκαριὼτηςι
2854 5640 3003 5706 πρὸς
3027 5643 3164 5711 τοὺς
3186 5645 3491 5717 ἀρχιερεῖς.

1931 5707 2088 5765 εἶπε·
2118 5713 2178 5767 Τι’
2201 5711 2403 5768 θέλετέ
2424 5733 2525 5784 μοι
2557 5716 2783 5783 δοῦναι,
2815 5722 2972 5792 κάγὼ
3002 5707 3495 5798 amb-ﬁlszer
