3906 6224
381 256 485 315 375

374 369 559 428 αὐτόν
580 386 600 436 ;
625 367 737 424 Καὶ
763 370 912 424 δοκεῖ
944 372 1046 440 μὶν
1095 372 1264 439 σαφὲς
1287 367 1426 425 εἶναι
1446 373 1505 425 16
1523 372 1842 443 λεγόμενον,
1870 371 1967 425 καὶ

384 453 548 525 μηδὲν
579 452 741 507 πλέον
765 452 1097 507 αἰνίττεσθαι
1123 469 1136 483 ⁸
1168 454 1216 505 εἰ
1249 454 1306 506 δέ
1346 471 1430 517 τις
1464 454 1709 526 ἀκριϐῶς
1741 455 1969 526 ἐξετάσῃ

381 539 439 590 ἓν
464 534 692 589 ἕκαστον
712 534 820 588 τῶν
845 534 1178 606 λεγομένων,
1220 535 1424 606 πολλὴν
1457 535 1568 607 ἔχει
1591 536 1688 607 τήν
1713 536 1967 607 Θεωρίαν,

380 616 477 673 καὶ
503 617 637 671 πολὺ
696 617 758 671 16
822 617 983 688 βάθος
1027 617 1136 671 τῶν
1187 618 1497 689 νοημάτων.
1533 620 1640 672 Καὶ
1679 619 1913 690 πρῶτον,
1940 620 1968 672 6

384 700 592 773 καιρός.
629 701 705 754 Ού
734 700 843 771 7&9
870 699 1055 764 ἁπλῶς
1096 701 1259 755 αὑτὸν
1295 703 1716 772 ἐπισημαίνεται
1747 704 1775 755 ό
1804 703 1968 770 εύαγ-

383 784 636 855 γελιστής
654 798 668 813 ⁸
703 784 762 836 ού
784 782 891 856 7&9
922 778 1042 837 εἷπε
1071 786 1383 853 πορευθείς
1404 786 1608 849 ἁπλῶς.
1638 784 1772 839 ἀλλά
1800 803 1968 857 προσ-

381 868 543 936 έθηκε
575 866 638 921 16
663 866 799 920 Τότε
823 867 1155 934 πορευθείς.
1199 869 1336 922 Τότε
1360 885 1377 931 ;
1398 869 1519 922 εἰπέ
1550 886 1659 938 μοι,
1688 869 1848 933 πότε;
1872 867 1966 922 καὶ

376 951 519 1014 τίνος
544 950 729 1004 ἕνεκεν
756 950 1111 1020 ἐπισημαίνει
1143 950 1234 1004 16v
1249 951 1473 1023 χρόνονς
1500 952 1554 1005 τί
1590 969 1655 1023 με
1675 951 1920 1022 βούλεται
1937 963 1963 992 ι

376 1033 618 1098 διδάξαι;
658 1033 732 1086 Ού
772 1032 884 1105 γὰρ
930 1032 1131 1097 ’ἁπλῶς
1164 1035 1381 1104 εἴρηται
1416 1035 1497 1101 16,
1531 1035 1687 1100 Τότε,
1729 1036 1824 1090 καὶ
1856 1037 1965 1106 γὰρ

378 1118 658 1189 Πνεύματι
686 1117 1057 1186 φθεγγόμενος
1082 1116 1203 1169 ούδέ
1237 1117 1423 1182 ἀπλῶς
1451 1117 1572 1171 ούδέ
1591 1119 1714 1187 είκῆ
1741 1118 1966 1187 φθέγγε-

377 1219 489 1258 ται.
513 1202 580 1255 Τί
609 1198 703 1256 οὖν
718 1204 836 1255 ἐστι
858 1191 940 1262 16.
961 1204 1099 1255 Τότε
1111 1217 1129 1264 ;
1164 1202 1279 1273 Πρὸ
1310 1201 1475 1256 αὑτοῦ
1506 1202 1600 1255 τοῦ
1627 1203 1841 1275 χρόνου,
1858 1203 1966 1273 πρὸ

380 1284 547 1355 αὐτῆς
576 1285 674 1355 τῆς
715 1282 867 1356 ὥρας
915 1284 1191 1355 προσῆλθε
1240 1285 1434 1356 πόρνη,
1478 1284 1824 1354 ἀλάϐαστρον
1866 1283 1967 1353 μύ-

380 1385 473 1438 ρου
522 1368 742 1438 ἔχουσα,
788 1366 884 1419 καὶ
936 1367 1164 1436 κατέχεε
1207 1366 1268 1419 16
1306 1367 1484 1420 ἔλαιον
1527 1368 1704 1420 ἐκεῖνο
1745 1368 1837 1421 ἐπὶ
1865 1367 1965 1438 τὴν

375 1450 615 1520 κεφαλὴν
637 1449 730 1503 τοῦ
760 1449 986 1521 Κυρίου.
1034 1450 1379 1516 Ἐπεδείξατο
1413 1451 1613 1521 πολλὴν
1642 1451 1961 1519 θεραπείαν,

375 1533 689 1598 ἐπεδείξατο
745 1532 947 1603 πολλὴν
998 1533 1202 1599 πίστιν,
1240 1533 1442 1604 πολλὴν
1480 1534 1729 1606 ὑπακοὴν
1752 1536 1846 1589 καὶ
1875 1536 1964 1588 εύ-

373 1614 596 1670 λάϐειαν
620 1632 633 1645 ⁸
679 1615 983 1687 μετεϐλήθη
1023 1616 1130 1668 ἀπὸ
1166 1616 1259 1669 τοῦ
1290 1617 1555 1687 προτέρου
1584 1616 1721 1687 βίου,
1749 1617 1963 1685 ἐγένετο

379 1699 604 1768 βελτίων
653 1699 749 1752 καὶ
800 1699 1240 1771 σωφρονεστέρα.
1281 1701 1391 1753 Καὶ
1414 1701 1502 1753 ὅτε
1540 1701 1574 1769 ή
1616 1700 1786 1772 πόρνη
1833 1717 1961 1770 μετ-

376 1783 619 1855 ενόησεν,
674 1782 763 1837 ὅτε
810 1783 900 1836 τὸν
931 1783 1210 1855 Δεσπότην
1247 1784 1613 1848 ἐπεσπάσατο,
1647 1785 1767 1837 τότε
1795 1786 1823 1835 6
1860 1803 1954 1854 μα-

375 1866 545 1937 θητὴς
590 1867 681 1919 τὸν
732 1865 1053 1919 διδάσκαλον
1099 1865 1397 1937 προέδωκε.
1457 1867 1553 1919 Διά
1613 1866 1771 1920 τοῦτο
1819 1863 1958 1931 εἷπε,

382 1951 538 2013 Τότε,
572 1951 658 2004 ἵνα
683 1951 759 2020 μὴ
775 1950 1158 2023 κατηγορήσῃς
1181 1950 1274 2002 τοῦ
1302 1950 1625 2003 διδασκάλου
1652 1951 1959 2016 ἀσθένειαν,

372 2036 501 2089 ὃταν
531 2033 648 2105 ἴδῃς
704 2032 795 2087 τὸν
854 2032 1103 2104 μαθητὴν
1137 2032 1456 2103 προδιδόντα
1485 2034 1576 2087 τὸν
1620 2034 1959 2089 διδάσκαλον.

374 2117 625 2188 Τοσαύτη
657 2115 766 2189 7&9
816 2111 885 2188 ἦν
934 2116 968 2187 ὴ
995 2115 1226 2187 δύναμις
1267 2115 1361 2170 τοῦ
1390 2116 1729 2180 διδασκάλου,
1761 2118 1836 2182 ὼς
1868 2119 1963 2171 καὶ

371 2203 580 2276 πόρνας
614 2200 950 2255 ἐπισπᾶσθαι
975 2201 1055 2265 εἰς
1086 2201 1184 2271 τήν
1210 2200 1417 2254 οἰκείαν
1449 2200 1714 2273 ὑπακοήν.

443 2288 509 2342 Τί
527 2282 642 2350 οὖν,
673 2286 859 2357 φησὶν,
884 2286 914 2338 6
944 2286 1148 2357 πόρνας
1167 2284 1569 2356 ἐπισπώμενος,
1596 2285 1843 2357 μαθητὴν
1864 2286 1963 2340 οὐκ

375 2370 595 2440 ἴσχυσεν
655 2366 1094 2432 ἐπισπάσασθαις
1143 2368 1358 2438 Ἴσχυεν
1415 2368 1815 2422 ἐπισπάσασθαι
1874 2369 1963 2422 τὸν

376 2453 647 2525 μαθητὴν,
677 2452 791 2505 ἀλλ’
827 2451 929 2506 ούκ
972 2450 1231 2522 ἠϐούλετο
1274 2451 1489 2523 ἀνάγκῃ
1530 2452 1753 2522 ποιῆσαι
1776 2452 1960 2517 καλὸν,

373 2536 491 2591 οὐδὲ
533 2536 624 2609 βίᾳ
645 2534 870 2590 ἑλκύσαι
896 2535 1030 2605 πρὸς
1049 2535 1262 2588 ἐαυτόν.
1295 2536 1432 2588 Τότε
1457 2538 1788 2604 πορευθείς.
1808 2536 1962 2606 Ἔχει

374 2636 428 2674 τι
457 2619 553 2673 καὶ
584 2618 745 2672 τοῦτο
765 2617 826 2670 ού
863 2616 1058 2689 μικρὸν
1097 2617 1380 2688 θεώρημα,
1411 2618 1495 2683 τὸ,
1520 2619 1835 2686 Πορεινθείς
1855 2631 1869 2645 ⁸
1899 2619 1960 2671 ού

375 2704 485 2776 7&9
517 2702 879 2774 μετακληθεὶς
923 2701 1029 2754 ὑπὸ
1063 2700 1173 2754 τῶν
1214 2703 1540 2774 ἀρχιερέων,
1584 2704 1683 2756 οὐκ
1720 2706 1961 2771 ἀναγκα-

376 2788 526 2853 σθεὶς
554 2786 676 2840 ούδέ
710 2785 975 2857 βιασθεὶς,
1005 2785 1120 2839 ἀλλ’
1153 2786 1313 2848 αὐτὸς
1339 2787 1431 2856 ἀφ’
1468 2787 1659 2840 ἑαυτοῦ
1694 2788 1788 2839 καὶ
1821 2788 1963 2840 οῖκο-

373 2871 467 2924 θεν
500 2871 653 2924 ἔτεκε
669 2870 760 2923 τὸν
788 2870 960 2933 δόλον,
978 2872 1073 2925 κα)⁸
1088 2870 1188 2943 τὴν
1217 2870 1443 2941 γνώμην
1470 2870 1703 2942 ἐξήγαγε
1731 2872 1957 2941 ταύτην,

369 2954 562 3009 οὐδένα
600 2953 739 3025 ἔχων
774 2951 1077 3024 σύμϐουλον
1112 2953 1214 3021 τῆς
1262 2952 1526 3024 πονηρίας
1559 2953 1782 3024 ταύτης.
1827 2956 1962 3009 Τότε

371 3038 683 3108 πορευθείς
721 3033 809 3103 εἷς
845 3036 963 3090 τῶν
988 3035 1236 3091 δώδεκα.
1278 3038 1343 3090 Τί
1377 3038 1546 3099 ἐστιν,
1581 3032 1683 3103 Εἷς
1710 3037 1829 3091 τῶν
1855 3038 1962 3091 δώ-

370 3123 552 3187 δεκα;
586 3121 872 3176 Καὶτοῦτο
893 3120 1159 3193 μεγίστην
1182 3119 1332 3189 αύτῷ
1369 3120 1638 3174 δείκνυσιν
1670 3117 1834 3177 οὖσαν
1863 3123 1961 3194 τὴν

371 3208 708 3280 κατηγορίαν
763 3205 842 3278 τῷ
890 3208 1087 3273 εἰπεῖν,
1127 3199 1233 3272 Εἷς
1260 3203 1381 3259 τῶν
1417 3204 1665 3261 δώδεκα.
1708 3208 1817 3261 Καὶ⁸
1854 3209 1962 3280 7&9

369 3288 511 3361 ἦσαν
556 3291 734 3362 ἐτεροι
785 3288 1025 3360 μαθηταὶ
1087 3287 1167 3360 τῷ
1225 3288 1398 3360 Ἰησοῦ
1457 3289 1826 3361 ἐϐδομήκοντα
1869 3292 1961 3345 τὸν

370 3372 604 3447 ἀριθμόν
628 3390 639 3403 ⁸
681 3374 797 3427 ἀλλ’
865 3374 1063 3427 ἐκεῖνοι
1120 3371 1189 3425 τά
1252 3372 1531 3442 δευτερεῖα
1573 3370 1739 3444 εἶχον,
1763 3375 1960 3429 ἐκείνοι

370 3461 430 3513 οὐ
460 3458 727 3527 τοσαύτης
756 3457 1025 3512 ἀπέλαυον
1052 3457 1153 3528 τῆς
1182 3457 1368 3529 τιμῆς,
1390 3457 1511 3510 ούδέ
1540 3457 1806 3529 τοσαύτης
1829 3476 1960 3529 μετ-

370 3546 517 3614 εῖχον
548 3542 648 3612 τῆς
706 3540 1043 3613 παρρησίας,
1082 3540 1183 3593 ούκ
1228 3539 1589 3610 ἐκοινώνησαν
1633 3542 1960 3614 ἀπορρήτων

370 3624 646 3687 τοσοῦτον,
674 3624 749 3684 ὡς
792 3624 842 3675 οἱ
894 3622 1125 3675 δώδεκα.
1170 3614 1329 3674 Οὗτοι
1373 3622 1607 3691 μάλιστα
1648 3618 1789 3695 ἦσαν
1818 3623 1962 3678 δόκεο-

375 3727 486 3781 μοι,
526 3708 622 3762 καὶ
653 3710 681 3760 ὁ
710 3707 839 3778 περὶ
865 3705 955 3759 τὸν
997 3704 1222 3776 βασιλέα
1253 3705 1412 3776 χορὸς
1432 3698 1583 3769 οὗτος
1612 3702 1679 3777 ἦν
1698 3725 1709 3736 ·
1752 3707 1889 3780 αὕτη
1923 3712 1956 3781 ή

373 3791 652 3863 συμμορία
675 3792 709 3860 ή
743 3788 873 3859 περὶ
898 3788 988 3841 τὸν
1013 3786 1351 3851 διδάσκαλον,
1376 3788 1470 3842 καὶ
1493 3788 1601 3842 ἀπὸ
1621 3789 1826 3861 ταύτης
1872 3792 1956 3857 ἐξ.

370 3875 643 3946 ἐπήδησεν
672 3876 700 3927 6
740 3870 957 3936 Ἰούδας.
987 3871 1083 3925 ”Ιν’
1130 3867 1222 3925 οὖν
1283 3872 1458 3943 μάθῃς
1491 3873 1575 3926 ὅτι
1611 3874 1672 3927 ού
1710 3874 1959 3945 μαθητὴς

368 3957 556 4023 ἁπλῶς
580 3957 742 4011 αὑτὸν
770 3953 1104 4028 προῦδωκεν,
1130 3955 1265 4010 ἀλλά
1293 3957 1388 4026 τῆς
1413 3955 1959 4029 [5791δοκιμωτάτης

366 4041 575 4108 τάξεως
605 4036 708 4109 εἷς,
739 4039 827 4094 διὰ
862 4038 1020 4093 τοῦτό
1049 4057 1215 4109 φησιν
1236 4056 1249 4069 ⁸
1283 4034 1389 4106 Εἷς
1428 4040 1544 4094 τῶν
1569 4039 1817 4097 δώδεκα.
1850 4044 1960 4098 Καὶ

366 4125 468 4180 οὐκ
488 4125 800 4195 αἰσχύνεται
820 4125 848 4177 6
864 4121 1036 4176 ταῦτα
1061 4122 1277 4193 γράψας
1296 4120 1591 4187 Ματθαῖος.
1608 4124 1763 4189 Τίνος
1773 4126 1958 4181 ἐνεκεν

368 4210 470 4262 οὐκ
520 4206 887 4278 αἱσχύνεται;
926 4206 1046 4259 ’Ίνα
1099 4204 1299 4277 μάθῃς,
1347 4204 1429 4257 ὃτι
1477 4208 1752 4278 πανταχοῦ
1818 4210 1957 4279 μετά

368 4292 628 4365 ἀληθείας
649 4291 829 4345 πάντα
845 4289 1193 4358 φθέγγονται,
1215 4289 1309 4341 καὶ
1330 4288 1479 4342 οὐδὲν
1494 4291 1956 4362 ἀποκρύπτονται,

368 4376 489 4430 οὐδὲ
512 4374 581 4429 τὰ
601 4372 864 4428 δοκοῦντα
911 4367 1050 4425 εἶναι
1084 4370 1421 4424 ἐπονείδιστα
1458 4373 1508 4424 δ.
1541 4372 1726 4428 Ταῦτα
1757 4376 1867 4448 7&9
1890 4376 1959 4430 1&

369 4458 630 4515 δοκοῦντα
657 4453 799 4511 εἶναι
832 4454 1191 4514 ἐπονείδιστα.
1249 4453 1423 4508 ταῦτα
1462 4455 1701 4511 δείκνυσι
1734 4458 1827 4512 τοῦ
1861 4462 1957 4513 Δε-

372 4544 573 4597 σπότου
606 4542 705 4612 τὴν
729 4538 1140 4612 φιλανθρωπίαν
1164 4555 1177 4568 ⁸
1208 4541 1290 4593 δτι
1316 4540 1407 4595 τὸν
1432 4541 1714 4612 προδότην,
1750 4545 1840 4597 τὸν
1863 4544 1958 4617 λῃ-

370 4627 520 4699 στὴν,
575 4627 665 4682 τὸν
714 4625 978 4697 κλέπτην,
1011 4624 1280 4679 τοσούτων
1321 4625 1551 4694 ἠξίωσεν
1592 4626 1833 4695 ἀγαθῶν,
1864 4631 1958 4683 καὶ

370 4709 533 4781 μέχρι
556 4710 653 4780 τῆς
712 4710 947 4782 ἐσχάτης
1005 4707 1382 4773 δωϐαστάζων
1416 4709 1575 4763 αὑτὸν
1602 4710 1823 4765 διετέλει
1856 4713 1956 4783 τῆς

366 4795 515 4865 ὥρας
538 4810 552 4823 ⁸
588 4793 686 4846 καὶ
715 4794 823 4864 γὰρ
848 4791 1114 4847 ἐνουθέτει
1137 4794 1231 4846 καὶ
1260 4794 1490 4864 παρῄνει
1511 4794 1605 4848 καὶ
1628 4796 1803 4849 πάντα
1828 4798 1957 4868 τρό-

369 4896 467 4932 πον
491 4876 830 4949 ἐπεμελεῖτο.
870 4878 931 4931 Εἰ
979 4876 1037 4930 δέ
1089 4877 1163 4949 μή
1210 4879 1497 4949 προσεῖχεν
1532 4878 1760 4944 ἐκεῖνος,
1798 4880 1896 4952 οὐχ
1926 4884 1955 4935 6

367 4960 565 5035 Κύριος
597 4958 799 5025 αῐτιος·
832 4960 928 5014 καὶ
948 4959 1158 5031 μάρτυς
1189 4963 1222 5031 ή
1245 4961 1417 5033 πόρνη
1443 4978 1455 4993 ⁸
1488 4959 1625 5033 αὕτη
1651 4963 1759 5035 γὰρ
1788 4981 1956 5035 προσ-

365 5034 565 5117 ἐχούσα
596 5044 765 5111 ἑαυτῇ
823 5039 1024 5113 ἐσώθη.
1058 5042 1148 5114 Μὴ
1198 5042 1378 5096 τοίνυν
1415 5043 1667 5116 ἀπογνῷς
1700 5034 1953 5111 σεαυτοῦ,

365 5129 505 5201 πρὸς
528 5126 628 5198 τὴν
678 5125 886 5196 πόρνην
937 5123 1176 5178 ἀπιδών⁸
1223 5125 1359 5195 μηδέ
1398 5125 1697 5199 θαρρήσῃς
1721 5128 1950 5200 σεαυτῷ,

369 5210 501 5282 πρὸς
528 5209 619 5264 τὺν
653 5208 855 5263 Ἰούδαν
881 5207 1023 5262 ἰδών.
1060 5207 1374 5279 Ἀμφότερα
1396 5207 1503 5279 γὰρ
1518 5210 1690 5263 ταῦτα
1712 5211 1950 5284 ὀλέθρια.

365 5296 460 5349 καὶ
498 5311 560 5348 το
617 5294 860 5364 θαρρεῖν,
913 5290 1009 5345 καὶ
1048 5290 1112 5344 16
1150 5289 1548 5359 ἀπογινώσκειν
1570 5309 1583 5322 ⁸
1615 5292 1675 5345 16
1721 5295 1818 5364 μὲν
1844 5295 1953 5368 γὰρ

364 5380 588 5450 θαρρεῖν
642 5376 733 5429 τὸν
781 5374 1050 5446 ἑστηκότα
1094 5376 1237 5427 ποιεῖ
1270 5375 1475 5437 πεσεῖν,
1506 5375 1566 5428 16
1595 5375 1651 5429 δὲ
1684 5376 1954 5445 ἀπογινώ-

364 5461 617 5514 σκειντδν
634 5460 884 5529 κείμενον
910 5458 1010 5512 οὐκ
1039 5458 1263 5528 ἀφίησιν
1283 5457 1597 5527 ἀναπῆναι.
1619 5458 1717 5512 Διά
1743 5458 1899 5512 τοῦτο
1928 5464 1954 5514 6

366 5542 572 5605 Παῦλος
602 5542 834 5614 παρῄνει
858 5542 1058 5611 λέγων·
1093 5542 1158 5593 '0
1172 5539 1368 5593 δοκῶν
1391 5539 1953 5607 ἐστάνιιι,,ϐλεπέτω

424 5647 452 5674 ⁸
476 5645 588 5693 Μες.
617 5644 791 5706 βούλει,
813 5645 947 5706 quoi
964 5641 1004 5693 si
1027 5638 1331 5706 'redpiatpr.
1372 5641 1640 5706 lggcndum
1670 5642 1819 5695 etiam
1840 5646 1949 5698 erit

361 5706 486 5762 τινος
506 5702 660 5765 ἕνεκεν
682 5722 705 5745 η
720 5702 1003 5765 ἐπισὴμαίνῃ
1019 5723 1044 5745 ι»
1065 5702 1354 5765 τὸνξχρὸνον.
1382 5702 1513 5765 Enn.

424 5769 453 5811 b
478 5763 574 5821 ΛΙιί
596 5765 702 5814 οὐδὲ
731 5766 823 5812 τῶν
844 5763 1107 5812 δοκούντων
1130 5763 1248 5810 εἶναι
1263 5764 1609 5814 ἐπονειδίστων.

1139 253 1219 312 S.’
1237 254 1520 314 JOANNIS
1558 257 1959 318 CHRYSOSTG

2084 259 2407 319 ARCHIEP.
2451 260 3002 320 CONSTANTINOP.

3544 266 3667 324 $76

2068 371 2155 441 μὴ
2187 372 2373 443 πέσῃ.
2414 376 2597 445 Ἔχεις
2624 375 2951 447 ἀμφοτέρων
2978 375 3046 430 τὰ
3072 376 3514 449 παραδείγματα.
3543 380 3665 436 πῶς

2071 457 2100 507 6
2134 455 2379 527 μαθητὴς
2407 457 2579 511 δοκῶν
2616 459 2860 523 ἑστάναι,
2907 459 3101 513 ἔπεσε⁸
3133 461 3227 515 καὶ
3264 463 3381 527 πῶς
3408 464 3442 531 ἡ
3482 462 3665 532 πόρνη

2071 540 2322 611 κειμένη,
2352 542 2575 611 ἀνέστη.
2612 542 2899 596 Εύόλισθον
2939 544 3096 615 ήμῶν
3125 547 3158 616 ή
3185 547 3401 619 γνώμη,
3438 549 3667 620 εὐπερί-

2068 639 2303 694 τρεπτον
2322 627 2356 696 ή
2389 626 2709 696 προαίρεσις
2728 643 2740 656 ⁸
2776 626 2864 680 διά
2894 628 3054 682 τούτο
3074 630 3299 693 ἑαυτοὺς
3322 632 3668 702 πανταχόθεν

2069 707 2463 776 ἀσφαλίζεσθαι
2518 710 2610 762 καὶ
2646 709 2975 780 τειχίζεσθαι
3009 714 3139 783 χρή.
3176 715 3311 768 Τότε
3342 720 3668 784 πορευθείς

2067 784 2157 858 εἷς
2201 791 2321 845 τῶν
2354 791 2600 858 δώδεκα,
2646 794 2866 860 Ἰούδας
2916 796 3309 865 Ἰσκαριώτης.
3351 800 3515 869 Ὁρᾷς
3550 801 3668 853 ἀπὸ

2068 874 2224 927 ποίου
2251 875 2411 946 χοροῦ
2440 876 2728 942 ἐξέπεσεν;
2767 878 2900 949 ὁρᾷς
2944 878 3104 942 ποίας
3124 879 3473 946 διδασκαλίας
3527 902 3667 937 κατ-

2067 958 2400 1029 εφρόνησεν;
2432 962 2565 1031 ὁρᾷς
2622 962 2745 1015 δσον
2792 962 2958 1015 κακόν
2993 962 3139 1016 ἐστιν
3167 965 3198 1035 ή
3241 964 3481 1035 ῥᾳθυμία
3505 968 3600 1020 καὶ
3622 970 3663 1040 ἡ

2066 1041 2355 1114 όλιγωρία;
2401 1046 2623 1110 Ἰούδας
2643 1048 2675 1099 ό
2695 1046 3017 1114 λεγόμενος
3055 1046 3535 1117 Ἰσκαριώτης.Τί
3564 1069 3661 1121 μοι

2067 1125 2246 1194 λέγεις
2276 1127 2441 1181 αὑτοῦ
2492 1130 2589 1200 τὴν
2620 1129 2808 1193 πόλιν;
2841 1128 2965 1182 Εἴθε
3001 1128 3074 1201 μὴ
3108 1130 3298 1185 τοῦτον
3334 1133 3661 1200 ἐγίνωσκονί

2079 1210 2306 1276 Ἰούδας
2325 1215 2357 1265 ό
2382 1215 2708 1280 λεγόμενος
2748 1212 3138 1282 Ἰσκαριώτης.
3171 1215 3327 1280 Τίνος
3352 1217 3536 1271 ἕνεκεν
3557 1221 3662 1289 τὴν

2065 1292 2221 1346 πόλιν
2280 1294 2445 1347 αὐτοῦ
2491 1293 2705 1364 λέγεις;
2737 1290 2848 1348 Ἦν
2895 1296 3080 1367 ἕτερος
3124 1298 3325 1363 Ἰούδας
3381 1301 3657 1373 μαθητὴς.

2065 1374 2311 1447 ζηλωτὴς
2355 1378 2802 1449 ἐπικαλούμενος.
2835 1380 2931 1433 Ἴν’
2964 1377 3057 1433 οὖν
3086 1380 3173 1434 διά
3207 1382 3306 1452 τῆς
3333 1384 3661 1455 ὁμωνυμίας

2068 1459 2142 1529 μὴ
2176 1461 2397 1532 γένηταί
2424 1480 2508 1526 τις
2531 1463 2729 1533 πλάνη,
2757 1464 2916 1517 διεῖλε
2942 1463 3131 1517 τοῦτον
3168 1466 3263 1518 ἀπ’
3299 1467 3530 1529 ἐκείνου,
3559 1471 3659 1522 καὶ

2065 1546 2270 1599 ἐκεῖνον
2295 1548 2391 1616 μὲν
2415 1548 2522 1600 ἀπὸ
2552 1548 2652 1618 τῆς
2682 1548 2882 1619 ἀρετῆς
2909 1548 3209 1618 ὠνόμασεν,
3254 1550 3455 1614 Ἰούδας
3491 1554 3520 1604 6
3552 1551 3658 1622 ζη-

2064 1627 2241 1699 λωτής
2261 1645 2274 1658 ⁸
2298 1630 2484 1685 τοῦτον
2522 1631 2577 1685 δέ
2607 1633 2706 1685 ούκ
2747 1631 3033 1703 ὠνόμασεν
3063 1634 3171 1685 ἀπὸ
3192 1634 3290 1702 τῆς
3325 1635 3558 1699 κακίας·
3590 1638 3655 1689 ού

2064 1712 2173 1780 γάρ
2195 1710 2367 1779 εἶπεν,
2406 1715 2603 1780 Ἰούδας
2632 1719 2660 1770 6
2684 1716 2967 1787 προδότης.
3008 1717 3200 1770 Καίτοι
3230 1719 3417 1789 ἐχρῆν,
3460 1719 3658 1790 ῶσπερ

2067 1797 2272 1848 ἐκεῖνον
2300 1797 2407 1850 ἀπὸ
2446 1798 2548 1869 τῆς
2593 1800 2795 1870 ἀρετῆς
2826 1800 3108 1863 ἐκάλεσεν,
3149 1799 3291 1853 οὕτω
3322 1803 3417 1855 καὶ
3460 1801 3657 1855 τοῦτον

2064 1880 2172 1933 ἀπὸ
2204 1882 2302 1949 τῆς
2339 1882 2534 1946 κακίας
2573 1883 3036 1954 προσαγορεῦσαι,
3078 1885 3171 1937 καὶ
3213 1886 3407 1947 εἰπεῖν,
3450 1885 3658 1950 Ἰούδας

2063 1963 2092 2015 6
2114 1963 2377 2035 προδότης
2402 1982 2416 1995 ⁸
2439 1965 2554 2018 ἀλλ’
2580 1965 2668 2018 ἵνα
2699 1983 2757 2020 σε
2789 1966 3051 2041 παιδεύσῃ
3067 1966 3311 2039 καθαράν
3337 1967 3481 2038 ἔχειν
3513 1987 3655 2022 κατ-

2063 2047 2294 2118 ηγορίας
2337 2048 2436 2119 τήν
2483 2047 2750 2117 γλῶτταν,
2785 2050 2878 2103 καὶ
2912 2049 3078 2105 αὐτοῦ
3113 2049 3207 2103 τοῦ
3239 2050 3499 2122 προδότου
3531 2052 3657 2120 φεί-

2062 2130 2233 2186 δεται.
2280 2132 2601 2200 Πορευθείς
2655 2135 2797 2205 γάρ,
2854 2134 3052 2205 φησὶν,
3100 2128 3188 2199 εἵς
3241 2133 3357 2187 τῶν
3398 2133 3657 2200 δώδεκα,

2076 2214 2301 2281 Ἰούδας
2340 2216 2735 2287 Ἰσκαριώτης,
2772 2218 2923 2284 πρὸς
2975 2220 3118 2285 τοὺς
3140 2218 3450 2287 ἀρχιερεῖς,
3480 2214 3661 2272 εἶπεν

2062 2299 2265 2364 αὐτοῖς
2290 2317 2302 2330 ⁸
2336 2301 2396 2353 Τί
2417 2320 2517 2369 μοι
2573 2302 2776 2356 θέλετε
2817 2302 3049 2367 δοῦναι,
3090 2304 3251 2371 κάγὼ
3282 2303 3423 2372 ὑμῖν
3465 2318 3659 2373 παρα-

2063 2378 2234 2436 δώσω
2255 2385 2442 2437 αὐτόν
2461 2401 2478 2447 ;
2498 2386 2559 2437 Ὠ
2575 2386 2672 2454 τῆς
2701 2388 2902 2456 μιαρᾶς
2924 2387 3140 2456 ἐκείνης
3166 2388 3378 2458 φωνῆςε
3403 2388 3512 2441 Καὶ
3536 2386 3659 2452 πῶς

2064 2466 2362 2538 ἐξεπήδησε
2389 2466 2483 2521 τοῦ
2521 2466 2816 2535 στόματος;
2845 2468 3207 2541 πῶς’ἐκίνησε
3241 2468 3337 2540 τὴν
3361 2469 3612 2538 γλῶσσαν
3636 2488 3655 2535 ;

2064 2551 2180 2612 πῶς
2211 2551 2311 2604 ούκ
2348 2550 2647 2622 ἐνάρκησεν
2677 2550 2819 2605 ἀπαν
2840 2550 2901 2606 16
2943 2552 3104 2622 σῶμα
3127 2570 3140 2617 ;
3165 2551 3280 2616 πῶς
3322 2553 3422 2606 οὐκ
3456 2551 3655 2625 ἐξέστη

2062 2635 2095 2703 ή
2127 2632 2333 2687 διάνοια
2357 2651 2370 2698 ;

2132 2758 2201 2826 7'.
2248 2760 2308 2812 Τί
2337 2758 2537 2813 θέλετέ
2565 2779 2666 2830 μοι
2702 2761 2932 2824 δοῦναι,
2962 2764 3123 2834 κάγὼ
3153 2765 3294 2834 ὑμῖν
3317 2767 3657 2835 παραδώσω

2062 2842 2245 2893 αὐτόν
2270 2861 2288 2905 ;
2314 2842 2499 2895 Ταῦτά
2522 2860 2579 2895 σε
2605 2844 2924 2899 ἐπαίδευσεν
2950 2850 2977 2901 6
2997 2849 3252 2919 Χριστὸς,
3282 2850 3401 2903 είπέ
3427 2869 3514 2920 μοι
3537 2866 3556 2919 ;
3584 2853 3653 2905 ού

2064 2922 2151 2976 διά
2173 2924 2330 2977 τοῦτο
2354 2924 2529 2993 ἔλεγε,
2556 2927 2652 2993 Μὴ
2684 2928 2993 2995 κτήσασθε
3042 2932 3301 3001 χρυσὸν,
3353 2933 3502 2997 μηδὲ
3545 2935 3656 3002 dp-

2063 3026 2264 3078 γυρον,
2294 3008 2450 3078 μηδὲ
2485 3012 2721 3080 χαλκὸν
2778 3016 2865 3078 είς
2900 3014 3006 3080 τὰς
3029 3014 3212 3079 ζώνας
3225 3018 3412 3085 ὑμὼν,
3441 3017 3655 3071 ἄνωθεν

2064 3094 2513 3163 προαναστέλλων
2547 3112 2641 3148 σου
2672 3097 2770 3167 τῆς
2808 3097 3174 3171 φιλαργυρίας
3204 3100 3302 3169 τὴν
3345 3101 3598 3155 ὑπόθεσιν
3633 3121 3647 3167 ;

2062 3177 2122 3229 ού
2147 3175 2319 3231 ταῦτα
2360 3178 2590 3248 παρῄνει
2622 3178 2884 3249 διηνεκῶς
2911 3183 3005 3235 καὶ
3037 3182 3176 3253 μετά
3204 3184 3407 3238 τούτων
3439 3185 3649 3254 ἔλεγεν,

2075 3259 2219 3313 Ἐάν
2237 3261 2328 3326 τίς
2352 3277 2425 3313 σε
2438 3262 2671 3329 ραπίσῃ
2691 3265 2778 3328 εἰς
2805 3264 2918 3330 τὴν
2941 3263 3148 3329 δεξιὰν
3177 3269 3450 3337 σιαγόνα,
3476 3268 3652 3336 στρέ-

2061 3347 2184 3411 ψον
2207 3342 2367 3408 αὐτῷ
2408 3344 2504 3396 καί
2535 3343 2651 3411 τὴν
2680 3345 2914 3413 timur;
2956 3349 3015 3401 Τί
3052 3349 3253 3406 θέλετέ
3283 3368 3388 3421 μοι
3411 3350 3646 3418 δοῦναι,

2061 3427 2224 3498 κάγὼ
2269 3427 2415 3496 ὑμῖν
2461 3427 2794 3494 παραδώσω
2831 3433 3052 3495 αὐτόν;
3095 3433 3159 3484 Ὠ
3205 3450 3306 3502 της
3353 3435 3646 3499 ἀπονοίαςί

2074 3512 2220 3565 Ἀντὶ
2253 3514 2417 3577 τίνος.
2468 3512 2588 3565 εἰπέ
2645 3531 2769 3583 μοι;
2822 3515 2875 3568 τί
2911 3516 3161 3587 μικρδνῆ
3202 3517 3345 3586 μέγα
3396 3519 3649 3586 ἐγκαλεῖν

2062 3594 2221 3668 ἔχων.
2276 3598 2584 3670 παραδίδως
2617 3600 2708 3653 τὸν
2731 3599 3092 3665 διδάσκαλον;
3132 3600 3213 3653 δτι
3244 3619 3326 3654 σοι
3362 3603 3647 3674 παρέδωκε

2060 3682 2168 3734 τῶν
2195 3680 2346 3753 [5801
2364 3682 2633 3753 δαιμόνων
2656 3684 2755 3753 τὴν
2777 3683 3054 3748 ἐξουσίανς
3083 3684 3164 3736 ὅτι
3188 3686 3468 3754 νοσήματα
3497 3686 3646 3738 λύειν

2062 3762 2315 3831 ἐποίησεν
2334 3779 2348 3827 ;
2367 3763 2448 3816 δτι
2473 3762 2681 3834 λέπρας
2698 3764 3010 3836 καθαίρειν;
3034 3765 3116 3817 δτι
3131 3765 3359 3835 νεκροὺς
3382 3766 3605 3837 ἀνιστᾷν
3625 3786 3639 3831 ;

2060 3848 2230 3917 ὅτιτῇ
2259 3847 2534 3917 τυραννίδι
2560 3847 2829 3917 ἐπέστησε
2864 3846 2956 3901 τού
2998 3847 3263 3913 θανάτου;
3298 3849 3417 3902 ἀντὶ
3438 3850 3643 3904 τούτων

2060 3929 2168 3981 τῶν
2199 3929 2526 4001 εὐεργεσιῶν
2577 3930 2780 3994 ταύτας
2837 3929 2993 3993 δίδως
3027 3931 3126 3994 τάς
3154 3930 3417 4002 ἀμοιϐάς;
3462 3934 3521 3987 Τί
3545 3934 3644 3987 θέ-

2062 4012 2199 4065 λετέ
2244 4030 2345 4081 μοι
2392 4012 2622 4077 δοῦναι,
2665 4013 2824 4084 κάγὼ
2876 4013 3019 4082 ὑμῖν
3056 4013 3640 4080 παραδώσωαῠτόνς

2066 4095 2129 4146 Ὢ
2162 4096 2258 4166 τῆς
2307 4097 2597 4161 ἀπονοίαςί
2652 4097 2850 4168 μᾶλλον
2894 4096 2971 4157 δὲ,
3003 4095 3049 4150 ὼ
3093 4097 3188 4167 τῆς
3242 4098 3640 4170 φιλαργυρίαςί

2062 4179 2237 4232 πάντα
2278 4179 2385 4249 γάρ
2431 4180 2610 4250 ἐκείνη
2663 4179 2817 4232 ἔτεκε
2865 4178 2934 4231 τά
2981 4180 3165 4233 κακά’
3226 4181 3442 4252 ἐκείνης
3480 4184 3642 4244 αύτδς

2061 4263 2428 4335 ἐπιθυμήσας,
2458 4263 2738 4334 προύδωκε
2769 4263 2857 4315 τὸν
2892 4262 3229 4319 διδάσκαλον.
3262 4265 3512 4319 Τοιοῦτον
3532 4268 3642 4336 γάρ

2061 4349 2208 4400 ἐστιν
2244 4348 2276 4417 ή
2309 4346 2521 4418 πονηρά
2574 4345 2698 4420 ῥίζα
2733 4347 2939 4418 ἐκείνη,
2976 4346 3229 4417 δαίμονος
3263 4347 3641 4419 χαλεπώτερον

2059 4429 2158 4494 τὰς
2195 4430 2428 4493 ἁλούσας
2479 4429 2803 4500 ἐκδακχεύει
2849 4428 3047 4500 ψυχὰς,
3106 4430 3200 4485 καὶ
3247 4433 3391 4484 ποιεῖ
3431 4432 3643 4496 πάντας

2059 4515 2297 4582 ἀγνοεῖν,
2329 4514 2424 4567 καὶ
2456 4514 2650 4567 ἑαυτὸν
2685 4514 2779 4567 καὶ
2821 4514 2949 4577 τοὺς
2995 4513 3222 4585 πλησίον
3255 4517 3348 4569 καὶ
3377 4517 3502 4579 τοὺς
3539 4518 3641 4585 τῆς

2060 4597 2272 4665 φύσεως
2301 4597 2517 4668 νόμους,
2548 4598 2642 4649 καὶ
2670 4596 2849 4649 αὐτῶν
2884 4595 3132 4651 ἐκϐάλλει
3161 4598 3267 4649 τῶν
3296 4598 3506 4667 φρενῶν
3545 4601 3640 4651 καὶ

2059 4680 2426 4751 παραπλῆγας
2466 4682 2778 4752 ἐργάζεται.
2804 4681 2945 4751 Ὅρα
2985 4680 3093 4750 γὰρ
3125 4681 3267 4734 πόσα
3294 4681 3546 4748 ἐξέϐαλεν
3575 4685 3641 4735 ἐκ

2056 4764 2156 4833 τῆς
2184 4763 2277 4818 τοῦ
2320 4764 2487 4818 Ἰούδα
2517 4764 2696 4835 ψυχῆς
2720 4783 2732 4795 ·
2769 4764 2868 4835 τὴν
2911 4764 3148 4835 ὁμιλίαν,
3185 4764 3282 4834 τὴν
3323 4765 3636 4834 συνήθειαν,

2055 4848 2155 4918 τὴν
2183 4848 2467 4901 κοινωνίαν
2494 4849 2593 4918 τὴν
2622 4849 2679 4900 ἐν
2702 4848 2972 4918 τραπέζῃ,
2990 4846 3056 4900 τά
3081 4846 3355 4918 θαύματα,
3376 4848 3474 4918 τὴν
3493 4847 3640 4902 διδαο

2058 4930 2304 4995 σκαλίαν,
2330 4930 2426 5001 τὴν
2449 4931 2786 5003 παραίνεσιν.
2815 4930 2912 5000 τὴν
2928 4929 3210 4983 νουθεσίαν
3230 4945 3243 4960 ⁸
3270 4929 3443 4984 ταῦτα
3460 4932 3636 4984 πάντα

2056 5016 2137 5077 εἰς
2193 5013 2365 5085 λήθην
2412 5014 2664 5067 ἐνέϐαλεν
2709 5015 2743 5085 ή
2780 5013 3111 5084 φιλαργυρία
3165 5013 3305 5066 τότε.
3354 5015 3451 5067 Διά
3480 5014 3637 5069 τοῦτ’)

2055 5096 2280 5161 εἰκότως
2305 5099 2332 5149 6
2358 5097 2569 5162 Παῦλος
2593 5097 2799 5165 ἔλεγεν,
2835 5095 3078 5156 δτιῬίζά
3107 5095 3347 5149 πάντων
3376 5095 3493 5149 τῶν
3528 5115 3637 5151 κα-

2055 5177 2179 5233 κῶν
2199 5179 2371 5233 ἐστιν
2402 5182 2439 5248 ἡ
2467 5180 2843 5249 φιλαργυρία.
2862 5178 3011 5232 -Τί
3043 5177 3249 5232 θέλετέ
3269 5195 3370 5248 μοι
3399 5178 3633 5238 δοῦναι.

2054 5263 2216 5332 κάγὼ
2246 5263 2387 5333 ὑμῖν
2418 5262 2749 5332 παραδώσω
2777 5262 2981 5315 αὐτόν.
3018 5261 3247 5332 Πολλὴή
3281 5261 3510 5317 ἀπόνοια
3539 5262 3633 5316 τοῦ

2056 5349 2317 5417 ῥήματος.
2349 5347 2684 5418 Παραδίδως.
2710 5345 2829 5398 εἰπέ
2864 5354 2973 5415 μοι,
2998 5345 3089 5398 τὸν
3114 5347 3288 5399 πάντα
3306 5346 3632 5418 κρατοῦντα,

2051 5430 2141 5482 τὸν
2174 5430 2442 5501 δαιμόνων
2468 5428 2867 5494 ἐξουσιάζοντα,
2888 5431 2954 5499 τῇ
2987 5427 3223 5500 θαλάττῃ
3254 5428 3631 5493 ἐπιτάττοντα,

2048 5513 2141 5564 16v
2190 5513 2296 5582 τῆς
2340 5512 2555 5580 φύσεως
2596 5512 2852 5565 ἁπάντων
2891 5511 3199 5582 Δεσπότην;
3226 5510 3324 5565 ’ἶν’
3348 5510 3440 5566 οὖν
3468 5515 3633 5568 αὐτοῦ

2052 5596 2378 5666 καταστείλῃ
2412 5596 2511 5667 τὴν
2543 5597 2821 5657 ἀπόνοιαν,
2852 5595 2944 5647 καὶ
2998 5594 3145 5666 δειξῃ
3177 5596 3257 5650 δτι
3283 5598 3329 5649 εί
3371 5598 3446 5666 μή
3477 5596 3636 5651 ἐϐού-

2050 5678 2192 5743 λετο,
2225 5679 2323 5729 οὐκ
2352 5679 2416 5731 ἂν
2441 5678 2731 5750 παρεδόθη,
2777 5679 3006 5731 ἄκουσον
3038 5678 3087 5730 τί
3117 5683 3285 5734 ποιεῖ.
3313 5681 3445 5732 Κατ’
3473 5680 3635 5733 αὐτὴν

2051 5760 2139 5814 τὸν
2164 5763 2353 5830 καιρὸν
2412 5765 2509 5831 τῆς
2562 5762 2869 5831 προδοσίας,
2903 5762 2992 5814 ὅτε
3023 5760 3256 5830 ἐπῆλθον
3304 5761 3473 5831 αὐτῷ,
3504 5763 3638 5827 ξύλα
