3906 6224
174 285 309 343 3739

178 399 263 452 lit
299 399 505 455 videtur
545 398 762 471 quidem
788 402 837 458 id
865 405 1004 474 quod
1034 405 1230 462 dictum
1265 418 1348 463 est
1386 409 1589 464 clarum
1613 426 1731 467 esse
1755 454 1771 477 ,

174 489 440 559 nihilque
481 492 708 561 amplius
756 494 1122 562 subindicare;
1154 496 1246 551 sed
1291 498 1335 552 si
1384 501 1505 569 quis
1532 509 1777 555 accurate

172 581 425 651 singula,
451 598 571 654 quae
608 582 751 638 dicta
777 594 916 650 sunt,
947 589 1235 653 examinet,
1268 605 1511 659 magnam
1539 592 1778 661 praebent

171 674 592 744 contemplandi
614 677 910 742 materiam,
937 679 1260 749 multamque
1279 695 1533 736 sensuum
1559 664 1780 751 profun-

182 856 515 927 simpliciter
544 858 672 911 illud
715 858 912 913 indicat
937 859 1296 930 evangelista;
1328 878 1498 932 neque
1525 863 1667 917 enim
1693 863 1777 917 di-

182 948 281 1002 xit
307 949 477 1002 solum
499 990 514 1016 ,
544 948 675 1002 Abiit
698 991 714 1017 ,
741 949 834 1005 sed
863 950 1090 1020 adjecit,
1123 950 1262 1005 Tunc
1306 953 1447 1008 abiit.
1474 952 1654 1008 Tunc?
1692 954 1779 1008 die

183 1044 332 1098 mihi
361 1043 696 1113 quandonam
721 1084 735 1110 ,
767 1054 821 1099 et
843 1060 1069 1115 quanam
1096 1046 1162 1101 de
1186 1062 1346 1101 causa
1378 1057 1586 1116 tempus
1633 1047 1774 1103 indi-

184 1135 324 1189 cet?
353 1135 476 1204 quid
504 1150 587 1188 me
608 1134 804 1190 docere
831 1137 944 1190 vult
972 1135 996 1187 ?
1024 1135 1137 1189 Non
1168 1137 1310 1192 enim
1358 1146 1559 1192 temere
1579 1137 1776 1192 dictum

187 1234 288 1280 est
311 1224 437 1279 illud
461 1266 476 1292 ,
505 1233 624 1279 tunc
655 1240 674 1279 :
701 1225 959 1294 siquidem
988 1241 1109 1280 cum
1135 1226 1335 1295 Spiritu
1370 1237 1547 1282 motus
1596 1228 1782 1297 loque-

189 1328 372 1382 retur,
401 1333 499 1371 nec
527 1327 727 1372 temere
757 1332 855 1371 nec
875 1317 1065 1371 frustm
1092 1318 1425 1387 loquebatur.
1450 1318 1587 1386 Quid
1619 1318 1781 1389 igitur

191 1417 287 1463 est
316 1408 464 1473 illud,
495 1409 650 1462 tunc?
680 1410 816 1463 Ante
843 1409 971 1463 illud
1003 1419 1242 1479 tempus,
1271 1420 1394 1465 ante
1424 1411 1563 1465 illam
1591 1411 1777 1466 horam

190 1501 427 1555 accessit
456 1501 704 1553 meretrix
738 1500 1056 1575 alabastrum
1085 1502 1337 1571 unguenti
1364 1501 1586 1567 habens,
1619 1512 1672 1557 et
1697 1501 1778 1557 ef-

197 1590 343 1645 fudit
370 1591 541 1643 oleum
599 1590 723 1642 illud
749 1604 909 1660 super
934 1599 1090 1659 caput
1138 1591 1367 1644 Domini.
1419 1591 1659 1662 Magnam
1689 1608 1781 1647 eu-

195 1697 321 1735 ram
367 1681 626 1745 ostendit,
660 1681 910 1751 grandem
941 1681 1094 1736 lidem
1114 1722 1131 1747 ,
1162 1683 1381 1736 multam
1412 1683 1767 1738 obedientiam

195 1789 268 1827 ac
296 1774 563 1844 pietatem;
594 1775 821 1842 priorem
849 1775 1006 1827 vitam
1037 1775 1291 1841 mutavit,
1322 1774 1454 1829 facta
1483 1785 1561 1831 est
1593 1777 1782 1831 melior

195 1872 260 1916 et
326 1863 723 1931 temperantior.
777 1863 843 1917 Et
912 1863 1122 1933 quando
1189 1867 1441 1919 meretrix
1519 1867 1777 1937 resipuit,

197 1957 419 2021 quando
440 1953 536 2005 sibi
565 1953 841 2006 Dominum
873 1954 1131 2020 attraxit,
1167 1963 1292 2009 tunc
1331 1955 1622 2026 discipulus
1671 1974 1783 2013 ma-

197 2046 427 2114 gistrum
472 2043 721 2114 prodidit.
759 2043 880 2097 Ideo
909 2044 1059 2107 dixit,
1093 2054 1230 2111 tunc,
1264 2060 1330 2100 ne
1373 2047 1678 2116 magistrum
1705 2048 1784 2101 in-

201 2134 475 2187 ﬁrmitatis
524 2148 834 2198 accusares,
886 2135 970 2189 ubi
1022 2136 1231 2191 videres
1283 2152 1404 2191 eum
1449 2152 1479 2191 a
1526 2137 1784 2207 discipulo

196 2224 383 2294 prodi.
405 2224 567 2277 Tanta
612 2224 750 2279 enim
781 2225 860 2278 vis
889 2234 998 2279 erat
1028 2227 1300 2295 magistri,
1326 2235 1382 2281 ut
1407 2228 1567 2282 etiam
1610 2242 1784 2283 mere-

202 2315 367 2369 trices
392 2314 456 2368 ad
488 2315 882 2384 obsequendum
910 2316 1010 2370 sibi
1045 2318 1392 2386 pertraheret.

282 2402 418 2458 Deus
442 2421 542 2457 non
564 2406 848 2458 necessitate
868 2406 1110 2473 pertrahit
1130 2407 1198 2460 ad
1221 2407 1404 2461 bonum
1424 2410 1694 2480 agendum.
1716 2440 1786 2451 —

203 2494 347 2560 Quid
376 2495 533 2564 igitur
552 2536 566 2561 ,
597 2495 802 2564 inquies
820 2537 836 2562 ,
861 2495 950 2566 qui
981 2497 1287 2551 meretrices
1316 2500 1519 2569 potuit,
1547 2497 1785 2569 discipu-

202 2585 317 2638 lum
346 2584 651 2654 pertrahere
671 2600 775 2640 non
802 2587 973 2654 potuit
999 2585 1023 2638 ?
1050 2586 1261 2642 Poterat
1305 2588 1522 2658 quidem
1547 2587 1785 2658 discipu—

204 2674 320 2730 lum
350 2676 673 2745 pertrahere,
704 2675 798 2731 sed
845 2677 1011 2731 noluit
1054 2676 1202 2731 illum
1251 2679 1564 2735 necessitate
1589 2679 1784 2735 bonum

205 2766 406 2831 facere,
435 2782 607 2837 neque
629 2768 681 2821 vi
697 2766 762 2820 ad
786 2782 844 2821 se
875 2767 1199 2836 pertrahere.
1233 2767 1375 2823 Tunc
1393 2769 1580 2824 abiens.
1616 2770 1784 2824 Etiam

210 2855 342 2910 illud
362 2897 377 2923 ,
396 2856 593 2921 abiens,
612 2858 839 2926 aliquam
868 2857 1026 2912 habet
1050 2860 1440 2931 contemplandi
1470 2864 1742 2916 materiam
1771 2879 1787 2916 :

206 2961 320 3001 non
350 2947 490 3001 enim
520 2948 718 3001 accitus
750 2963 780 3002 a
806 2948 1128 3019 principibus
1157 2952 1491 3007 sacerdotum
1511 2996 1526 3021 ,
1561 2969 1665 3008 non
1698 2970 1791 3009 nec

210 3037 463 3092 cessitate
507 3037 777 3105 inductus,
810 3054 915 3093 non
941 3050 1184 3106 coactus;
1220 3041 1314 3095 sed
1353 3056 1383 3095 a
1415 3045 1591 3110 seipse
1619 3053 1672 3097 et
1695 3059 1789 3098 sua

208 3141 401 3198 sponte
425 3130 603 3183 dolum
634 3131 859 3199 peperit,
887 3140 940 3184 et
964 3130 1101 3185 hanc
1116 3132 1304 3186 extulit
1323 3136 1637 3187 sententiam
1658 3176 1673 3199 ,
1697 3151 1792 3190 ne-

208 3222 357 3276 mine
402 3222 507 3274 alio
534 3222 641 3274 sibi
689 3222 934 3290 nequitia:
981 3222 1138 3291 hujus
1184 3233 1419 3280 auctore.
1455 3225 1596 3280 Tum:
1622 3228 1791 3282 abiens

209 3328 344 3364 unus
371 3310 433 3363 de
470 3310 754 3363 duodecim.
780 3310 912 3378 Quid
941 3320 1043 3379 est,
1071 3312 1215 3367 Unus
1257 3314 1319 3368 de
1345 3314 1604 3370 duodecim
1630 3316 1657 3370 .9
1682 3317 1793 3372 Hoc

209 3402 290 3457 illi
343 3416 534 3470 magno
578 3401 786 3455 crimini
823 3405 1070 3471 vertitur,
1120 3405 1258 3476 quod
1289 3407 1512 3473 dicatur,
1544 3408 1687 3464 Unus
1730 3411 1793 3464 de

207 3489 502 3543 duodecim.
537 3489 746 3545 Etenim
770 3501 924 3546 erant
957 3503 1010 3548 et
1036 3495 1124 3548 alii
1148 3495 1269 3550 Jesu
1304 3498 1544 3568 discipuli
1572 3516 1792 3555 numero

212 3581 545 3650 septuaginta
569 3599 580 3633 :
602 3581 694 3636 sed
727 3583 801 3637 illi
829 3584 1089 3639 secundas
1115 3585 1400 3653 habebant,
1425 3588 1501 3642 illi
1525 3604 1628 3644 non
1647 3599 1793 3645 tanto

217 3671 531 3726 fruebantur
575 3673 794 3741 honore,
844 3691 942 3731 nec
972 3685 1114 3732 tanta
1162 3689 1314 3733 erant
1342 3682 1545 3749 praediti
1570 3682 1790 3750 ﬁducia,

219 3778 324 3817 non
350 3773 611 3819 tantorum
638 3776 788 3820 erant
815 3768 1096 3838 participes
1111 3784 1426 3825 arcanorum
1444 3815 1458 3839 ,
1477 3783 1792 3842 quantorum

215 3855 495 3911 duodecim
527 3858 619 3913 illi.
650 3859 746 3915 llic
772 3861 1001 3917 maxime
1027 3863 1227 3931 probati
1256 3873 1426 3932 erant,
1460 3865 1543 3921 hic
1564 3877 1678 3921 erat
1705 3883 1793 3922 re-

223 3948 338 4016 gius
366 3951 578 4015 chorus;
606 3951 690 4006 hic
718 3968 921 4008 cuneus
939 3955 1193 4024 magistro
1221 3955 1430 4012 hmrens
1453 3976 1467 4011 :
1495 3959 1561 4014 ab
1589 3959 1686 4014 hoc
1706 3975 1793 4014 re-

220 4039 349 4092 siliit
376 4039 557 4095 Judas.
589 4042 656 4098 Ut
679 4044 836 4112 igitur
863 4046 1036 4101 discas
1062 4061 1165 4099 non
1195 4047 1512 4117 discipulum
1535 4049 1792 4118 simplici-

225 4139 305 4184 ter
351 4132 518 4201 ipsum
576 4135 905 4204 prodidisse,
960 4137 1053 4192 sed
1099 4154 1261 4192 unum
1306 4155 1371 4193 ex
1426 4139 1794 4209 probatissimo

224 4222 409 4275 ordine
429 4276 440 4288 ,
467 4224 587 4279 ideo
613 4227 771 4292 dicit,
803 4228 946 4283 Unus
968 4231 1029 4283 de
1057 4230 1338 4285 duodecim.
1393 4231 1572 4302 Neque
1600 4234 1793 4289 erube-

219 4312 326 4365 scit
350 4313 415 4376 is,
437 4314 527 4383 qui
551 4315 665 4371 lucc
689 4318 898 4387 scripsit
925 4319 1220 4378 Matthams.
1278 4326 1450 4389 Quare
1477 4339 1580 4377 non
1606 4325 1795 4380 erube-

219 4403 359 4457 scit?
384 4402 449 4459 Ut
464 4404 637 4460 discas
653 4420 746 4461 eos
774 4422 986 4479 semper
1008 4424 1125 4465 cum
1148 4412 1367 4467 veritate
1389 4422 1576 4468 cuncta
1593 4414 1790 4481 dicere,

222 4511 323 4550 nec
361 4497 443 4551 vel
487 4512 547 4552 ea
592 4498 787 4564 celare,
810 4516 927 4569 qua:
957 4501 1056 4556 sibi
1085 4503 1339 4572 probrosa
1365 4504 1627 4559 videntur.
1670 4505 1793 4561 llaze

222 4585 417 4655 quippe
461 4586 572 4656 ipsa
601 4602 719 4656 quae
743 4588 988 4644 videntur
1007 4591 1257 4660 probrosa
1275 4633 1290 4657 ,
1322 4592 1528 4647 Domini
1558 4593 1791 4664 benigni-

220 4678 727 4745 tatem‘ostendunt,
758 4680 898 4748 quod
929 4680 1282 4750 proditorem,
1315 4682 1593 4750 latronem,
1626 4684 1791 4740 furem

214 4769 378 4822 tantis
396 4767 634 4838 dignatus
651 4769 719 4823 sit
743 4769 984 4837 bonis,et
1002 4786 1170 4841 usque
1194 4772 1259 4827 ad
1285 4783 1580 4828 extremam
1610 4775 1791 4831 horam

218 4860 389 4926 ipsum
438 4860 635 4914 tulerit.
680 4860 887 4914 Etenim
924 4860 1277 4928 admonebat,
1306 4862 1648 4931 hortabatur,
1680 4880 1794 4919 om-

219 4964 451 5018 nemque
494 4965 675 5004 curam
701 4949 922 5020 gerebat
942 4951 1084 5006 illius
1113 4970 1126 5006 :
1155 4954 1293 5022 quod
1340 4955 1384 5008 si
1425 4955 1514 5009 ille
1552 4970 1654 5008 non
1681 4955 1795 5009 ani-
1843 5000 1846 5003 Α

218 5055 363 5092 mum
390 5039 648 5105 adhibuit,
679 5054 782 5095 non
811 5040 863 5095 in
890 5056 1046 5096 causa
1069 5049 1185 5096 erat
1219 5041 1491 5099 Dominus.
1516 5044 1688 5099 Testis
1713 5055 1795 5101 est

219 5140 331 5198 ipsa
380 5131 629 5184 meretrix
658 5149 672 5186 :
703 5130 790 5184 illa
821 5147 1051 5202 namque
1076 5147 1196 5186 eum
1226 5132 1323 5188 sibi
1350 5134 1672 5201 attenderet,
1705 5151 1793 5190 sa-

217 5219 380 5274 lutem
408 5232 557 5276 nacta
589 5230 687 5276 est.
718 5204 1004 5292 Neitaque
1043 5222 1296 5293 desperes
1318 5265 1332 5288 ,
1366 5225 1508 5279 illam
1537 5234 1795 5281 contuens

219 5311 583 5375 meretricem;
605 5328 774 5384 neque
793 5313 1031 5369 confidas
1053 5314 1165 5382 tibi,
1183 5315 1248 5369 ad
1273 5316 1459 5370 Judam
1481 5318 1789 5387 respiciens.
1836 5344 1847 5351 -

221 5400 512 5471 Utrumque
534 5405 675 5458 enim
698 5406 1052 5475 perniciosum
1074 5416 1156 5462 est
1171 5415 1225 5462 et
1246 5407 1511 5465 conﬁdere
1534 5418 1587 5464 et
1607 5409 1793 5479 despe-

216 5506 336 5546 rare
368 5507 383 5543 :
412 5493 729 5549 confidentia
777 5496 918 5550 enim
946 5506 1173 5553 stantem
1199 5500 1516 5569 prosternit;
1543 5500 1795 5570 despera-

219 5584 291 5636 tio
309 5583 511 5652 lapsum
538 5598 818 5654 resurgere
844 5601 950 5641 non
980 5588 1124 5643 sinit.
1154 5589 1278 5645 Ideo
1306 5589 1497 5644 Paulus
1517 5589 1599 5643 his
1618 5589 1794 5647 verbis

220 5674 528 5729 hortabatur
559 5692 581 5728 :-
603 5673 703 5740 Qui
721 5676 915 5731 videtur
940 5687 1090 5746 stare,
1116 5678 1277 5733 videat
1307 5696 1369 5735 ne
1392 5681 1540 5734 cadat
1565 5680 1638 5751 (1.
1670 5681 1785 5736 Cor.

1257 324 1262 330 ‘
1292 308 1382 366 DE
1420 258 1829 370 PRDDITIONE
1865 315 2058 370 JUDJE
2086 312 2309 370 llOlllL
2345 312 2386 368 I.

2169 115 2195 136 ο

3347 305 3454 363 576

1885 413 1972 469 10.
2005 412 2117 471 12).
2144 413 2318 468 Habes
2338 411 2612 465 ambormn
2641 411 2905 482 exempla,
2932 410 3197 482 quomodo
3226 415 3453 485 discipu-

1879 503 1964 558 lus
1987 516 2106 558 eum
2127 511 2270 556 stare
2298 499 2583 564 videretur,
2615 500 2886 565 ceciderit,
2913 510 2969 556 et
2994 502 3260 573 quomodo
3281 520 3455 560 merc-
3500 511 3507 547 τ

1881 594 1988 651 trix
2003 594 2185 665 jacens
2212 594 2527 649 surrexerit.
2558 592 2639 647 Ad
2664 592 2868 661 lapsum
2898 608 3100 662 pronus
3133 603 3215 649 est
3250 597 3457 650 animus

1819 720 1829 733 -
1880 694 2095 749 noster,
2136 686 2381 741 volubilis
2410 687 2649 740 voluntas
2679 704 2693 740 ε
2724 687 3067 756 quamobrem
3096 701 3232 757 opus
3273 697 3358 743 est
3397 700 3458 742 ut

175 762 438 818 ditatem.
472 764 649 819 Primo
671 773 879 835 tempus
900 769 1346 824 considerandum
1368 782 1468 825 est.
1490 771 1606 827 Non
1635 773 1776 826 enim
1819 810 1830 819 ι

1881 792 1979 831 nos
2023 776 2254 845 undique
2310 776 2612 830 muniamus
2659 776 3050 845 sepiamusque.
3104 777 3244 831 Tunc
3289 778 3461 832 abiens

1879 883 2011 919 unus
2051 866 2113 919 de
2155 866 2437 933 duodecim,
2463 864 2629 919 ludas
2673 864 2960 920 Iscariotes.
3020 865 3206 921 Viden'
3238 881 3268 921 a
3315 868 3456 937 quali

1881 956 2048 1009 choro
2077 955 2375 1010 exciderit?
2394 954 2569 1010 viden’
2601 970 2757 1025 quam
2783 954 3076 1009 doctrinam
3106 954 3407 1027 despexerit
3436 957 3460 1009 2

1880 1047 2053 1102 viden‘
2092 1055 2343 1116 quantum
2386 1048 2582 1102 malum
2622 1048 2691 1100 sit
2714 1047 2966 1119 segnities
3006 1055 3060 1101 et
3089 1046 3407 1117 negligentia
3433 1047 3459 1100 2

1880 1138 2047 1192 Judas
2073 1139 2160 1208 qui
2181 1137 2437 1192 dicebatur
2464 1137 2756 1192 Iscariotes.
2799 1138 2905 1193 Cur
2933 1139 3063 1192 mihi
3091 1139 3313 1208 patriam
3344 1139 3460 1207 ejus

1882 1243 2145 1284 memoras
2181 1232 2205 1282 't
2232 1228 2443 1284 Utinam
2465 1244 2533 1283 ne
2560 1230 2730 1299 ipsum
2761 1228 2972 1299 quidem
2998 1243 3210 1284 nossem
3247 1229 3262 1283 ε
3290 1226 3460 1282 Iudas

1880 1319 1968 1389 qui
2000 1317 2258 1371 dicebatur
2281 1316 2572 1372 lscariotes.
2601 1316 2706 1372 Cur
2731 1317 2846 1386 ejus
2873 1317 3139 1372 civitatem
3168 1318 3409 1373 nominas
3434 1317 3459 1370 ἲ

1883 1410 2031 1465 Alius
2054 1417 2170 1466 erat
2205 1409 2366 1464 Judas
2393 1409 2703 1481 discipulus,
2734 1419 3085 1480 cognomento
3114 1409 3325 1464 Zelotes
3351 1427 3363 1460 :
3392 1424 3460 1463 ne

1881 1502 2040 1571 igitur
2059 1516 2123 1555 ex
2155 1502 2342 1556 eodem
2373 1502 2587 1557 nomine
2636 1517 2790 1557 error
2831 1511 3170 1568 nasceretur,
3202 1501 3342 1555 hunc
3380 1501 3462 1555 di-

1882 1592 2066 1646 stinxit
2084 1592 2149 1645 ab
2176 1592 2265 1645 illo
2290 1608 2304 1645 :
2326 1602 2378 1646 et
2400 1593 2543 1646 illum
2565 1592 2777 1662 quidem
2795 1608 2825 1646 a
2843 1595 3034 1647 virtute
3061 1593 3347 1647 nominavit
3367 1592 3462 1648 Ju-

1882 1680 1978 1734 das
2009 1680 2247 1746 Zelotes,
2284 1681 2427 1736 hunc
2456 1692 2634 1737 autem
2664 1698 2694 1736 a
2723 1683 2952 1753 nequitia
2981 1698 3085 1737 non
3117 1684 3409 1737 nominavit
3442 1702 3456 1738 :

1884 1786 2056 1841 neque
2105 1772 2245 1825 enim
2276 1772 2430 1838 dixit,
2462 1772 2625 1828 Judas
2653 1774 2909 1843 proditor.
2948 1775 3106 1842 Atqui
3148 1790 3240 1843 par
3264 1784 3379 1830 erat
3405 1783 3462 1828 ut

1883 1863 2030 1917 illum
2058 1879 2085 1916 a
2117 1865 2311 1918 virtute
2339 1864 2661 1931 nominavit,
2705 1865 2845 1920 hunc
2864 1866 3023 1921 etiam
3050 1881 3081 1920 a
3111 1867 3339 1936 nequitia
3367 1881 3462 1935 ap-

1884 1954 2082 2023 pellare
2107 1969 2171 2010 ac
2196 1954 2394 2018 dicere,
2424 1955 2589 2011 Judas
2615 1957 2856 2025 proditor
2881 1975 2892 2010 :
2924 1972 3106 2011 verum
3138 1966 3197 2010 ut
3223 1966 3275 2011 te
3299 1957 3461 2012 doce-

1886 2053 1968 2097 ret
1992 2044 2219 2116 linguam
2243 2046 2579 2101 accusatione
2606 2062 2791 2115 puram
2818 2061 3034 2102 servare
3059 2087 3074 2112 ,
3101 2048 3182 2101 vel
3214 2046 3313 2118 ipsi
3341 2062 3464 2116 pro-

1885 2134 2041 2188 ditori
2073 2136 2259 2204 parcit.
2288 2135 2473 2190 Abiens
2487 2137 2650 2202 enim,
2676 2138 2863 2207 inquit.
2889 2137 3058 2191 ludas
3097 2137 3369 2193 lscariotes
3396 2138 3464 2191 ad

1886 2227 2135 2294 principes
2160 2227 2511 2291 sacerdotum,
2536 2229 2605 2280 ait
2643 2229 2746 2281 illis
2765 2244 2785 2281 :
2821 2228 2957 2294 Quid
2981 2228 3131 2281 vultis
3154 2229 3277 2281 milii
3304 2227 3426 2282 dare
3443 2269 3459 2293 ,

1886 2328 1932 2371 et
1976 2333 2068 2388 ego
2111 2318 2247 2372 vobis
2300 2317 2498 2371 tradam
2536 2332 2652 2370 eum
2679 2319 2705 2371 .9
2740 2316 2786 2371 0
2813 2317 3191 2372 exsecrandum
3228 2332 3410 2372 vocem
3443 2320 3458 2372 l

1890 2408 2158 2477 quomodo
2183 2423 2246 2462 ex
2269 2423 2362 2463 ore
2386 2408 2612 2474 exsiliit,
2658 2408 2923 2477 quomodo
2972 2408 3203 2477 linguam
3250 2408 3461 2463 movit?

1887 2499 2152 2567 quomodo
2178 2508 2347 2553 totum
2364 2513 2557 2569 corpus
2580 2514 2684 2553 non
2702 2498 2972 2567 obtorpuit
2988 2499 3011 2553 ?
3026 2497 3291 2568 quomodo
3312 2513 3463 2554 mens

1888 2605 1993 2644 non
2019 2591 2293 2645 excessit?

1960 2679 2014 2733 '5.
2050 2679 2184 2746 Quid
2209 2679 2355 2733 vultis
2392 2680 2515 2733 mihi
2541 2680 2693 2745 dare,
2719 2690 2765 2734 et
2794 2697 2885 2751 ego
2919 2680 3054 2734 vobis
3080 2681 3277 2735 tradam
3309 2698 3419 2736 eum
3440 2682 3465 2733 ἲ

1889 2769 2135 2825 lizcccine
2165 2779 2215 2824 te
2241 2770 2420 2825 docuit
2442 2770 2706 2839 Christus,
2733 2771 2819 2826 die
2841 2771 2967 2825 mihi
2994 2771 3018 2823 Υ
3045 2787 3221 2826 nonne
3248 2772 3367 2825 ideo
3386 2771 3466 2828 di-

1889 2860 2042 2915 ccbat
2061 2875 2081 2914 :
2114 2857 2287 2913 Nolite
2311 2860 2567 2929 possidere
2589 2877 2770 2914 aurum
2809 2878 2965 2929 neque
2988 2872 3282 2931 argentum,
3310 2874 3468 2930 neque

1890 2970 1959 3008 res
1983 2955 2034 3007 in
2061 2953 2204 3007 zonis
2232 2954 2405 3007 vestris
2445 2953 2651 3023 (Matth.
2686 2954 2772 3008 10.
2801 2952 2889 3024 9),
2922 2962 2980 3007 ut
3018 2954 3292 3008 avaritiam
3322 2953 3465 3008 illam
3501 3000 3508 3007 .

1895 3044 2006 3113 jam
2034 3042 2159 3096 olim
2189 3044 2239 3097 in
2271 3052 2321 3096 te
2340 3044 2760 3112 comprimeret?
2782 3043 3091 3099 nonuehmc
3115 3043 3324 3097 assidue
3353 3044 3469 3097 lter-

1893 3133 2123 3200 tabatur,
2142 3147 2202 3187 ac
2232 3143 2489 3202 praetcrea
2519 3134 2727 3189 dicebat
2760 3151 2773 3187 :
2808 3135 2871 3189 Si
2906 3135 3017 3205 quis
3038 3144 3086 3188 te
3105 3134 3396 3203 percusserit
3417 3134 3469 3187 iu

1892 3223 2149 3277 dexteram
2171 3223 2448 3285 maxillam,
2474 3233 2606 3278 verte
2640 3224 2718 3277 illi
2750 3234 2796 3277 et
2820 3225 2975 3277 aliam
3001 3224 3210 3293 (Matth.
3233 3225 3285 3280 5.
3313 3224 3380 3279 59
3407 3224 3468 3295 )‘t

1897 3312 2031 3378 Quid
2050 3313 2197 3365 vultis
2217 3312 2341 3365 milii
2370 3314 2524 3379 dare,
2551 3320 2596 3366 et
2620 3328 2709 3381 ego
2747 3312 2888 3366 vobis
2905 3308 3472 3378 tradameuthattb.

1892 3401 1982 3456 26.
2009 3401 2076 3457 15
2100 3404 2121 3473 )
2144 3401 2168 3454 ?
2191 3400 2236 3457 Ο
2260 3403 2534 3457 stultitiam
2564 3404 2578 3458 l
2612 3402 2717 3457 Pro
2745 3416 2847 3472 qua
2868 3417 2948 3467 re,
2974 3414 3174 3471 quaeso,
3203 3415 3359 3470 quam
3386 3401 3466 3455 vel

1894 3508 2111 3563 parvam
2140 3495 2222 3548 vel
2266 3509 2512 3562 magnam
2556 3494 2949 3548 accusationem
2989 3491 3230 3564 proferre
3256 3493 3467 3555 valens,

1896 3585 2209 3654 magistrum
2240 3584 2420 3654 prodis
2445 3582 2469 3637 ?
2498 3600 2564 3638 an
2596 3584 2717 3654 quia
2743 3592 3058 3654 potestatem
3089 3582 3181 3637 tibi
3209 3582 3354 3637 dedit
3372 3582 3469 3637 ad-

1895 3689 2081 3731 versus
2117 3674 2432 3729 daemonas?
2460 3689 2528 3727 an
2558 3675 2678 3744 quia
2718 3675 2932 3730 morbos
2973 3689 3162 3728 curare
3206 3671 3360 3740 fecit,
3388 3673 3469 3727 vel

1895 3766 2094 3835 lepram
2122 3765 2381 3819 mundare
2400 3766 2423 3818 ?
2439 3780 2504 3818 an
2531 3764 2653 3834 quia
2678 3774 2915 3819 mortuos
2939 3765 3310 3819 suscitare‘tan
3329 3764 3469 3834 quod

1895 3863 2081 3909 contra
2133 3855 2319 3908 mortis
2359 3854 2691 3924 tyrannidem
2744 3863 2797 3908 te
2839 3855 3111 3908 constituit
3149 3855 3173 3907 ?
3216 3855 3471 3908 hanccine

1896 3947 2195 4002 mercedem
2252 3962 2349 4017 pro
2389 3955 2466 4000 tot
2517 3945 2789 4001 beneficiis
2829 3944 3285 4014 rependis?Quid
3325 3945 3473 3999 uultis

1895 4038 2021 4091 mihi
2043 4020 2184 4102 dare,
2216 4047 2261 4091 et
2281 4054 2369 4107 ego
2398 4036 2534 4090 vobis
2554 4054 2668 4091 eum
2689 4036 2884 4091 tradam
2906 4037 2932 4090 .9
2954 4035 2998 4092 Ο
3023 4036 3301 4091 stultitiam
3327 4039 3341 4092 ι
3367 4038 3475 4092 imo

1897 4130 2103 4198 potius,
2133 4143 2166 4182 ο
2191 4128 2464 4181 avaritiam
2493 4128 2507 4181 ε
2539 4143 2660 4180 nam
2687 4125 2801 4181 haec
2826 4137 2903 4181 tot
2933 4125 3071 4180 mala
3097 4127 3301 4196 peperit
3330 4146 3343 4180 :
3376 4128 3475 4181 hu-

1893 4221 1979 4292 jus
2001 4221 2089 4276 ille
2102 4220 2530 4289 concupiscentia
2547 4218 2858 4290 magistrum
2878 4218 3129 4288 prodidit.
3150 4217 3295 4273 Talis
3315 4218 3469 4288 quip-

1899 4326 1965 4382 pe
1989 4311 2175 4366 estilla
2201 4310 2340 4365 mala
2370 4309 2549 4376 radix;
2579 4324 2711 4380 quas
2737 4309 3153 4364 invaditanima‘s
3180 4311 3298 4380 plus
3318 4325 3474 4380 quam

1897 4404 2108 4459 daemon
2128 4404 2180 4458 in
2208 4404 2440 4459 furorem
2464 4403 2651 4471 vertit,
2674 4403 2908 4457 omnium
2940 4401 3289 4471 ignorantiam
3318 4401 3473 4470 parit,

1899 4505 1955 4552 et
1975 4497 2053 4552 sui
2082 4506 2135 4552 et
2163 4494 2389 4565 proximi
2420 4504 2475 4550 et
2494 4494 2814 4548 naturalium
2838 4493 3126 4564 legum;ah
3156 4495 3267 4562 ipsa
3299 4502 3476 4548 mente

1897 4589 2163 4644 excedere
2189 4586 2342 4653 facit,
2366 4594 2421 4641 et
2441 4585 2673 4641 furiosos
2693 4584 2878 4640 efficit.
2912 4585 3044 4639 Vide
3073 4591 3266 4653 quanta
3291 4598 3354 4637 ex
3385 4582 3479 4638 Ju-

1897 4678 1978 4732 da:
2006 4676 2182 4731 animo
2208 4674 2425 4745 ejecerit
2444 4717 2460 4742 ,
2481 4676 2938 4729 conversationem
2958 4715 2973 4739 ,
2997 4671 3435 4727 consuetudinem
3456 4712 3472 4737 ,

1897 4783 2096 4823 mensa:
2122 4767 2428 4822 societatem
2449 4806 2464 4830 ,
2494 4765 2768 4832 miracula,
2797 4764 3093 4819 doctrinam
3114 4806 3129 4831 ,
3153 4765 3479 4820 cohortatio-

1897 4877 2049 4928 ncm,
2071 4860 2484 4914 admonitionem
2518 4877 2533 4915 :
2567 4859 2617 4911 in
2645 4857 2836 4912 horum
2875 4858 3114 4911 omnium
3155 4857 3473 4913 oblivionem

1901 4963 2030 5008 tunc
2055 4951 2285 5022 conjecit
2304 4967 2427 5007 eum
2449 4951 2693 5005 avaritia.
2726 4949 2847 5005 Ideo
2867 4950 3062 5005 Paulus
3080 4949 3201 5019 jure
3227 4948 3471 5004 dicebat:

1896 5042 2070 5096 Radix
2087 5042 2319 5107 omnium
2359 5040 2608 5095 malorum
2644 5049 2717 5094 est
2758 5040 2969 5094 auaritia
2997 5038 3016 5111 (
3045 5042 3094 5096 l.
3123 5039 3252 5093 Tim.
3276 5039 3328 5093 6.
3360 5037 3471 5108 10).

1900 5132 2037 5199 Quid
2060 5131 2209 5187 uultis
2237 5132 2358 5185 mihi
2374 5130 2523 5197 dare,
2546 5141 2592 5184 et
2608 5146 2699 5201 ego
2725 5131 2861 5186 vobis
2879 5147 2994 5185 eum
3019 5131 3214 5183 tradam
3242 5128 3267 5180 .’
3292 5127 3472 5196 Magna

1897 5223 2021 5277 dicti
2052 5223 2293 5277 stultitia.
2318 5222 2574 5279 Tradisne
2594 5263 2609 5289 ,
2641 5237 2842 5292 qumso,
2877 5237 3000 5276 eum
3039 5220 3128 5290 qui
3153 5217 3327 5272 omnia
3356 5231 3477 5270 con-

1898 5315 2063 5383 tinet,
2097 5315 2428 5371 dtemonibus
2457 5317 2719 5386 imperat,
2746 5317 2877 5370 mari
2908 5313 3147 5384 prateipit
3166 5351 3182 5376 ,
3214 5313 3474 5365 universa:

1898 5419 2102 5465 natura:
2129 5410 2409 5464 Dominum
2430 5411 2456 5463 ἲ
2490 5410 2559 5464 Ut
2590 5409 2748 5479 igitur
2773 5409 2891 5477 ejus
2935 5405 3293 5474 arrogantiam
3335 5418 3474 5458 com-

1897 5502 2182 5571 primeret,
2232 5508 2288 5555 et
2323 5499 2626 5555 ostenderet
2651 5515 2709 5553 se
2731 5540 2745 5561 ,
2774 5498 2818 5552 si
2869 5496 3158 5559 noluisset,
3189 5509 3473 5564 numquam

1898 5592 2145 5647 traditum
2177 5591 2262 5656 iri,
2284 5591 2404 5645 audi
2426 5591 2550 5661 quid
2580 5587 2971 5644 faciatzeodem
2998 5584 3310 5656 proditionis
3338 5595 3475 5639 tem—

1901 5699 2052 5753 pore,
2083 5699 2200 5738 cum
2233 5683 2403 5752 ipsum
2437 5679 2765 5743 invaderent,
2800 5692 2919 5733 cum
2951 5675 3196 5742 fustibus,
3221 5675 3472 5746 lampadi-
