  <div class='ocr_page' id='page_1' title='image "/cluster/home/n/w/nwhite01/storage/ocr_20150623/49/mdp.39015028539461/375.png"; bbox 0 0 3862 6232; ppageno 0'>
   <div class='ocr_carea' id='block_1_1' title="bbox 429 270 534 327">
    <p class='ocr_par' dir='ltr' id='par_1_1' title="bbox 429 270 534 327">
     <span class='ocr_line' id='line_1_1' title="bbox 429 270 534 327; baseline 0 0"><span class='ocrx_word' id='word_1_1' title='bbox 429 270 534 327; x_wconf 69' lang='grc' dir='ltr'><strong>δη</strong></span> 
     </span>
    </p>
   </div>
   <div class='ocr_carea' id='block_1_2' title="bbox 433 380 2016 457">
    <p class='ocr_par' dir='ltr' id='par_1_2' title="bbox 433 380 2016 457">
     <span class='ocr_line' id='line_1_2' title="bbox 433 380 2016 457; baseline 0.002 -21"><span class='ocrx_word' id='word_1_2' title='bbox 433 380 533 436; x_wconf 90' lang='lat' dir='ltr'><strong>bus</strong></span> <span class='ocrx_word' id='word_1_3' title='bbox 549 390 605 436; x_wconf 89' lang='lat' dir='ltr'><strong>et</strong></span> <span class='ocrx_word' id='word_1_4' title='bbox 622 380 847 451; x_wconf 83' lang='lat' dir='ltr'><strong>lumine,</strong></span> <span class='ocrx_word' id='word_1_5' title='bbox 866 382 993 438; x_wconf 85' lang='lat' dir='ltr'><strong>dicit</strong></span> <span class='ocrx_word' id='word_1_6' title='bbox 1017 381 1139 447; x_wconf 80' lang='lat' dir='ltr'><strong>illis,</strong></span> <span class='ocrx_word' id='word_1_7' title='bbox 1162 383 1320 449; x_wconf 84' lang='lat' dir='ltr'><strong>Quem</strong></span> <span class='ocrx_word' id='word_1_8' title='bbox 1340 383 1562 451; x_wconf 67' lang='lat' dir='ltr'><strong>qua’iitis</strong></span> <span class='ocrx_word' id='word_1_9' title='bbox 1588 383 1769 455; x_wconf 85' lang='lat' dir='ltr'><strong>(Joan.</strong></span> <span class='ocrx_word' id='word_1_10' title='bbox 1794 385 1882 439; x_wconf 78' lang='grc'><strong>18.</strong></span> <span class='ocrx_word' id='word_1_11' title='bbox 1905 385 1937 439; x_wconf 59' lang='lat' dir='ltr'><strong>tl</strong></span> <span class='ocrx_word' id='word_1_12' title='bbox 1962 383 2016 457; x_wconf 76' lang='lat' dir='ltr'><strong>)‘i</strong></span> 
     </span>
    </p>
   </div>
   <div class='ocr_carea' id='block_1_3' title="bbox 433 473 2018 545">
    <p class='ocr_par' dir='ltr' id='par_1_3' title="bbox 433 473 2018 545">
     <span class='ocr_line' id='line_1_3' title="bbox 433 473 2018 545; baseline 0.003 -19"><span class='ocrx_word' id='word_1_13' title='bbox 433 481 489 526; x_wconf 86' lang='lat' dir='ltr'><strong>et</strong></span> <span class='ocrx_word' id='word_1_14' title='bbox 518 473 833 544; x_wconf 86' lang='lat' dir='ltr'><strong>ignorabant</strong></span> <span class='ocrx_word' id='word_1_15' title='bbox 853 490 1012 545; x_wconf 87' lang='lat' dir='ltr'><strong>quem</strong></span> <span class='ocrx_word' id='word_1_16' title='bbox 1043 489 1235 544; x_wconf 83' lang='lat' dir='ltr'><strong>capere</strong></span> <span class='ocrx_word' id='word_1_17' title='bbox 1262 474 1538 530; x_wconf 87' lang='lat' dir='ltr'><strong>deberent.</strong></span> <span class='ocrx_word' id='word_1_18' title='bbox 1566 475 1791 530; x_wconf 87' lang='lat' dir='ltr'><strong>Tantum</strong></span> <span class='ocrx_word' id='word_1_19' title='bbox 1816 476 2018 544; x_wconf 91' lang='lat' dir='ltr'><strong>aberat,</strong></span> 
     </span>
    </p>
   </div>
   <div class='ocr_carea' id='block_1_4' title="bbox 435 562 2021 636">
    <p class='ocr_par' dir='ltr' id='par_1_4' title="bbox 435 562 2021 636">
     <span class='ocr_line' id='line_1_4' title="bbox 435 562 2021 636; baseline 0.004 -20"><span class='ocrx_word' id='word_1_20' title='bbox 435 570 496 616; x_wconf 90' lang='lat' dir='ltr'><strong>ut</strong></span> <span class='ocrx_word' id='word_1_21' title='bbox 529 578 652 618; x_wconf 89' lang='lat' dir='ltr'><strong>eum</strong></span> <span class='ocrx_word' id='word_1_22' title='bbox 701 562 865 619; x_wconf 76' lang='lat' dir='ltr'><strong>ludas</strong></span> <span class='ocrx_word' id='word_1_23' title='bbox 914 564 1124 620; x_wconf 90' lang='lat' dir='ltr'><strong>tradere</strong></span> <span class='ocrx_word' id='word_1_24' title='bbox 1168 574 1377 635; x_wconf 83' lang='lat' dir='ltr'><strong>posset,</strong></span> <span class='ocrx_word' id='word_1_25' title='bbox 1406 574 1468 621; x_wconf 89' lang='lat' dir='ltr'><strong>ut</strong></span> <span class='ocrx_word' id='word_1_26' title='bbox 1492 582 1665 636; x_wconf 90' lang='lat' dir='ltr'><strong>neque</strong></span> <span class='ocrx_word' id='word_1_27' title='bbox 1694 576 2021 636; x_wconf 72' lang='lat' dir='ltr'><strong>praesentem</strong></span> 
     </span>
    </p>
   </div>
   <div class='ocr_carea' id='block_1_5' title="bbox 436 655 2021 725">
    <p class='ocr_par' dir='ltr' id='par_1_5' title="bbox 436 655 2021 725">
     <span class='ocr_line' id='line_1_5' title="bbox 436 655 2021 725; baseline 0.002 -17"><span class='ocrx_word' id='word_1_28' title='bbox 436 663 686 709; x_wconf 86' lang='lat' dir='ltr'><strong>cerneret</strong></span> <span class='ocrx_word' id='word_1_29' title='bbox 712 670 833 709; x_wconf 91' lang='lat' dir='ltr'><strong>eum</strong></span> <span class='ocrx_word' id='word_1_30' title='bbox 852 697 867 721; x_wconf 91' lang='lat'><strong>,</strong></span> <span class='ocrx_word' id='word_1_31' title='bbox 893 670 1050 725; x_wconf 87' lang='lat' dir='ltr'><strong>quem</strong></span> <span class='ocrx_word' id='word_1_32' title='bbox 1090 655 1382 711; x_wconf 87' lang='lat' dir='ltr'><strong>traditurus</strong></span> <span class='ocrx_word' id='word_1_33' title='bbox 1401 665 1516 711; x_wconf 89' lang='lat' dir='ltr'><strong>erat</strong></span> <span class='ocrx_word' id='word_1_34' title='bbox 1536 697 1552 722; x_wconf 92' lang='lat'><strong>,</strong></span> <span class='ocrx_word' id='word_1_35' title='bbox 1585 657 1709 712; x_wconf 90' lang='lat' dir='ltr'><strong>licet</strong></span> <span class='ocrx_word' id='word_1_36' title='bbox 1732 672 1854 712; x_wconf 91' lang='lat' dir='ltr'><strong>cum</strong></span> <span class='ocrx_word' id='word_1_37' title='bbox 1888 656 2021 711; x_wconf 86' lang='lat' dir='ltr'><strong>lam-</strong></span> 
     </span>
    </p>
   </div>
   <div class='ocr_carea' id='block_1_6' title="bbox 440 747 2022 818">
    <p class='ocr_par' dir='ltr' id='par_1_6' title="bbox 440 747 2022 818">
     <span class='ocr_line' id='line_1_6' title="bbox 440 747 2022 818; baseline -0.001 -16"><span class='ocrx_word' id='word_1_38' title='bbox 440 747 663 817; x_wconf 86' lang='lat' dir='ltr'><strong>padibus</strong></span> <span class='ocrx_word' id='word_1_39' title='bbox 687 757 741 802; x_wconf 90' lang='lat' dir='ltr'><strong>et</strong></span> <span class='ocrx_word' id='word_1_40' title='bbox 764 747 962 803; x_wconf 89' lang='lat' dir='ltr'><strong>lumine</strong></span> <span class='ocrx_word' id='word_1_41' title='bbox 990 756 1175 803; x_wconf 89' lang='lat' dir='ltr'><strong>tanto:</strong></span> <span class='ocrx_word' id='word_1_42' title='bbox 1203 748 1307 803; x_wconf 89' lang='lat' dir='ltr'><strong>hoc</strong></span> <span class='ocrx_word' id='word_1_43' title='bbox 1340 748 1681 805; x_wconf 90' lang='lat' dir='ltr'><strong>subindicans</strong></span> <span class='ocrx_word' id='word_1_44' title='bbox 1701 748 2022 818; x_wconf 80' lang='lat' dir='ltr'><strong>evangelista</strong></span> 
     </span>
    </p>
   </div>
   <div class='ocr_carea' id='block_1_7' title="bbox 440 837 2025 909">
    <p class='ocr_par' dir='ltr' id='par_1_7' title="bbox 440 837 2025 909">
     <span class='ocr_line' id='line_1_7' title="bbox 440 837 2025 909; baseline -0.001 -16"><span class='ocrx_word' id='word_1_45' title='bbox 440 838 588 903; x_wconf 81' lang='lat' dir='ltr'><strong>dicit,</strong></span> <span class='ocrx_word' id='word_1_46' title='bbox 618 837 896 908; x_wconf 84' lang='lat' dir='ltr'><strong>lampades</strong></span> <span class='ocrx_word' id='word_1_47' title='bbox 923 839 1188 895; x_wconf 85' lang='lat' dir='ltr'><strong>habebant</strong></span> <span class='ocrx_word' id='word_1_48' title='bbox 1220 847 1275 894; x_wconf 89' lang='lat' dir='ltr'><strong>et</strong></span> <span class='ocrx_word' id='word_1_49' title='bbox 1301 841 1479 895; x_wconf 89' lang='lat' dir='ltr'><strong>lumen</strong></span> <span class='ocrx_word' id='word_1_50' title='bbox 1500 882 1516 909; x_wconf 92' lang='lat'><strong>,</strong></span> <span class='ocrx_word' id='word_1_51' title='bbox 1543 850 1598 895; x_wconf 92' lang='lat' dir='ltr'><strong>et</strong></span> <span class='ocrx_word' id='word_1_52' title='bbox 1624 855 1730 894; x_wconf 91' lang='lat' dir='ltr'><strong>non</strong></span> <span class='ocrx_word' id='word_1_53' title='bbox 1773 838 2025 895; x_wconf 89' lang='lat' dir='ltr'><strong>videbant</strong></span> 
     </span>
    </p>
   </div>
   <div class='ocr_carea' id='block_1_8' title="bbox 445 927 860 1001">
    <p class='ocr_par' dir='ltr' id='par_1_8' title="bbox 445 927 860 1001">
     <span class='ocr_line' id='line_1_8' title="bbox 445 927 860 1001; baseline -0.007 -17"><span class='ocrx_word' id='word_1_54' title='bbox 445 944 562 984; x_wconf 88' lang='lat' dir='ltr'><strong>eum</strong></span> <span class='ocrx_word' id='word_1_55' title='bbox 590 927 749 1001; x_wconf 87' lang='lat' dir='ltr'><strong>(Ibid.</strong></span> <span class='ocrx_word' id='word_1_56' title='bbox 778 930 860 999; x_wconf 83' lang='lat'><strong>5).</strong></span> 
     </span>
    </p>
   </div>
   <div class='ocr_carea' id='block_1_9' title="bbox 512 1021 2026 1094">
    <p class='ocr_par' dir='ltr' id='par_1_9' title="bbox 512 1021 2026 1094">
     <span class='ocr_line' id='line_1_9' title="bbox 512 1021 2026 1094; baseline 0.001 -18"><span class='ocrx_word' id='word_1_57' title='bbox 512 1021 689 1077; x_wconf 84' lang='lat' dir='ltr'><strong>Libcre</strong></span> <span class='ocrx_word' id='word_1_58' title='bbox 712 1023 893 1077; x_wconf 87' lang='lat' dir='ltr'><strong>bonum</strong></span> <span class='ocrx_word' id='word_1_59' title='bbox 918 1040 1206 1094; x_wconf 81' lang='lat' dir='ltr'><strong>Operamur,</strong></span> <span class='ocrx_word' id='word_1_60' title='bbox 1233 1040 1333 1079; x_wconf 90' lang='lat' dir='ltr'><strong>non</strong></span> <span class='ocrx_word' id='word_1_61' title='bbox 1356 1024 1663 1079; x_wconf 76' lang='lat' dir='ltr'><strong>necessitate.</strong></span> <span class='ocrx_word' id='word_1_62' title='bbox 1686 1052 1757 1063; x_wconf 89' lang='lat'><strong>——</strong></span> <span class='ocrx_word' id='word_1_63' title='bbox 1777 1022 2026 1090; x_wconf 86' lang='lat' dir='ltr'><strong>Quotidie</strong></span> 
     </span>
    </p>
   </div>
   <div class='ocr_carea' id='block_1_10' title="bbox 440 1112 2026 1185">
    <p class='ocr_par' dir='ltr' id='par_1_10' title="bbox 440 1112 2026 1185">
     <span class='ocr_line' id='line_1_10' title="bbox 440 1112 2026 1185; baseline 0 -19"><span class='ocrx_word' id='word_1_64' title='bbox 440 1112 686 1168; x_wconf 83' lang='lat' dir='ltr'><strong>Christus</strong></span> <span class='ocrx_word' id='word_1_65' title='bbox 729 1128 850 1168; x_wconf 89' lang='lat' dir='ltr'><strong>cum</strong></span> <span class='ocrx_word' id='word_1_66' title='bbox 892 1114 1402 1169; x_wconf 89' lang='lat' dir='ltr'><strong>commonefaciebat</strong></span> <span class='ocrx_word' id='word_1_67' title='bbox 1441 1123 1551 1169; x_wconf 90' lang='lat' dir='ltr'><strong>tum</strong></span> <span class='ocrx_word' id='word_1_68' title='bbox 1590 1114 1870 1185; x_wconf 85' lang='lat' dir='ltr'><strong>operibus,</strong></span> <span class='ocrx_word' id='word_1_69' title='bbox 1917 1122 2026 1167; x_wconf 90' lang='lat' dir='ltr'><strong>tum</strong></span> 
     </span>
    </p>
   </div>
   <div class='ocr_carea' id='block_1_11' title="bbox 442 1204 2030 1277">
    <p class='ocr_par' dir='ltr' id='par_1_11' title="bbox 442 1204 2030 1277">
     <span class='ocr_line' id='line_1_11' title="bbox 442 1204 2030 1277; baseline 0 -19"><span class='ocrx_word' id='word_1_70' title='bbox 442 1206 621 1261; x_wconf 83' lang='lat' dir='ltr'><strong>verbis</strong></span> <span class='ocrx_word' id='word_1_71' title='bbox 644 1205 931 1261; x_wconf 84' lang='lat' dir='ltr'><strong>ostendens</strong></span> <span class='ocrx_word' id='word_1_72' title='bbox 950 1245 965 1271; x_wconf 91' lang='lat'><strong>,</strong></span> <span class='ocrx_word' id='word_1_73' title='bbox 997 1206 1137 1277; x_wconf 90' lang='lat' dir='ltr'><strong>quod</strong></span> <span class='ocrx_word' id='word_1_74' title='bbox 1166 1222 1290 1262; x_wconf 90' lang='lat' dir='ltr'><strong>eum</strong></span> <span class='ocrx_word' id='word_1_75' title='bbox 1320 1222 1423 1263; x_wconf 92' lang='lat' dir='ltr'><strong>non</strong></span> <span class='ocrx_word' id='word_1_76' title='bbox 1457 1207 1619 1262; x_wconf 78' lang='lat' dir='ltr'><strong>latere</strong></span> <span class='ocrx_word' id='word_1_77' title='bbox 1650 1214 1826 1276; x_wconf 80' lang='lat' dir='ltr'><strong>posset</strong></span> <span class='ocrx_word' id='word_1_78' title='bbox 1852 1204 2030 1275; x_wconf 90' lang='lat' dir='ltr'><strong>prodi-</strong></span> 
     </span>
    </p>
   </div>
   <div class='ocr_carea' id='block_1_12' title="bbox 444 1297 2028 1370">
    <p class='ocr_par' dir='ltr' id='par_1_12' title="bbox 444 1297 2028 1370">
     <span class='ocr_line' id='line_1_12' title="bbox 444 1297 2028 1370; baseline -0.001 -19"><span class='ocrx_word' id='word_1_79' title='bbox 444 1308 597 1351; x_wconf 85' lang='lat' dir='ltr'><strong>turus</strong></span> <span class='ocrx_word' id='word_1_80' title='bbox 627 1313 643 1352; x_wconf 83' lang='lat'><strong><em>:</em></strong></span> <span class='ocrx_word' id='word_1_81' title='bbox 676 1312 847 1367; x_wconf 89' lang='lat' dir='ltr'><strong>neque</strong></span> <span class='ocrx_word' id='word_1_82' title='bbox 888 1297 1058 1368; x_wconf 87' lang='lat' dir='ltr'><strong>palam</strong></span> <span class='ocrx_word' id='word_1_83' title='bbox 1099 1313 1222 1353; x_wconf 93' lang='lat' dir='ltr'><strong>eum</strong></span> <span class='ocrx_word' id='word_1_84' title='bbox 1262 1299 1615 1370; x_wconf 67' lang='lat' dir='ltr'><strong>praesentibus</strong></span> <span class='ocrx_word' id='word_1_85' title='bbox 1657 1297 1903 1353; x_wconf 91' lang='lat' dir='ltr'><strong>omnibus</strong></span> <span class='ocrx_word' id='word_1_86' title='bbox 1939 1311 2028 1350; x_wconf 76' lang='lat' dir='ltr'><strong>ar~</strong></span> 
     </span>
    </p>
   </div>
   <div class='ocr_carea' id='block_1_13' title="bbox 443 1387 2033 1458">
    <p class='ocr_par' dir='ltr' id='par_1_13' title="bbox 443 1387 2033 1458">
     <span class='ocr_line' id='line_1_13' title="bbox 443 1387 2033 1458; baseline -0.001 -16"><span class='ocrx_word' id='word_1_87' title='bbox 443 1387 655 1458; x_wconf 80' lang='lat' dir='ltr'><strong>guebat,</strong></span> <span class='ocrx_word' id='word_1_88' title='bbox 681 1402 748 1442; x_wconf 91' lang='lat' dir='ltr'><strong>ue</strong></span> <span class='ocrx_word' id='word_1_89' title='bbox 767 1387 845 1443; x_wconf 92' lang='lat' dir='ltr'><strong>sic</strong></span> <span class='ocrx_word' id='word_1_90' title='bbox 871 1387 1316 1458; x_wconf 87' lang='lat' dir='ltr'><strong>impudentiorem</strong></span> <span class='ocrx_word' id='word_1_91' title='bbox 1338 1389 1606 1456; x_wconf 87' lang='lat' dir='ltr'><strong>redderet,</strong></span> <span class='ocrx_word' id='word_1_92' title='bbox 1630 1403 1802 1458; x_wconf 87' lang='lat' dir='ltr'><strong>neque</strong></span> <span class='ocrx_word' id='word_1_93' title='bbox 1826 1387 2033 1443; x_wconf 87' lang='lat' dir='ltr'><strong>tacebat</strong></span> 
     </span>
    </p>
   </div>
   <div class='ocr_carea' id='block_1_14' title="bbox 444 1478 2033 1551">
    <p class='ocr_par' dir='ltr' id='par_1_14' title="bbox 444 1478 2033 1551">
     <span class='ocr_line' id='line_1_14' title="bbox 444 1478 2033 1551; baseline -0.002 -16"><span class='ocrx_word' id='word_1_94' title='bbox 444 1480 607 1535; x_wconf 90' lang='lat' dir='ltr'><strong>etiam</strong></span> <span class='ocrx_word' id='word_1_95' title='bbox 628 1522 643 1547; x_wconf 93' lang='lat'><strong>,</strong></span> <span class='ocrx_word' id='word_1_96' title='bbox 674 1495 743 1535; x_wconf 91' lang='lat' dir='ltr'><strong>ne</strong></span> <span class='ocrx_word' id='word_1_97' title='bbox 768 1481 810 1535; x_wconf 87' lang='lat' dir='ltr'><strong>si</strong></span> <span class='ocrx_word' id='word_1_98' title='bbox 839 1480 1005 1535; x_wconf 83' lang='lat' dir='ltr'><strong>latere</strong></span> <span class='ocrx_word' id='word_1_99' title='bbox 1030 1497 1090 1535; x_wconf 92' lang='lat' dir='ltr'><strong>se</strong></span> <span class='ocrx_word' id='word_1_100' title='bbox 1118 1490 1352 1551; x_wconf 87' lang='lat' dir='ltr'><strong>putasset</strong></span> <span class='ocrx_word' id='word_1_101' title='bbox 1377 1521 1392 1546; x_wconf 93' lang='lat'><strong>,</strong></span> <span class='ocrx_word' id='word_1_102' title='bbox 1431 1481 1546 1535; x_wconf 86' lang='lat' dir='ltr'><strong>sine</strong></span> <span class='ocrx_word' id='word_1_103' title='bbox 1575 1489 1717 1535; x_wconf 90' lang='lat' dir='ltr'><strong>metu</strong></span> <span class='ocrx_word' id='word_1_104' title='bbox 1755 1480 1820 1534; x_wconf 91' lang='lat' dir='ltr'><strong>ad</strong></span> <span class='ocrx_word' id='word_1_105' title='bbox 1849 1478 2033 1548; x_wconf 88' lang='lat' dir='ltr'><strong>prodi-</strong></span> 
     </span>
    </p>
   </div>
   <div class='ocr_carea' id='block_1_15' title="bbox 448 1570 2034 1643">
    <p class='ocr_par' dir='ltr' id='par_1_15' title="bbox 448 1570 2034 1643">
     <span class='ocr_line' id='line_1_15' title="bbox 448 1570 2034 1643; baseline -0.003 -16"><span class='ocrx_word' id='word_1_106' title='bbox 448 1574 646 1629; x_wconf 88' lang='lat' dir='ltr'><strong>tionem</strong></span> <span class='ocrx_word' id='word_1_107' title='bbox 669 1573 873 1628; x_wconf 80' lang='lat' dir='ltr'><strong>veniret</strong></span> <span class='ocrx_word' id='word_1_108' title='bbox 900 1590 913 1626; x_wconf 93' lang='lat'><strong>:</strong></span> <span class='ocrx_word' id='word_1_109' title='bbox 942 1571 1034 1627; x_wconf 91' lang='lat' dir='ltr'><strong>sed</strong></span> <span class='ocrx_word' id='word_1_110' title='bbox 1063 1571 1368 1643; x_wconf 87' lang='lat' dir='ltr'><strong>frequenter</strong></span> <span class='ocrx_word' id='word_1_111' title='bbox 1392 1572 1622 1637; x_wconf 89' lang='lat' dir='ltr'><strong>dicebat,</strong></span> <span class='ocrx_word' id='word_1_112' title='bbox 1651 1570 1794 1626; x_wconf 86' lang='lat' dir='ltr'><strong>Unus</strong></span> <span class='ocrx_word' id='word_1_113' title='bbox 1818 1582 2034 1624; x_wconf 83' lang='lat' dir='ltr'><strong>vestram</strong></span> 
     </span>
    </p>
   </div>
   <div class='ocr_carea' id='block_1_16' title="bbox 447 1660 2033 1734">
    <p class='ocr_par' dir='ltr' id='par_1_16' title="bbox 447 1660 2033 1734">
     <span class='ocr_line' id='line_1_16' title="bbox 447 1660 2033 1734; baseline -0.002 -17"><span class='ocrx_word' id='word_1_114' title='bbox 447 1664 610 1718; x_wconf 84' lang='lat' dir='ltr'><strong>tradet</strong></span> <span class='ocrx_word' id='word_1_115' title='bbox 634 1680 753 1730; x_wconf 88' lang='lat' dir='ltr'><strong>me;</strong></span> <span class='ocrx_word' id='word_1_116' title='bbox 783 1679 952 1734; x_wconf 87' lang='lat' dir='ltr'><strong>neque</strong></span> <span class='ocrx_word' id='word_1_117' title='bbox 979 1672 1154 1718; x_wconf 89' lang='lat' dir='ltr'><strong>tamen</strong></span> <span class='ocrx_word' id='word_1_118' title='bbox 1186 1678 1307 1718; x_wconf 91' lang='lat' dir='ltr'><strong>eum</strong></span> <span class='ocrx_word' id='word_1_119' title='bbox 1348 1664 1521 1734; x_wconf 85' lang='lat' dir='ltr'><strong>palam</strong></span> <span class='ocrx_word' id='word_1_120' title='bbox 1553 1663 1858 1718; x_wconf 88' lang='lat' dir='ltr'><strong>declarabat</strong></span> <span class='ocrx_word' id='word_1_121' title='bbox 1893 1660 2033 1715; x_wconf 92' lang='lat' dir='ltr'><strong>mul-</strong></span> 
     </span>
    </p>
   </div>
   <div class='ocr_carea' id='block_1_17' title="bbox 447 1752 2034 1826">
    <p class='ocr_par' dir='ltr' id='par_1_17' title="bbox 447 1752 2034 1826">
     <span class='ocr_line' id='line_1_17' title="bbox 447 1752 2034 1826; baseline -0.001 -18"><span class='ocrx_word' id='word_1_122' title='bbox 447 1764 532 1811; x_wconf 90' lang='lat' dir='ltr'><strong>tos</strong></span> <span class='ocrx_word' id='word_1_123' title='bbox 559 1756 629 1810; x_wconf 89' lang='lat' dir='ltr'><strong>de</strong></span> <span class='ocrx_word' id='word_1_124' title='bbox 664 1755 903 1826; x_wconf 87' lang='lat' dir='ltr'><strong>gehenna</strong></span> <span class='ocrx_word' id='word_1_125' title='bbox 934 1768 1211 1809; x_wconf 88' lang='lat' dir='ltr'><strong>sermones</strong></span> <span class='ocrx_word' id='word_1_126' title='bbox 1239 1754 1580 1821; x_wconf 89' lang='lat' dir='ltr'><strong>instituebat,</strong></span> <span class='ocrx_word' id='word_1_127' title='bbox 1614 1753 1808 1807; x_wconf 84' lang='lat' dir='ltr'><strong>multos</strong></span> <span class='ocrx_word' id='word_1_128' title='bbox 1845 1752 1910 1806; x_wconf 93' lang='lat' dir='ltr'><strong>de</strong></span> <span class='ocrx_word' id='word_1_129' title='bbox 1943 1766 2034 1806; x_wconf 87' lang='lat' dir='ltr'><strong>re-</strong></span> 
     </span>
    </p>
   </div>
   <div class='ocr_carea' id='block_1_18' title="bbox 447 1844 2032 1917">
    <p class='ocr_par' dir='ltr' id='par_1_18' title="bbox 447 1844 2032 1917">
     <span class='ocr_line' id='line_1_18' title="bbox 447 1844 2032 1917; baseline -0.003 -17"><span class='ocrx_word' id='word_1_130' title='bbox 447 1862 554 1916; x_wconf 91' lang='lat' dir='ltr'><strong>gno</strong></span> <span class='ocrx_word' id='word_1_131' title='bbox 580 1865 595 1902; x_wconf 88' lang='lat'><strong>:</strong></span> <span class='ocrx_word' id='word_1_132' title='bbox 618 1861 877 1916; x_wconf 87' lang='lat' dir='ltr'><strong>suamque</strong></span> <span class='ocrx_word' id='word_1_133' title='bbox 898 1846 949 1900; x_wconf 94' lang='lat' dir='ltr'><strong>in</strong></span> <span class='ocrx_word' id='word_1_134' title='bbox 970 1846 1073 1901; x_wconf 90' lang='lat' dir='ltr'><strong>hac</strong></span> <span class='ocrx_word' id='word_1_135' title='bbox 1096 1854 1319 1917; x_wconf 90' lang='lat' dir='ltr'><strong>utraque</strong></span> <span class='ocrx_word' id='word_1_136' title='bbox 1341 1862 1398 1901; x_wconf 93' lang='lat' dir='ltr'><strong>rc</strong></span> <span class='ocrx_word' id='word_1_137' title='bbox 1421 1847 1706 1916; x_wconf 90' lang='lat' dir='ltr'><strong>potentiam</strong></span> <span class='ocrx_word' id='word_1_138' title='bbox 1728 1844 2032 1909; x_wconf 78' lang='lat' dir='ltr'><strong>exhibebat,</strong></span> 
     </span>
    </p>
   </div>
   <div class='ocr_carea' id='block_1_19' title="bbox 428 1936 2033 2006">
    <p class='ocr_par' dir='ltr' id='par_1_19' title="bbox 428 1936 2033 2006">
     <span class='ocr_line' id='line_1_19' title="bbox 428 1936 2033 2006; baseline -0.002 -15"><span class='ocrx_word' id='word_1_139' title='bbox 428 1938 563 1992; x_wconf 57' lang='lat' dir='ltr'><strong>‘sive</strong></span> <span class='ocrx_word' id='word_1_140' title='bbox 581 1937 633 1991; x_wconf 92' lang='lat' dir='ltr'><strong>in</strong></span> <span class='ocrx_word' id='word_1_141' title='bbox 657 1937 924 2006; x_wconf 89' lang='lat' dir='ltr'><strong>puniendo</strong></span> <span class='ocrx_word' id='word_1_142' title='bbox 944 1947 1277 2006; x_wconf 88' lang='lat' dir='ltr'><strong>peccatores,</strong></span> <span class='ocrx_word' id='word_1_143' title='bbox 1300 1938 1412 1992; x_wconf 83' lang='lat' dir='ltr'><strong>sive</strong></span> <span class='ocrx_word' id='word_1_144' title='bbox 1437 1936 1488 1990; x_wconf 93' lang='lat' dir='ltr'><strong>in</strong></span> <span class='ocrx_word' id='word_1_145' title='bbox 1511 1936 1822 1992; x_wconf 87' lang='lat' dir='ltr'><strong>honorando</strong></span> <span class='ocrx_word' id='word_1_146' title='bbox 1844 1936 2033 2006; x_wconf 83' lang='lat' dir='ltr'><strong>iustos.</strong></span> 
     </span>
    </p>
   </div>
   <div class='ocr_carea' id='block_1_20' title="bbox 450 2024 2034 2098">
    <p class='ocr_par' dir='ltr' id='par_1_20' title="bbox 450 2024 2034 2098">
     <span class='ocr_line' id='line_1_20' title="bbox 450 2024 2034 2098; baseline 0.001 -18"><span class='ocrx_word' id='word_1_147' title='bbox 450 2024 649 2081; x_wconf 82' lang='lat' dir='ltr'><strong>Verum</strong></span> <span class='ocrx_word' id='word_1_148' title='bbox 683 2028 797 2082; x_wconf 62' lang='lat' dir='ltr'><strong>ha‘c</strong></span> <span class='ocrx_word' id='word_1_149' title='bbox 823 2027 1001 2081; x_wconf 88' lang='lat' dir='ltr'><strong>omnia</strong></span> <span class='ocrx_word' id='word_1_150' title='bbox 1033 2027 1122 2082; x_wconf 91' lang='lat' dir='ltr'><strong>ille</strong></span> <span class='ocrx_word' id='word_1_151' title='bbox 1150 2025 1423 2098; x_wconf 83' lang='lat' dir='ltr'><strong>despexit,</strong></span> <span class='ocrx_word' id='word_1_152' title='bbox 1458 2027 1597 2082; x_wconf 90' lang='lat' dir='ltr'><strong>Deus</strong></span> <span class='ocrx_word' id='word_1_153' title='bbox 1634 2035 1809 2082; x_wconf 88' lang='lat' dir='ltr'><strong>autem</strong></span> <span class='ocrx_word' id='word_1_154' title='bbox 1835 2027 1886 2081; x_wconf 89' lang='lat' dir='ltr'><strong>vi</strong></span> <span class='ocrx_word' id='word_1_155' title='bbox 1914 2041 2034 2081; x_wconf 88' lang='lat' dir='ltr'><strong>eum</strong></span> 
     </span>
    </p>
   </div>
   <div class='ocr_carea' id='block_1_21' title="bbox 451 2118 2035 2186">
    <p class='ocr_par' dir='ltr' id='par_1_21' title="bbox 451 2118 2035 2186">
     <span class='ocr_line' id='line_1_21' title="bbox 451 2118 2035 2186; baseline -0.002 -12"><span class='ocrx_word' id='word_1_156' title='bbox 451 2135 559 2175; x_wconf 87' lang='lat' dir='ltr'><strong>non</strong></span> <span class='ocrx_word' id='word_1_157' title='bbox 600 2119 836 2173; x_wconf 83' lang='lat' dir='ltr'><strong>attraxit.</strong></span> <span class='ocrx_word' id='word_1_158' title='bbox 881 2118 1014 2186; x_wconf 90' lang='lat' dir='ltr'><strong>Quia</strong></span> <span class='ocrx_word' id='word_1_159' title='bbox 1058 2118 1198 2173; x_wconf 91' lang='lat' dir='ltr'><strong>enim</strong></span> <span class='ocrx_word' id='word_1_160' title='bbox 1242 2129 1297 2174; x_wconf 91' lang='lat' dir='ltr'><strong>et</strong></span> <span class='ocrx_word' id='word_1_161' title='bbox 1338 2119 1632 2184; x_wconf 88' lang='lat' dir='ltr'><strong>malorum,</strong></span> <span class='ocrx_word' id='word_1_162' title='bbox 1677 2126 1734 2173; x_wconf 90' lang='lat' dir='ltr'><strong>et</strong></span> <span class='ocrx_word' id='word_1_163' title='bbox 1776 2118 2035 2174; x_wconf 90' lang='lat' dir='ltr'><strong>bonorum</strong></span> 
     </span>
    </p>
   </div>
   <div class='ocr_carea' id='block_1_22' title="bbox 450 2208 2038 2279">
    <p class='ocr_par' dir='ltr' id='par_1_22' title="bbox 450 2208 2038 2279">
     <span class='ocr_line' id='line_1_22' title="bbox 450 2208 2038 2279; baseline 0.002 -16"><span class='ocrx_word' id='word_1_164' title='bbox 450 2225 671 2279; x_wconf 87' lang='lat' dir='ltr'><strong>operum</strong></span> <span class='ocrx_word' id='word_1_165' title='bbox 699 2208 974 2264; x_wconf 87' lang='lat' dir='ltr'><strong>electionis</strong></span> <span class='ocrx_word' id='word_1_166' title='bbox 1002 2224 1101 2265; x_wconf 90' lang='lat' dir='ltr'><strong>nos</strong></span> <span class='ocrx_word' id='word_1_167' title='bbox 1119 2209 1364 2264; x_wconf 91' lang='lat' dir='ltr'><strong>dominos</strong></span> <span class='ocrx_word' id='word_1_168' title='bbox 1388 2209 1530 2276; x_wconf 88' lang='lat' dir='ltr'><strong>fecit,</strong></span> <span class='ocrx_word' id='word_1_169' title='bbox 1556 2226 1651 2264; x_wconf 92' lang='lat' dir='ltr'><strong>nos</strong></span> <span class='ocrx_word' id='word_1_170' title='bbox 1680 2210 1843 2266; x_wconf 87' lang='lat' dir='ltr'><strong>libere</strong></span> <span class='ocrx_word' id='word_1_171' title='bbox 1870 2210 2038 2266; x_wconf 86' lang='lat' dir='ltr'><strong>bonos</strong></span> 
     </span>
    </p>
   </div>
   <div class='ocr_carea' id='block_1_23' title="bbox 451 2300 2038 2371">
    <p class='ocr_par' dir='ltr' id='par_1_23' title="bbox 451 2300 2038 2371">
     <span class='ocr_line' id='line_1_23' title="bbox 451 2300 2038 2371; baseline 0 -16"><span class='ocrx_word' id='word_1_172' title='bbox 451 2302 563 2356; x_wconf 88' lang='lat' dir='ltr'><strong>vult</strong></span> <span class='ocrx_word' id='word_1_173' title='bbox 588 2315 731 2356; x_wconf 88' lang='lat' dir='ltr'><strong>esse.</strong></span> <span class='ocrx_word' id='word_1_174' title='bbox 764 2300 889 2355; x_wconf 84' lang='lat' dir='ltr'><strong>ideo</strong></span> <span class='ocrx_word' id='word_1_175' title='bbox 913 2301 963 2354; x_wconf 88' lang='lat' dir='ltr'><strong>si</strong></span> <span class='ocrx_word' id='word_1_176' title='bbox 988 2300 1317 2356; x_wconf 85' lang='lat' dir='ltr'><strong>uoluerimus</strong></span> <span class='ocrx_word' id='word_1_177' title='bbox 1342 2343 1355 2366; x_wconf 91' lang='lat'><strong>,</strong></span> <span class='ocrx_word' id='word_1_178' title='bbox 1388 2317 1493 2355; x_wconf 91' lang='lat' dir='ltr'><strong>non</strong></span> <span class='ocrx_word' id='word_1_179' title='bbox 1530 2301 1706 2371; x_wconf 92' lang='lat' dir='ltr'><strong>cogit,</strong></span> <span class='ocrx_word' id='word_1_180' title='bbox 1738 2316 1909 2370; x_wconf 89' lang='lat' dir='ltr'><strong>neque</strong></span> <span class='ocrx_word' id='word_1_181' title='bbox 1939 2314 2038 2355; x_wconf 89' lang='lat' dir='ltr'><strong>ne-</strong></span> 
     </span>
    </p>
   </div>
   <div class='ocr_carea' id='block_1_24' title="bbox 450 2392 2036 2458">
    <p class='ocr_par' dir='ltr' id='par_1_24' title="bbox 450 2392 2036 2458">
     <span class='ocr_line' id='line_1_24' title="bbox 450 2392 2036 2458; baseline -0.002 -10"><span class='ocrx_word' id='word_1_182' title='bbox 450 2394 752 2449; x_wconf 87' lang='lat' dir='ltr'><strong>cessitatem</strong></span> <span class='ocrx_word' id='word_1_183' title='bbox 784 2392 944 2449; x_wconf 90' lang='lat' dir='ltr'><strong>infert</strong></span> <span class='ocrx_word' id='word_1_184' title='bbox 972 2411 987 2448; x_wconf 89' lang='lat'><strong>:</strong></span> <span class='ocrx_word' id='word_1_185' title='bbox 1018 2408 1138 2448; x_wconf 91' lang='lat' dir='ltr'><strong>nam</strong></span> <span class='ocrx_word' id='word_1_186' title='bbox 1165 2403 1407 2449; x_wconf 90' lang='lat' dir='ltr'><strong>coactum</strong></span> <span class='ocrx_word' id='word_1_187' title='bbox 1439 2409 1559 2449; x_wconf 89' lang='lat' dir='ltr'><strong>esse</strong></span> <span class='ocrx_word' id='word_1_188' title='bbox 1589 2393 1784 2447; x_wconf 92' lang='lat' dir='ltr'><strong>bonum</strong></span> <span class='ocrx_word' id='word_1_189' title='bbox 1803 2435 1818 2458; x_wconf 94' lang='lat'><strong>,</strong></span> <span class='ocrx_word' id='word_1_190' title='bbox 1848 2393 1898 2447; x_wconf 85' lang='lat' dir='ltr'><strong>id</strong></span> <span class='ocrx_word' id='word_1_191' title='bbox 1930 2407 2036 2446; x_wconf 93' lang='lat' dir='ltr'><strong>non</strong></span> 
     </span>
    </p>
   </div>
   <div class='ocr_carea' id='block_1_25' title="bbox 450 2483 2039 2555">
    <p class='ocr_par' dir='ltr' id='par_1_25' title="bbox 450 2483 2039 2555">
     <span class='ocr_line' id='line_1_25' title="bbox 450 2483 2039 2555; baseline -0.001 -16"><span class='ocrx_word' id='word_1_192' title='bbox 450 2494 533 2539; x_wconf 89' lang='lat' dir='ltr'><strong>est</strong></span> <span class='ocrx_word' id='word_1_193' title='bbox 570 2499 689 2540; x_wconf 89' lang='lat' dir='ltr'><strong>esse</strong></span> <span class='ocrx_word' id='word_1_194' title='bbox 731 2485 949 2539; x_wconf 86' lang='lat' dir='ltr'><strong>bonum.</strong></span> <span class='ocrx_word' id='word_1_195' title='bbox 999 2484 1261 2552; x_wconf 86' lang='lat' dir='ltr'><strong>Quoniam</strong></span> <span class='ocrx_word' id='word_1_196' title='bbox 1306 2484 1464 2555; x_wconf 79' lang='lat' dir='ltr'><strong>igitur</strong></span> <span class='ocrx_word' id='word_1_197' title='bbox 1502 2493 1554 2539; x_wconf 90' lang='lat' dir='ltr'><strong>et</strong></span> <span class='ocrx_word' id='word_1_198' title='bbox 1594 2483 1680 2540; x_wconf 90' lang='lat' dir='ltr'><strong>ille</strong></span> <span class='ocrx_word' id='word_1_199' title='bbox 1713 2483 1917 2538; x_wconf 86' lang='lat' dir='ltr'><strong>arbitrii</strong></span> <span class='ocrx_word' id='word_1_200' title='bbox 1959 2483 2039 2538; x_wconf 90' lang='lat' dir='ltr'><strong>sui</strong></span> 
     </span>
    </p>
   </div>
   <div class='ocr_carea' id='block_1_26' title="bbox 450 2573 2038 2644">
    <p class='ocr_par' dir='ltr' id='par_1_26' title="bbox 450 2573 2038 2644">
     <span class='ocr_line' id='line_1_26' title="bbox 450 2573 2038 2644; baseline -0.003 -14"><span class='ocrx_word' id='word_1_201' title='bbox 450 2574 700 2630; x_wconf 88' lang='lat' dir='ltr'><strong>dominus</strong></span> <span class='ocrx_word' id='word_1_202' title='bbox 727 2582 840 2629; x_wconf 92' lang='lat' dir='ltr'><strong>erat</strong></span> <span class='ocrx_word' id='word_1_203' title='bbox 860 2615 874 2639; x_wconf 93' lang='lat'><strong>,</strong></span> <span class='ocrx_word' id='word_1_204' title='bbox 903 2583 955 2629; x_wconf 92' lang='lat' dir='ltr'><strong>et</strong></span> <span class='ocrx_word' id='word_1_205' title='bbox 981 2574 1032 2627; x_wconf 91' lang='lat' dir='ltr'><strong>in</strong></span> <span class='ocrx_word' id='word_1_206' title='bbox 1058 2574 1177 2644; x_wconf 85' lang='lat' dir='ltr'><strong>ejus</strong></span> <span class='ocrx_word' id='word_1_207' title='bbox 1205 2583 1467 2644; x_wconf 90' lang='lat' dir='ltr'><strong>potestate</strong></span> <span class='ocrx_word' id='word_1_208' title='bbox 1495 2585 1610 2629; x_wconf 86' lang='lat' dir='ltr'><strong>erat</strong></span> <span class='ocrx_word' id='word_1_209' title='bbox 1644 2589 1750 2629; x_wconf 90' lang='lat' dir='ltr'><strong>non</strong></span> <span class='ocrx_word' id='word_1_210' title='bbox 1780 2573 2038 2644; x_wconf 91' lang='lat' dir='ltr'><strong>obsequi,</strong></span> 
     </span>
    </p>
   </div>
   <div class='ocr_carea' id='block_1_27' title="bbox 452 2666 2041 2734">
    <p class='ocr_par' dir='ltr' id='par_1_27' title="bbox 452 2666 2041 2734">
     <span class='ocr_line' id='line_1_27' title="bbox 452 2666 2041 2734; baseline 0 -13"><span class='ocrx_word' id='word_1_211' title='bbox 452 2677 508 2721; x_wconf 89' lang='lat' dir='ltr'><strong>et</strong></span> <span class='ocrx_word' id='word_1_212' title='bbox 533 2667 599 2722; x_wconf 89' lang='lat' dir='ltr'><strong>ad</strong></span> <span class='ocrx_word' id='word_1_213' title='bbox 624 2666 900 2721; x_wconf 78' lang='lat' dir='ltr'><strong>avaritiam</strong></span> <span class='ocrx_word' id='word_1_214' title='bbox 928 2682 1033 2721; x_wconf 89' lang='lat' dir='ltr'><strong>non</strong></span> <span class='ocrx_word' id='word_1_215' title='bbox 1058 2667 1326 2722; x_wconf 88' lang='lat' dir='ltr'><strong>declinare</strong></span> <span class='ocrx_word' id='word_1_216' title='bbox 1349 2709 1363 2734; x_wconf 95' lang='lat'><strong>,</strong></span> <span class='ocrx_word' id='word_1_217' title='bbox 1393 2667 1513 2722; x_wconf 90' lang='lat' dir='ltr'><strong>ideo</strong></span> <span class='ocrx_word' id='word_1_218' title='bbox 1541 2678 1719 2722; x_wconf 91' lang='lat' dir='ltr'><strong>mente</strong></span> <span class='ocrx_word' id='word_1_219' title='bbox 1745 2676 2041 2722; x_wconf 67' lang='lat' dir='ltr'><strong>excatcatus</strong></span> 
     </span>
    </p>
   </div>
   <div class='ocr_carea' id='block_1_28' title="bbox 450 2757 2042 2827">
    <p class='ocr_par' dir='ltr' id='par_1_28' title="bbox 450 2757 2042 2827">
     <span class='ocr_line' id='line_1_28' title="bbox 450 2757 2042 2827; baseline -0.001 -15"><span class='ocrx_word' id='word_1_220' title='bbox 450 2766 557 2819; x_wconf 85' lang='lat' dir='ltr'><strong>est,</strong></span> <span class='ocrx_word' id='word_1_221' title='bbox 581 2766 635 2812; x_wconf 92' lang='lat' dir='ltr'><strong>et</strong></span> <span class='ocrx_word' id='word_1_222' title='bbox 660 2757 884 2813; x_wconf 89' lang='lat' dir='ltr'><strong>salutem</strong></span> <span class='ocrx_word' id='word_1_223' title='bbox 911 2772 1060 2812; x_wconf 91' lang='lat' dir='ltr'><strong>suam</strong></span> <span class='ocrx_word' id='word_1_224' title='bbox 1089 2757 1321 2827; x_wconf 90' lang='lat' dir='ltr'><strong>prodidit</strong></span> <span class='ocrx_word' id='word_1_225' title='bbox 1351 2775 1365 2810; x_wconf 87' lang='lat'>:</span> <span class='ocrx_word' id='word_1_226' title='bbox 1389 2767 1443 2812; x_wconf 91' lang='lat' dir='ltr'><strong>et</strong></span> <span class='ocrx_word' id='word_1_227' title='bbox 1464 2757 1558 2822; x_wconf 89' lang='lat' dir='ltr'><strong>ait,</strong></span> <span class='ocrx_word' id='word_1_228' title='bbox 1587 2757 1723 2823; x_wconf 83' lang='lat' dir='ltr'><strong>Quid</strong></span> <span class='ocrx_word' id='word_1_229' title='bbox 1749 2759 1896 2811; x_wconf 84' lang='lat' dir='ltr'><strong>vultis</strong></span> <span class='ocrx_word' id='word_1_230' title='bbox 1917 2757 2042 2811; x_wconf 86' lang='lat' dir='ltr'><strong>mihi</strong></span> 
     </span>
    </p>
   </div>
   <div class='ocr_carea' id='block_1_29' title="bbox 451 2847 2044 2919">
    <p class='ocr_par' dir='ltr' id='par_1_29' title="bbox 451 2847 2044 2919">
     <span class='ocr_line' id='line_1_29' title="bbox 451 2847 2044 2919; baseline 0 -18"><span class='ocrx_word' id='word_1_231' title='bbox 451 2848 577 2902; x_wconf 87' lang='lat' dir='ltr'><strong>dare</strong></span> <span class='ocrx_word' id='word_1_232' title='bbox 594 2889 608 2914; x_wconf 93' lang='lat'><strong>,</strong></span> <span class='ocrx_word' id='word_1_233' title='bbox 638 2857 683 2903; x_wconf 88' lang='lat' dir='ltr'><strong>et</strong></span> <span class='ocrx_word' id='word_1_234' title='bbox 712 2865 800 2919; x_wconf 86' lang='lat' dir='ltr'><strong>ego</strong></span> <span class='ocrx_word' id='word_1_235' title='bbox 825 2848 963 2902; x_wconf 88' lang='lat' dir='ltr'><strong>vobis</strong></span> <span class='ocrx_word' id='word_1_236' title='bbox 986 2864 1099 2903; x_wconf 85' lang='lat' dir='ltr'><strong>eum</strong></span> <span class='ocrx_word' id='word_1_237' title='bbox 1126 2848 1368 2903; x_wconf 88' lang='lat' dir='ltr'><strong>tradam?</strong></span> <span class='ocrx_word' id='word_1_238' title='bbox 1391 2847 1581 2903; x_wconf 81' lang='lat' dir='ltr'><strong>Mentis</strong></span> <span class='ocrx_word' id='word_1_239' title='bbox 1614 2847 1773 2918; x_wconf 82' lang='lat' dir='ltr'><strong>igitur</strong></span> <span class='ocrx_word' id='word_1_240' title='bbox 1799 2848 1913 2918; x_wconf 87' lang='lat' dir='ltr'><strong>ejus</strong></span> <span class='ocrx_word' id='word_1_241' title='bbox 1937 2863 2044 2901; x_wconf 83' lang='lat' dir='ltr'><strong>ca:-</strong></span> 
     </span>
    </p>
   </div>
   <div class='ocr_carea' id='block_1_30' title="bbox 451 2938 2040 3009">
    <p class='ocr_par' dir='ltr' id='par_1_30' title="bbox 451 2938 2040 3009">
     <span class='ocr_line' id='line_1_30' title="bbox 451 2938 2040 3009; baseline 0.001 -16"><span class='ocrx_word' id='word_1_242' title='bbox 451 2938 665 2993; x_wconf 89' lang='lat' dir='ltr'><strong>citatem</strong></span> <span class='ocrx_word' id='word_1_243' title='bbox 691 2949 746 2995; x_wconf 88' lang='lat' dir='ltr'><strong>et</strong></span> <span class='ocrx_word' id='word_1_244' title='bbox 773 2940 1031 2995; x_wconf 88' lang='lat' dir='ltr'><strong>insaniam</strong></span> <span class='ocrx_word' id='word_1_245' title='bbox 1061 2954 1288 3009; x_wconf 88' lang='lat' dir='ltr'><strong>arguens</strong></span> <span class='ocrx_word' id='word_1_246' title='bbox 1315 2939 1637 3009; x_wconf 80' lang='lat' dir='ltr'><strong>evangelista</strong></span> <span class='ocrx_word' id='word_1_247' title='bbox 1665 2938 1770 3006; x_wconf 89' lang='lat' dir='ltr'><strong>ait,</strong></span> <span class='ocrx_word' id='word_1_248' title='bbox 1802 2949 2040 3008; x_wconf 88' lang='lat' dir='ltr'><strong>tempore</strong></span> 
     </span>
    </p>
   </div>
   <div class='ocr_carea' id='block_1_31' title="bbox 453 3029 2041 3101">
    <p class='ocr_par' dir='ltr' id='par_1_31' title="bbox 453 3029 2041 3101">
     <span class='ocr_line' id='line_1_31' title="bbox 453 3029 2041 3101; baseline 0.001 -16"><span class='ocrx_word' id='word_1_249' title='bbox 453 3029 745 3085; x_wconf 84' lang='lat' dir='ltr'><strong>iuvasionis</strong></span> <span class='ocrx_word' id='word_1_250' title='bbox 780 3029 970 3085; x_wconf 84' lang='lat' dir='ltr'><strong>Judam</strong></span> <span class='ocrx_word' id='word_1_251' title='bbox 1013 3045 1183 3101; x_wconf 87' lang='lat' dir='ltr'><strong>prope</strong></span> <span class='ocrx_word' id='word_1_252' title='bbox 1227 3044 1322 3085; x_wconf 89' lang='lat' dir='ltr'><strong>eos</strong></span> <span class='ocrx_word' id='word_1_253' title='bbox 1364 3030 1612 3095; x_wconf 87' lang='lat' dir='ltr'><strong>stetisse,</strong></span> <span class='ocrx_word' id='word_1_254' title='bbox 1654 3030 1800 3085; x_wconf 90' lang='lat' dir='ltr'><strong>illum</strong></span> <span class='ocrx_word' id='word_1_255' title='bbox 1837 3030 2041 3086; x_wconf 90' lang='lat' dir='ltr'><strong>scilicet</strong></span> 
     </span>
    </p>
   </div>
   <div class='ocr_carea' id='block_1_32' title="bbox 451 3120 2042 3192">
    <p class='ocr_par' dir='ltr' id='par_1_32' title="bbox 451 3120 2042 3192">
     <span class='ocr_line' id='line_1_32' title="bbox 451 3120 2042 3192; baseline 0.001 -19"><span class='ocrx_word' id='word_1_256' title='bbox 451 3121 541 3192; x_wconf 91' lang='lat' dir='ltr'><strong>qui</strong></span> <span class='ocrx_word' id='word_1_257' title='bbox 575 3120 824 3176; x_wconf 83' lang='lat' dir='ltr'><strong>dixerat:</strong></span> <span class='ocrx_word' id='word_1_258' title='bbox 855 3120 992 3186; x_wconf 85' lang='lat' dir='ltr'><strong>Quid</strong></span> <span class='ocrx_word' id='word_1_259' title='bbox 1020 3121 1170 3176; x_wconf 82' lang='lat' dir='ltr'><strong>vultis</strong></span> <span class='ocrx_word' id='word_1_260' title='bbox 1209 3121 1332 3174; x_wconf 88' lang='lat' dir='ltr'><strong>mihi</strong></span> <span class='ocrx_word' id='word_1_261' title='bbox 1372 3120 1521 3187; x_wconf 85' lang='lat' dir='ltr'><strong>dare,</strong></span> <span class='ocrx_word' id='word_1_262' title='bbox 1554 3130 1600 3174; x_wconf 92' lang='lat' dir='ltr'><strong>et</strong></span> <span class='ocrx_word' id='word_1_263' title='bbox 1637 3137 1728 3191; x_wconf 78' lang='lat' dir='ltr'><strong>ego</strong></span> <span class='ocrx_word' id='word_1_264' title='bbox 1765 3121 1899 3176; x_wconf 80' lang='lat' dir='ltr'><strong>vobis</strong></span> <span class='ocrx_word' id='word_1_265' title='bbox 1925 3138 2042 3175; x_wconf 91' lang='lat' dir='ltr'><strong>eum</strong></span> 
     </span>
    </p>
   </div>
   <div class='ocr_carea' id='block_1_33' title="bbox 453 3211 2041 3283">
    <p class='ocr_par' dir='ltr' id='par_1_33' title="bbox 453 3211 2041 3283">
     <span class='ocr_line' id='line_1_33' title="bbox 453 3211 2041 3283; baseline 0 -17"><span class='ocrx_word' id='word_1_266' title='bbox 453 3214 692 3267; x_wconf 84' lang='lat' dir='ltr'><strong>tradam?</strong></span> <span class='ocrx_word' id='word_1_267' title='bbox 716 3212 902 3283; x_wconf 84' lang='lat' dir='ltr'><strong>Neque</strong></span> <span class='ocrx_word' id='word_1_268' title='bbox 933 3213 1055 3267; x_wconf 92' lang='lat' dir='ltr'><strong>hinc</strong></span> <span class='ocrx_word' id='word_1_269' title='bbox 1082 3213 1257 3267; x_wconf 92' lang='lat' dir='ltr'><strong>solum</strong></span> <span class='ocrx_word' id='word_1_270' title='bbox 1286 3221 1521 3282; x_wconf 57' lang='lat' dir='ltr'><strong>potestas</strong></span> <span class='ocrx_word' id='word_1_271' title='bbox 1551 3211 1746 3267; x_wconf 87' lang='lat' dir='ltr'><strong>Christi</strong></span> <span class='ocrx_word' id='word_1_272' title='bbox 1773 3212 2041 3282; x_wconf 86' lang='lat' dir='ltr'><strong>conspici-</strong></span> 
     </span>
    </p>
   </div>
   <div class='ocr_carea' id='block_1_34' title="bbox 453 3303 2043 3374">
    <p class='ocr_par' dir='ltr' id='par_1_34' title="bbox 453 3303 2043 3374">
     <span class='ocr_line' id='line_1_34' title="bbox 453 3303 2043 3374; baseline 0.001 -17"><span class='ocrx_word' id='word_1_273' title='bbox 453 3311 559 3369; x_wconf 88' lang='lat' dir='ltr'><strong>tur,</strong></span> <span class='ocrx_word' id='word_1_274' title='bbox 581 3303 678 3359; x_wconf 85' lang='lat' dir='ltr'><strong>sed</strong></span> <span class='ocrx_word' id='word_1_275' title='bbox 699 3303 856 3358; x_wconf 88' lang='lat' dir='ltr'><strong>etiam</strong></span> <span class='ocrx_word' id='word_1_276' title='bbox 882 3303 1022 3374; x_wconf 90' lang='lat' dir='ltr'><strong>quod</strong></span> <span class='ocrx_word' id='word_1_277' title='bbox 1051 3304 1167 3374; x_wconf 89' lang='lat' dir='ltr'><strong>ipso</strong></span> <span class='ocrx_word' id='word_1_278' title='bbox 1189 3318 1371 3358; x_wconf 89' lang='lat' dir='ltr'><strong>vocem</strong></span> <span class='ocrx_word' id='word_1_279' title='bbox 1394 3303 1690 3371; x_wconf 89' lang='lat' dir='ltr'><strong>emittente,</strong></span> <span class='ocrx_word' id='word_1_280' title='bbox 1721 3304 2043 3359; x_wconf 90' lang='lat' dir='ltr'><strong>recesserint</strong></span> 
     </span>
    </p>
   </div>
   <div class='ocr_carea' id='block_1_35' title="bbox 451 3394 2041 3466">
    <p class='ocr_par' dir='ltr' id='par_1_35' title="bbox 451 3394 2041 3466">
     <span class='ocr_line' id='line_1_35' title="bbox 451 3394 2041 3466; baseline 0 -17"><span class='ocrx_word' id='word_1_281' title='bbox 451 3394 527 3450; x_wconf 93' lang='lat' dir='ltr'><strong>illi</strong></span> <span class='ocrx_word' id='word_1_282' title='bbox 552 3404 606 3449; x_wconf 90' lang='lat' dir='ltr'><strong>et</strong></span> <span class='ocrx_word' id='word_1_283' title='bbox 632 3395 924 3451; x_wconf 88' lang='lat' dir='ltr'><strong>ceciderint</strong></span> <span class='ocrx_word' id='word_1_284' title='bbox 968 3394 1020 3449; x_wconf 92' lang='lat' dir='ltr'><strong>in</strong></span> <span class='ocrx_word' id='word_1_285' title='bbox 1064 3405 1281 3450; x_wconf 90' lang='lat' dir='ltr'><strong>terram.</strong></span> <span class='ocrx_word' id='word_1_286' title='bbox 1323 3395 1455 3462; x_wconf 86' lang='lat' dir='ltr'><strong>Quia</strong></span> <span class='ocrx_word' id='word_1_287' title='bbox 1494 3410 1625 3450; x_wconf 90' lang='lat' dir='ltr'><strong>vero</strong></span> <span class='ocrx_word' id='word_1_288' title='bbox 1668 3409 1840 3466; x_wconf 90' lang='lat' dir='ltr'><strong>neque</strong></span> <span class='ocrx_word' id='word_1_289' title='bbox 1868 3395 1946 3449; x_wconf 90' lang='lat' dir='ltr'><strong>sic</strong></span> <span class='ocrx_word' id='word_1_290' title='bbox 1972 3394 2041 3449; x_wconf 92' lang='lat' dir='ltr'><strong>ab</strong></span> 
     </span>
    </p>
   </div>
   <div class='ocr_carea' id='block_1_36' title="bbox 451 3486 2043 3558">
    <p class='ocr_par' dir='ltr' id='par_1_36' title="bbox 451 3486 2043 3558">
     <span class='ocr_line' id='line_1_36' title="bbox 451 3486 2043 3558; baseline 0.001 -17"><span class='ocrx_word' id='word_1_291' title='bbox 451 3486 776 3557; x_wconf 89' lang='lat' dir='ltr'><strong>impudentia</strong></span> <span class='ocrx_word' id='word_1_292' title='bbox 803 3486 1155 3555; x_wconf 87' lang='lat' dir='ltr'><strong>destiterunt,</strong></span> <span class='ocrx_word' id='word_1_293' title='bbox 1182 3487 1396 3542; x_wconf 91' lang='lat' dir='ltr'><strong>demum</strong></span> <span class='ocrx_word' id='word_1_294' title='bbox 1432 3488 1666 3558; x_wconf 84' lang='lat' dir='ltr'><strong>seipsum</strong></span> <span class='ocrx_word' id='word_1_295' title='bbox 1702 3486 1951 3555; x_wconf 84' lang='lat' dir='ltr'><strong>tradidit,</strong></span> <span class='ocrx_word' id='word_1_296' title='bbox 1980 3503 2043 3543; x_wconf 90' lang='lat' dir='ltr'><strong>ac</strong></span> 
     </span>
    </p>
   </div>
   <div class='ocr_carea' id='block_1_37' title="bbox 451 3576 2040 3647">
    <p class='ocr_par' dir='ltr' id='par_1_37' title="bbox 451 3576 2040 3647">
     <span class='ocr_line' id='line_1_37' title="bbox 451 3576 2040 3647; baseline 0 -15"><span class='ocrx_word' id='word_1_297' title='bbox 451 3578 496 3632; x_wconf 89' lang='lat' dir='ltr'><strong>si</strong></span> <span class='ocrx_word' id='word_1_298' title='bbox 527 3576 748 3632; x_wconf 83' lang='lat' dir='ltr'><strong>dixisset</strong></span> <span class='ocrx_word' id='word_1_299' title='bbox 781 3595 793 3632; x_wconf 88' lang='lat'><strong>:</strong></span> <span class='ocrx_word' id='word_1_300' title='bbox 826 3576 979 3644; x_wconf 89' lang='lat' dir='ltr'><strong>Quod</strong></span> <span class='ocrx_word' id='word_1_301' title='bbox 1014 3592 1192 3632; x_wconf 91' lang='lat' dir='ltr'><strong>meum</strong></span> <span class='ocrx_word' id='word_1_302' title='bbox 1220 3586 1334 3632; x_wconf 88' lang='lat' dir='ltr'><strong>erat</strong></span> <span class='ocrx_word' id='word_1_303' title='bbox 1375 3585 1542 3631; x_wconf 89' lang='lat' dir='ltr'><strong>totum</strong></span> <span class='ocrx_word' id='word_1_304' title='bbox 1578 3576 1714 3642; x_wconf 81' lang='lat' dir='ltr'><strong>feci,</strong></span> <span class='ocrx_word' id='word_1_305' title='bbox 1750 3579 2040 3647; x_wconf 72' lang='lat' dir='ltr'><strong>potentiam</strong></span> 
     </span>
    </p>
   </div>
   <div class='ocr_carea' id='block_1_38' title="bbox 451 3669 2040 3742">
    <p class='ocr_par' dir='ltr' id='par_1_38' title="bbox 451 3669 2040 3742">
     <span class='ocr_line' id='line_1_38' title="bbox 451 3669 2040 3742; baseline 0.002 -19"><span class='ocrx_word' id='word_1_306' title='bbox 451 3669 717 3723; x_wconf 87' lang='lat' dir='ltr'><strong>declaravi</strong></span> <span class='ocrx_word' id='word_1_307' title='bbox 757 3683 929 3723; x_wconf 88' lang='lat' dir='ltr'><strong>meam</strong></span> <span class='ocrx_word' id='word_1_308' title='bbox 955 3709 971 3735; x_wconf 92' lang='lat'><strong>,</strong></span> <span class='ocrx_word' id='word_1_309' title='bbox 999 3669 1206 3723; x_wconf 90' lang='lat' dir='ltr'><strong>ostendi</strong></span> <span class='ocrx_word' id='word_1_310' title='bbox 1249 3684 1344 3723; x_wconf 91' lang='lat' dir='ltr'><strong>vos</strong></span> <span class='ocrx_word' id='word_1_311' title='bbox 1385 3684 1448 3724; x_wconf 90' lang='lat' dir='ltr'><strong>ea</strong></span> <span class='ocrx_word' id='word_1_312' title='bbox 1490 3669 1736 3740; x_wconf 80' lang='lat' dir='ltr'><strong>aggredi,</strong></span> <span class='ocrx_word' id='word_1_313' title='bbox 1768 3687 1889 3742; x_wconf 72' lang='lat' dir='ltr'><strong>qua:</strong></span> <span class='ocrx_word' id='word_1_314' title='bbox 1927 3671 2040 3727; x_wconf 87' lang='lat' dir='ltr'><strong>fieri</strong></span> 
     </span>
    </p>
   </div>
   <div class='ocr_carea' id='block_1_39' title="bbox 453 3760 2038 3832">
    <p class='ocr_par' dir='ltr' id='par_1_39' title="bbox 453 3760 2038 3832">
     <span class='ocr_line' id='line_1_39' title="bbox 453 3760 2038 3832; baseline 0.003 -16"><span class='ocrx_word' id='word_1_315' title='bbox 453 3768 740 3832; x_wconf 87' lang='lat' dir='ltr'><strong>nequeant.</strong></span> <span class='ocrx_word' id='word_1_316' title='bbox 773 3760 1030 3817; x_wconf 84' lang='lat' dir='ltr'><strong>Volebam</strong></span> <span class='ocrx_word' id='word_1_317' title='bbox 1066 3761 1354 3830; x_wconf 86' lang='lat' dir='ltr'><strong>nequitiam</strong></span> <span class='ocrx_word' id='word_1_318' title='bbox 1382 3769 1612 3818; x_wconf 88' lang='lat' dir='ltr'><strong>vestram</strong></span> <span class='ocrx_word' id='word_1_319' title='bbox 1641 3763 1994 3832; x_wconf 88' lang='lat' dir='ltr'><strong>comprimere</strong></span> <span class='ocrx_word' id='word_1_320' title='bbox 2023 3781 2038 3819; x_wconf 88' lang='lat'><strong>:</strong></span> 
     </span>
    </p>
   </div>
   <div class='ocr_carea' id='block_1_40' title="bbox 450 3853 2043 3928">
    <p class='ocr_par' dir='ltr' id='par_1_40' title="bbox 450 3853 2043 3928">
     <span class='ocr_line' id='line_1_40' title="bbox 450 3853 2043 3928; baseline 0.003 -21"><span class='ocrx_word' id='word_1_321' title='bbox 450 3853 665 3923; x_wconf 90' lang='lat' dir='ltr'><strong>quando</strong></span> <span class='ocrx_word' id='word_1_322' title='bbox 690 3863 868 3909; x_wconf 90' lang='lat' dir='ltr'><strong>autem</strong></span> <span class='ocrx_word' id='word_1_323' title='bbox 895 3869 990 3909; x_wconf 89' lang='lat' dir='ltr'><strong>vos</strong></span> <span class='ocrx_word' id='word_1_324' title='bbox 1016 3854 1281 3921; x_wconf 89' lang='lat' dir='ltr'><strong>noluistis,</strong></span> <span class='ocrx_word' id='word_1_325' title='bbox 1310 3855 1403 3911; x_wconf 91' lang='lat' dir='ltr'><strong>sed</strong></span> <span class='ocrx_word' id='word_1_326' title='bbox 1427 3856 1477 3910; x_wconf 93' lang='lat' dir='ltr'><strong>in</strong></span> <span class='ocrx_word' id='word_1_327' title='bbox 1504 3856 1707 3911; x_wconf 91' lang='lat' dir='ltr'><strong>insania</strong></span> <span class='ocrx_word' id='word_1_328' title='bbox 1734 3872 2043 3928; x_wconf 85' lang='lat' dir='ltr'><strong>persevera-</strong></span> 
     </span>
    </p>
   </div>
   <div class='ocr_carea' id='block_1_41' title="bbox 452 3943 2043 4018">
    <p class='ocr_par' dir='ltr' id='par_1_41' title="bbox 452 3943 2043 4018">
     <span class='ocr_line' id='line_1_41' title="bbox 452 3943 2043 4018; baseline 0.003 -20"><span class='ocrx_word' id='word_1_329' title='bbox 452 3944 554 4010; x_wconf 82' lang='lat' dir='ltr'><strong>tis,</strong></span> <span class='ocrx_word' id='word_1_330' title='bbox 587 3943 847 4016; x_wconf 89' lang='lat' dir='ltr'><strong>meipsum</strong></span> <span class='ocrx_word' id='word_1_331' title='bbox 878 3944 1059 4015; x_wconf 88' lang='lat' dir='ltr'><strong>utique</strong></span> <span class='ocrx_word' id='word_1_332' title='bbox 1095 3944 1264 4000; x_wconf 92' lang='lat' dir='ltr'><strong>trado.</strong></span> <span class='ocrx_word' id='word_1_333' title='bbox 1308 3945 1432 4001; x_wconf 68' lang='grc' dir='ltr'><strong>Πωο</strong></span> <span class='ocrx_word' id='word_1_334' title='bbox 1467 3962 1627 4016; x_wconf 89' lang='lat' dir='ltr'><strong>porro</strong></span> <span class='ocrx_word' id='word_1_335' title='bbox 1655 3946 1797 4015; x_wconf 85' lang='lat' dir='ltr'><strong>dixi,</strong></span> <span class='ocrx_word' id='word_1_336' title='bbox 1830 3963 1896 4003; x_wconf 92' lang='lat' dir='ltr'><strong>ne</strong></span> <span class='ocrx_word' id='word_1_337' title='bbox 1926 3948 2043 4018; x_wconf 82' lang='lat' dir='ltr'><strong>qui-</strong></span> 
     </span>
    </p>
   </div>
   <div class='ocr_carea' id='block_1_42' title="bbox 451 4035 2039 4106">
    <p class='ocr_par' dir='ltr' id='par_1_42' title="bbox 451 4035 2039 4106">
     <span class='ocr_line' id='line_1_42' title="bbox 451 4035 2039 4106; baseline 0.001 -16"><span class='ocrx_word' id='word_1_338' title='bbox 451 4035 573 4090; x_wconf 89' lang='lat' dir='ltr'><strong>dam</strong></span> <span class='ocrx_word' id='word_1_339' title='bbox 610 4035 881 4091; x_wconf 82' lang='lat' dir='ltr'><strong>Christum</strong></span> <span class='ocrx_word' id='word_1_340' title='bbox 925 4046 1275 4103; x_wconf 88' lang='lat' dir='ltr'><strong>accusarent,</strong></span> <span class='ocrx_word' id='word_1_341' title='bbox 1303 4052 1367 4091; x_wconf 91' lang='lat' dir='ltr'><strong>ac</strong></span> <span class='ocrx_word' id='word_1_342' title='bbox 1405 4038 1676 4106; x_wconf 88' lang='lat' dir='ltr'><strong>dicerent,</strong></span> <span class='ocrx_word' id='word_1_343' title='bbox 1705 4039 1811 4095; x_wconf 91' lang='lat' dir='ltr'><strong>Cur</strong></span> <span class='ocrx_word' id='word_1_344' title='bbox 1849 4038 2039 4094; x_wconf 80' lang='lat' dir='ltr'><strong>Judam</strong></span> 
     </span>
    </p>
   </div>
   <div class='ocr_carea' id='block_1_43' title="bbox 454 4132 2042 4203">
    <p class='ocr_par' dir='ltr' id='par_1_43' title="bbox 454 4132 2042 4203">
     <span class='ocr_line' id='line_1_43' title="bbox 454 4132 2042 4203; baseline 0.002 -19"><span class='ocrx_word' id='word_1_345' title='bbox 454 4146 559 4185; x_wconf 92' lang='lat' dir='ltr'><strong>non</strong></span> <span class='ocrx_word' id='word_1_346' title='bbox 588 4132 846 4187; x_wconf 83' lang='lat' dir='ltr'><strong>mutavit?</strong></span> <span class='ocrx_word' id='word_1_347' title='bbox 875 4147 972 4186; x_wconf 91' lang='lat' dir='ltr'><strong>cur</strong></span> <span class='ocrx_word' id='word_1_348' title='bbox 1004 4147 1126 4187; x_wconf 90' lang='lat' dir='ltr'><strong>eum</strong></span> <span class='ocrx_word' id='word_1_349' title='bbox 1171 4139 1555 4202; x_wconf 85' lang='lat' dir='ltr'><strong>temperantem</strong></span> <span class='ocrx_word' id='word_1_350' title='bbox 1603 4132 2042 4203; x_wconf 87' lang='lat' dir='ltr'><strong>moderatumque</strong></span> 
     </span>
    </p>
   </div>
   <div class='ocr_carea' id='block_1_44' title="bbox 454 4223 2042 4294">
    <p class='ocr_par' dir='ltr' id='par_1_44' title="bbox 454 4223 2042 4294">
     <span class='ocr_line' id='line_1_44' title="bbox 454 4223 2042 4294; baseline -0.001 -17"><span class='ocrx_word' id='word_1_351' title='bbox 454 4239 559 4277; x_wconf 89' lang='lat' dir='ltr'><strong>non</strong></span> <span class='ocrx_word' id='word_1_352' title='bbox 602 4223 770 4278; x_wconf 87' lang='lat' dir='ltr'><strong>fecit?</strong></span> <span class='ocrx_word' id='word_1_353' title='bbox 813 4224 1092 4290; x_wconf 83' lang='lat' dir='ltr'><strong>Quomodo</strong></span> <span class='ocrx_word' id='word_1_354' title='bbox 1142 4240 1264 4280; x_wconf 91' lang='lat' dir='ltr'><strong>cum</strong></span> <span class='ocrx_word' id='word_1_355' title='bbox 1313 4223 1646 4279; x_wconf 88' lang='lat' dir='ltr'><strong>moderatum</strong></span> <span class='ocrx_word' id='word_1_356' title='bbox 1693 4225 1904 4279; x_wconf 80' lang='lat' dir='ltr'><strong>efficere</strong></span> <span class='ocrx_word' id='word_1_357' title='bbox 1946 4240 2042 4294; x_wconf 86' lang='lat' dir='ltr'><strong>par</strong></span> 
     </span>
    </p>
   </div>
   <div class='ocr_carea' id='block_1_45' title="bbox 451 4315 2039 4386">
    <p class='ocr_par' dir='ltr' id='par_1_45' title="bbox 451 4315 2039 4386">
     <span class='ocr_line' id='line_1_45' title="bbox 451 4315 2039 4386; baseline 0.001 -18"><span class='ocrx_word' id='word_1_358' title='bbox 451 4316 602 4368; x_wconf 77' lang='lat' dir='ltr'><strong>erat?</strong></span> <span class='ocrx_word' id='word_1_359' title='bbox 630 4315 1018 4370; x_wconf 83' lang='lat' dir='ltr'><strong>necessitatene</strong></span> <span class='ocrx_word' id='word_1_360' title='bbox 1037 4357 1053 4382; x_wconf 89' lang='lat'><strong>,</strong></span> <span class='ocrx_word' id='word_1_361' title='bbox 1081 4331 1148 4369; x_wconf 89' lang='lat' dir='ltr'><strong>an</strong></span> <span class='ocrx_word' id='word_1_362' title='bbox 1181 4316 1443 4370; x_wconf 85' lang='lat' dir='ltr'><strong>arbitrio?</strong></span> <span class='ocrx_word' id='word_1_363' title='bbox 1472 4315 1528 4370; x_wconf 90' lang='lat' dir='ltr'><strong>Si</strong></span> <span class='ocrx_word' id='word_1_364' title='bbox 1555 4316 1769 4386; x_wconf 90' lang='lat' dir='ltr'><strong>quidem</strong></span> <span class='ocrx_word' id='word_1_365' title='bbox 1800 4317 2039 4372; x_wconf 83' lang='lat' dir='ltr'><strong>necessi—</strong></span> 
     </span>
    </p>
   </div>
   <div class='ocr_carea' id='block_1_46' title="bbox 454 4404 2040 4475">
    <p class='ocr_par' dir='ltr' id='par_1_46' title="bbox 454 4404 2040 4475">
     <span class='ocr_line' id='line_1_46' title="bbox 454 4404 2040 4475; baseline 0.001 -16"><span class='ocrx_word' id='word_1_366' title='bbox 454 4413 563 4460; x_wconf 88' lang='lat' dir='ltr'><strong>tate</strong></span> <span class='ocrx_word' id='word_1_367' title='bbox 582 4447 598 4472; x_wconf 93' lang='lat'><strong>,</strong></span> <span class='ocrx_word' id='word_1_368' title='bbox 629 4419 800 4475; x_wconf 90' lang='lat' dir='ltr'><strong>neque</strong></span> <span class='ocrx_word' id='word_1_369' title='bbox 825 4404 903 4460; x_wconf 88' lang='lat' dir='ltr'><strong>sic</strong></span> <span class='ocrx_word' id='word_1_370' title='bbox 932 4405 1123 4459; x_wconf 87' lang='lat' dir='ltr'><strong>melior</strong></span> <span class='ocrx_word' id='word_1_371' title='bbox 1152 4405 1361 4461; x_wconf 88' lang='lat' dir='ltr'><strong>futurus</strong></span> <span class='ocrx_word' id='word_1_372' title='bbox 1390 4414 1540 4471; x_wconf 88' lang='lat' dir='ltr'><strong>erat;</strong></span> <span class='ocrx_word' id='word_1_373' title='bbox 1572 4405 1746 4459; x_wconf 89' lang='lat' dir='ltr'><strong>nullus</strong></span> <span class='ocrx_word' id='word_1_374' title='bbox 1773 4406 1914 4461; x_wconf 90' lang='lat' dir='ltr'><strong>enim</strong></span> <span class='ocrx_word' id='word_1_375' title='bbox 1943 4422 2040 4460; x_wconf 85' lang='lat' dir='ltr'><strong>ne-</strong></span> 
     </span>
    </p>
   </div>
   <div class='ocr_carea' id='block_1_47' title="bbox 449 4496 2037 4563">
    <p class='ocr_par' dir='ltr' id='par_1_47' title="bbox 449 4496 2037 4563">
     <span class='ocr_line' id='line_1_47' title="bbox 449 4496 2037 4563; baseline 0.001 -12"><span class='ocrx_word' id='word_1_376' title='bbox 449 4498 699 4552; x_wconf 87' lang='lat' dir='ltr'><strong>cessitate</strong></span> <span class='ocrx_word' id='word_1_377' title='bbox 737 4496 929 4553; x_wconf 90' lang='lat' dir='ltr'><strong>melior</strong></span> <span class='ocrx_word' id='word_1_378' title='bbox 966 4496 1228 4553; x_wconf 85' lang='lat' dir='ltr'><strong>efficiatur</strong></span> <span class='ocrx_word' id='word_1_379' title='bbox 1260 4516 1272 4551; x_wconf 94' lang='lat'><strong>:</strong></span> <span class='ocrx_word' id='word_1_380' title='bbox 1312 4498 1356 4552; x_wconf 91' lang='lat' dir='ltr'><strong>si</strong></span> <span class='ocrx_word' id='word_1_381' title='bbox 1398 4498 1617 4553; x_wconf 89' lang='lat' dir='ltr'><strong>arbitrio</strong></span> <span class='ocrx_word' id='word_1_382' title='bbox 1651 4505 1706 4553; x_wconf 93' lang='lat' dir='ltr'><strong>et</strong></span> <span class='ocrx_word' id='word_1_383' title='bbox 1745 4497 2037 4563; x_wconf 90' lang='lat' dir='ltr'><strong>electione,</strong></span> 
     </span>
    </p>
   </div>
   <div class='ocr_carea' id='block_1_48' title="bbox 452 4586 2041 4660">
    <p class='ocr_par' dir='ltr' id='par_1_48' title="bbox 452 4586 2041 4660">
     <span class='ocr_line' id='line_1_48' title="bbox 452 4586 2041 4660; baseline 0.002 -19"><span class='ocrx_word' id='word_1_384' title='bbox 452 4586 631 4643; x_wconf 89' lang='lat' dir='ltr'><strong>omnia</strong></span> <span class='ocrx_word' id='word_1_385' title='bbox 656 4603 1005 4660; x_wconf 83' lang='lat' dir='ltr'><strong>quaecumque</strong></span> <span class='ocrx_word' id='word_1_386' title='bbox 1032 4588 1307 4643; x_wconf 86' lang='lat' dir='ltr'><strong>arbitrium</strong></span> <span class='ocrx_word' id='word_1_387' title='bbox 1335 4598 1385 4644; x_wconf 92' lang='lat' dir='ltr'><strong>et</strong></span> <span class='ocrx_word' id='word_1_388' title='bbox 1417 4589 1737 4645; x_wconf 86' lang='lat' dir='ltr'><strong>electionem</strong></span> <span class='ocrx_word' id='word_1_389' title='bbox 1771 4591 2041 4657; x_wconf 78' lang='lat' dir='ltr'><strong>corrigere</strong></span> 
     </span>
    </p>
   </div>
   <div class='ocr_carea' id='block_1_49' title="bbox 451 4678 2040 4750">
    <p class='ocr_par' dir='ltr' id='par_1_49' title="bbox 451 4678 2040 4750">
     <span class='ocr_line' id='line_1_49' title="bbox 451 4678 2040 4750; baseline 0.003 -20"><span class='ocrx_word' id='word_1_390' title='bbox 451 4686 733 4746; x_wconf 86' lang='lat' dir='ltr'><strong>poterant,</strong></span> <span class='ocrx_word' id='word_1_391' title='bbox 780 4679 973 4733; x_wconf 89' lang='lat' dir='ltr'><strong>intulit.</strong></span> <span class='ocrx_word' id='word_1_392' title='bbox 1020 4678 1077 4735; x_wconf 91' lang='lat' dir='ltr'><strong>Si</strong></span> <span class='ocrx_word' id='word_1_393' title='bbox 1116 4688 1292 4734; x_wconf 87' lang='lat' dir='ltr'><strong>autem</strong></span> <span class='ocrx_word' id='word_1_394' title='bbox 1333 4680 1420 4734; x_wconf 87' lang='lat' dir='ltr'><strong>ille</strong></span> <span class='ocrx_word' id='word_1_395' title='bbox 1460 4678 1755 4734; x_wconf 87' lang='lat' dir='ltr'><strong>remedium</strong></span> <span class='ocrx_word' id='word_1_396' title='bbox 1794 4680 2040 4750; x_wconf 88' lang='lat' dir='ltr'><strong>accipere</strong></span> 
     </span>
    </p>
   </div>
   <div class='ocr_carea' id='block_1_50' title="bbox 452 4767 2037 4842">
    <p class='ocr_par' dir='ltr' id='par_1_50' title="bbox 452 4767 2037 4842">
     <span class='ocr_line' id='line_1_50' title="bbox 452 4767 2037 4842; baseline 0.003 -21"><span class='ocrx_word' id='word_1_397' title='bbox 452 4767 623 4821; x_wconf 82' lang='lat' dir='ltr'><strong>noluit</strong></span> <span class='ocrx_word' id='word_1_398' title='bbox 642 4808 658 4833; x_wconf 92' lang='lat'><strong>,</strong></span> <span class='ocrx_word' id='word_1_399' title='bbox 687 4784 793 4823; x_wconf 93' lang='lat' dir='ltr'><strong>non</strong></span> <span class='ocrx_word' id='word_1_400' title='bbox 826 4768 925 4824; x_wconf 91' lang='lat' dir='ltr'><strong>fuit</strong></span> <span class='ocrx_word' id='word_1_401' title='bbox 951 4769 1142 4825; x_wconf 91' lang='lat' dir='ltr'><strong>medici</strong></span> <span class='ocrx_word' id='word_1_402' title='bbox 1172 4771 1359 4840; x_wconf 89' lang='lat' dir='ltr'><strong>culpa,</strong></span> <span class='ocrx_word' id='word_1_403' title='bbox 1388 4771 1481 4826; x_wconf 91' lang='lat' dir='ltr'><strong>sed</strong></span> <span class='ocrx_word' id='word_1_404' title='bbox 1512 4770 1628 4842; x_wconf 88' lang='lat' dir='ltr'><strong>ejus</strong></span> <span class='ocrx_word' id='word_1_405' title='bbox 1654 4770 1746 4841; x_wconf 90' lang='lat' dir='ltr'><strong>qui</strong></span> <span class='ocrx_word' id='word_1_406' title='bbox 1776 4771 2037 4828; x_wconf 89' lang='lat' dir='ltr'><strong>medelam</strong></span> 
     </span>
    </p>
   </div>
   <div class='ocr_carea' id='block_1_51' title="bbox 453 4856 2038 4932">
    <p class='ocr_par' dir='ltr' id='par_1_51' title="bbox 453 4856 2038 4932">
     <span class='ocr_line' id='line_1_51' title="bbox 453 4856 2038 4932; baseline 0.005 -21"><span class='ocrx_word' id='word_1_407' title='bbox 453 4856 668 4927; x_wconf 89' lang='lat' dir='ltr'><strong>repulit.</strong></span> <span class='ocrx_word' id='word_1_408' title='bbox 693 4857 826 4913; x_wconf 91' lang='lat' dir='ltr'><strong>Vide</strong></span> <span class='ocrx_word' id='word_1_409' title='bbox 853 4861 1010 4929; x_wconf 81' lang='lat' dir='ltr'><strong>igitur</strong></span> <span class='ocrx_word' id='word_1_410' title='bbox 1028 4870 1224 4932; x_wconf 90' lang='lat' dir='ltr'><strong>quanta</strong></span> <span class='ocrx_word' id='word_1_411' title='bbox 1248 4861 1433 4917; x_wconf 87' lang='lat' dir='ltr'><strong>fecerit</strong></span> <span class='ocrx_word' id='word_1_412' title='bbox 1453 4869 1511 4917; x_wconf 90' lang='lat' dir='ltr'><strong>ut</strong></span> <span class='ocrx_word' id='word_1_413' title='bbox 1529 4878 1649 4918; x_wconf 92' lang='lat' dir='ltr'><strong>eum</strong></span> <span class='ocrx_word' id='word_1_414' title='bbox 1670 4864 1734 4917; x_wconf 89' lang='lat' dir='ltr'><strong>ad</strong></span> <span class='ocrx_word' id='word_1_415' title='bbox 1763 4864 2038 4919; x_wconf 86' lang='lat' dir='ltr'><strong>meliorem</strong></span> 
     </span>
    </p>
   </div>
   <div class='ocr_carea' id='block_1_52' title="bbox 450 4949 2039 5024">
    <p class='ocr_par' dir='ltr' id='par_1_52' title="bbox 450 4949 2039 5024">
     <span class='ocr_line' id='line_1_52' title="bbox 450 4949 2039 5024; baseline 0.005 -23"><span class='ocrx_word' id='word_1_416' title='bbox 450 4949 658 5017; x_wconf 83' lang='lat' dir='ltr'><strong>frugem</strong></span> <span class='ocrx_word' id='word_1_417' title='bbox 688 4956 744 5003; x_wconf 90' lang='lat' dir='ltr'><strong>et</strong></span> <span class='ocrx_word' id='word_1_418' title='bbox 775 4950 1002 5004; x_wconf 89' lang='lat' dir='ltr'><strong>salutem</strong></span> <span class='ocrx_word' id='word_1_419' title='bbox 1033 4951 1315 5007; x_wconf 89' lang='lat' dir='ltr'><strong>reduceret</strong></span> <span class='ocrx_word' id='word_1_420' title='bbox 1340 4969 1356 5007; x_wconf 90' lang='lat'><strong>:</strong></span> <span class='ocrx_word' id='word_1_421' title='bbox 1383 4967 1596 5008; x_wconf 89' lang='lat' dir='ltr'><strong>onmem</strong></span> <span class='ocrx_word' id='word_1_422' title='bbox 1639 4969 1759 5008; x_wconf 91' lang='lat' dir='ltr'><strong>eum</strong></span> <span class='ocrx_word' id='word_1_423' title='bbox 1805 4953 2039 5024; x_wconf 88' lang='lat' dir='ltr'><strong>philoso-</strong></span> 
     </span>
    </p>
   </div>
   <div class='ocr_carea' id='block_1_53' title="bbox 451 5037 2038 5114">
    <p class='ocr_par' dir='ltr' id='par_1_53' title="bbox 451 5037 2038 5114">
     <span class='ocr_line' id='line_1_53' title="bbox 451 5037 2038 5114; baseline 0.004 -21"><span class='ocrx_word' id='word_1_424' title='bbox 451 5038 631 5108; x_wconf 89' lang='lat' dir='ltr'><strong>phiam</strong></span> <span class='ocrx_word' id='word_1_425' title='bbox 653 5037 835 5093; x_wconf 90' lang='lat' dir='ltr'><strong>docuit</strong></span> <span class='ocrx_word' id='word_1_426' title='bbox 858 5040 1107 5109; x_wconf 89' lang='lat' dir='ltr'><strong>operibus</strong></span> <span class='ocrx_word' id='word_1_427' title='bbox 1134 5042 1282 5111; x_wconf 89' lang='lat' dir='ltr'><strong>ipsis,</strong></span> <span class='ocrx_word' id='word_1_428' title='bbox 1303 5052 1462 5114; x_wconf 86' lang='lat' dir='ltr'><strong>atque</strong></span> <span class='ocrx_word' id='word_1_429' title='bbox 1488 5044 1684 5109; x_wconf 88' lang='lat' dir='ltr'><strong>verbis,</strong></span> <span class='ocrx_word' id='word_1_430' title='bbox 1709 5045 2038 5101; x_wconf 78' lang='lat' dir='ltr'><strong>daemonibus</strong></span> 
     </span>
    </p>
   </div>
   <div class='ocr_carea' id='block_1_54' title="bbox 450 5127 2037 5198">
    <p class='ocr_par' dir='ltr' id='par_1_54' title="bbox 450 5127 2037 5198">
     <span class='ocr_line' id='line_1_54' title="bbox 450 5127 2037 5198; baseline 0.003 -14"><span class='ocrx_word' id='word_1_431' title='bbox 450 5128 786 5198; x_wconf 84' lang='lat' dir='ltr'><strong>superiorem</strong></span> <span class='ocrx_word' id='word_1_432' title='bbox 817 5127 977 5196; x_wconf 90' lang='lat' dir='ltr'><strong>fecit,</strong></span> <span class='ocrx_word' id='word_1_433' title='bbox 1010 5129 1312 5186; x_wconf 88' lang='lat' dir='ltr'><strong>facultatem</strong></span> <span class='ocrx_word' id='word_1_434' title='bbox 1339 5132 1484 5187; x_wconf 90' lang='lat' dir='ltr'><strong>dedit</strong></span> <span class='ocrx_word' id='word_1_435' title='bbox 1510 5143 1568 5189; x_wconf 90' lang='lat' dir='ltr'><strong>ut</strong></span> <span class='ocrx_word' id='word_1_436' title='bbox 1594 5134 1758 5189; x_wconf 89' lang='lat' dir='ltr'><strong>multa</strong></span> <span class='ocrx_word' id='word_1_437' title='bbox 1785 5134 2037 5189; x_wconf 89' lang='lat' dir='ltr'><strong>miracula</strong></span> 
     </span>
    </p>
   </div>
   <div class='ocr_carea' id='block_1_55' title="bbox 451 5221 2042 5296">
    <p class='ocr_par' dir='ltr' id='par_1_55' title="bbox 451 5221 2042 5296">
     <span class='ocr_line' id='line_1_55' title="bbox 451 5221 2042 5296; baseline 0.003 -20"><span class='ocrx_word' id='word_1_438' title='bbox 451 5223 654 5290; x_wconf 79' lang='lat' dir='ltr'><strong>ederet,</strong></span> <span class='ocrx_word' id='word_1_439' title='bbox 684 5221 945 5294; x_wconf 69' lang='lat' dir='ltr'><strong>gehennte</strong></span> <span class='ocrx_word' id='word_1_440' title='bbox 970 5223 1382 5279; x_wconf 89' lang='lat' dir='ltr'><strong>comminatione</strong></span> <span class='ocrx_word' id='word_1_441' title='bbox 1408 5226 1614 5292; x_wconf 81' lang='lat' dir='ltr'><strong>terruit,</strong></span> <span class='ocrx_word' id='word_1_442' title='bbox 1640 5226 1787 5296; x_wconf 89' lang='lat' dir='ltr'><strong>regni</strong></span> <span class='ocrx_word' id='word_1_443' title='bbox 1814 5226 2042 5296; x_wconf 88' lang='lat' dir='ltr'><strong>promis-</strong></span> 
     </span>
    </p>
   </div>
   <div class='ocr_carea' id='block_1_56' title="bbox 450 5292 2105 5383">
    <p class='ocr_par' dir='ltr' id='par_1_56' title="bbox 450 5292 2105 5383">
     <span class='ocr_line' id='line_1_56' title="bbox 450 5292 2105 5383; baseline 0.001 -14"><span class='ocrx_word' id='word_1_444' title='bbox 450 5314 603 5371; x_wconf 91' lang='lat' dir='ltr'><strong>sione</strong></span> <span class='ocrx_word' id='word_1_445' title='bbox 631 5314 943 5369; x_wconf 90' lang='lat' dir='ltr'><strong>cohortatus</strong></span> <span class='ocrx_word' id='word_1_446' title='bbox 967 5321 1052 5368; x_wconf 90' lang='lat' dir='ltr'><strong>est</strong></span> <span class='ocrx_word' id='word_1_447' title='bbox 1068 5353 1084 5380; x_wconf 94' lang='lat'><strong>,</strong></span> <span class='ocrx_word' id='word_1_448' title='bbox 1108 5327 1301 5368; x_wconf 90' lang='lat' dir='ltr'><strong>arcana</strong></span> <span class='ocrx_word' id='word_1_449' title='bbox 1328 5314 1442 5383; x_wconf 90' lang='lat' dir='ltr'><strong>ejus</strong></span> <span class='ocrx_word' id='word_1_450' title='bbox 1469 5316 1687 5370; x_wconf 88' lang='lat' dir='ltr'><strong>consilia</strong></span> <span class='ocrx_word' id='word_1_451' title='bbox 1712 5316 1923 5372; x_wconf 89' lang='lat' dir='ltr'><strong>assidue</strong></span> <span class='ocrx_word' id='word_1_452' title='bbox 1951 5331 2039 5370; x_wconf 85' lang='lat' dir='ltr'><strong>ar—</strong></span> <span class='ocrx_word' id='word_1_453' title='bbox 2056 5292 2105 5352; x_wconf 65' lang='grc' dir='ltr'><strong>’Ῡ</strong></span> 
     </span>
    </p>
   </div>
   <div class='ocr_carea' id='block_1_57' title="bbox 449 5406 2040 5481">
    <p class='ocr_par' dir='ltr' id='par_1_57' title="bbox 449 5406 2040 5481">
     <span class='ocr_line' id='line_1_57' title="bbox 449 5406 2040 5481; baseline 0.003 -21"><span class='ocrx_word' id='word_1_454' title='bbox 449 5407 592 5477; x_wconf 88' lang='lat' dir='ltr'><strong>guit,</strong></span> <span class='ocrx_word' id='word_1_455' title='bbox 633 5421 734 5463; x_wconf 88' lang='lat' dir='ltr'><strong>nec</strong></span> <span class='ocrx_word' id='word_1_456' title='bbox 776 5406 1050 5477; x_wconf 84' lang='lat' dir='ltr'><strong>arguendo</strong></span> <span class='ocrx_word' id='word_1_457' title='bbox 1093 5407 1301 5478; x_wconf 89' lang='lat' dir='ltr'><strong>publica</strong></span> <span class='ocrx_word' id='word_1_458' title='bbox 1350 5408 1501 5476; x_wconf 91' lang='lat' dir='ltr'><strong>fecit,</strong></span> <span class='ocrx_word' id='word_1_459' title='bbox 1535 5408 1698 5478; x_wconf 89' lang='lat' dir='ltr'><strong>pedes</strong></span> <span class='ocrx_word' id='word_1_460' title='bbox 1740 5410 1854 5481; x_wconf 87' lang='lat' dir='ltr'><strong>ejus</strong></span> <span class='ocrx_word' id='word_1_461' title='bbox 1895 5420 1951 5464; x_wconf 90' lang='lat' dir='ltr'><strong>ut</strong></span> <span class='ocrx_word' id='word_1_462' title='bbox 1985 5418 2040 5464; x_wconf 93' lang='lat' dir='ltr'><strong>et</strong></span> 
     </span>
    </p>
   </div>
   <div class='ocr_carea' id='block_1_58' title="bbox 449 5498 2033 5571">
    <p class='ocr_par' dir='ltr' id='par_1_58' title="bbox 449 5498 2033 5571">
     <span class='ocr_line' id='line_1_58' title="bbox 449 5498 2033 5571; baseline 0.004 -20"><span class='ocrx_word' id='word_1_463' title='bbox 449 5499 674 5554; x_wconf 84' lang='lat' dir='ltr'><strong>aliorum</strong></span> <span class='ocrx_word' id='word_1_464' title='bbox 715 5498 916 5567; x_wconf 86' lang='lat' dir='ltr'><strong>abluit,</strong></span> <span class='ocrx_word' id='word_1_465' title='bbox 950 5514 1151 5555; x_wconf 81' lang='lat' dir='ltr'><strong>mensae</strong></span> <span class='ocrx_word' id='word_1_466' title='bbox 1176 5507 1231 5554; x_wconf 90' lang='lat' dir='ltr'><strong>et</strong></span> <span class='ocrx_word' id='word_1_467' title='bbox 1255 5499 1493 5556; x_wconf 90' lang='lat' dir='ltr'><strong>ciborum</strong></span> <span class='ocrx_word' id='word_1_468' title='bbox 1526 5501 1835 5571; x_wconf 90' lang='lat' dir='ltr'><strong>participem</strong></span> <span class='ocrx_word' id='word_1_469' title='bbox 1866 5500 1988 5557; x_wconf 90' lang='lat' dir='ltr'><strong>fecit</strong></span> <span class='ocrx_word' id='word_1_470' title='bbox 2018 5520 2033 5558; x_wconf 89' lang='lat'><strong>:</strong></span> 
     </span>
    </p>
   </div>
   <div class='ocr_carea' id='block_1_59' title="bbox 450 5587 2038 5664">
    <p class='ocr_par' dir='ltr' id='par_1_59' title="bbox 450 5587 2038 5664">
     <span class='ocr_line' id='line_1_59' title="bbox 450 5587 2038 5664; baseline 0.004 -21"><span class='ocrx_word' id='word_1_471' title='bbox 450 5587 582 5643; x_wconf 87' lang='lat' dir='ltr'><strong>nihil</strong></span> <span class='ocrx_word' id='word_1_472' title='bbox 607 5599 698 5643; x_wconf 90' lang='lat' dir='ltr'><strong>aut</strong></span> <span class='ocrx_word' id='word_1_473' title='bbox 724 5605 943 5660; x_wconf 90' lang='lat' dir='ltr'><strong>parvum</strong></span> <span class='ocrx_word' id='word_1_474' title='bbox 966 5600 1059 5646; x_wconf 90' lang='lat' dir='ltr'><strong>aut</strong></span> <span class='ocrx_word' id='word_1_475' title='bbox 1086 5607 1337 5662; x_wconf 89' lang='lat' dir='ltr'><strong>magnum</strong></span> <span class='ocrx_word' id='word_1_476' title='bbox 1362 5600 1505 5648; x_wconf 89' lang='lat' dir='ltr'><strong>retro</strong></span> <span class='ocrx_word' id='word_1_477' title='bbox 1527 5592 1737 5664; x_wconf 88' lang='lat' dir='ltr'><strong>reliquit</strong></span> <span class='ocrx_word' id='word_1_478' title='bbox 1762 5612 1776 5649; x_wconf 91' lang='lat'><strong>:</strong></span> <span class='ocrx_word' id='word_1_479' title='bbox 1800 5593 1890 5649; x_wconf 90' lang='lat' dir='ltr'><strong>ille</strong></span> <span class='ocrx_word' id='word_1_480' title='bbox 1912 5610 2038 5650; x_wconf 89' lang='lat' dir='ltr'><strong>vero</strong></span> 
     </span>
    </p>
   </div>
   <div class='ocr_carea' id='block_1_60' title="bbox 450 5678 2030 5753">
    <p class='ocr_par' dir='ltr' id='par_1_60' title="bbox 450 5678 2030 5753">
     <span class='ocr_line' id='line_1_60' title="bbox 450 5678 2030 5753; baseline 0.003 -17"><span class='ocrx_word' id='word_1_481' title='bbox 450 5678 624 5736; x_wconf 85' lang='lat' dir='ltr'><strong>libens</strong></span> <span class='ocrx_word' id='word_1_482' title='bbox 667 5680 782 5735; x_wconf 90' lang='lat' dir='ltr'><strong>sine</strong></span> <span class='ocrx_word' id='word_1_483' title='bbox 820 5683 1193 5740; x_wconf 85' lang='lat' dir='ltr'><strong>emendatione</strong></span> <span class='ocrx_word' id='word_1_484' title='bbox 1234 5685 1446 5741; x_wconf 85' lang='lat' dir='ltr'><strong>mansit.</strong></span> <span class='ocrx_word' id='word_1_485' title='bbox 1484 5685 1547 5741; x_wconf 80' lang='lat' dir='ltr'><strong>Et</strong></span> <span class='ocrx_word' id='word_1_486' title='bbox 1580 5693 1635 5741; x_wconf 91' lang='lat' dir='ltr'><strong>ut</strong></span> <span class='ocrx_word' id='word_1_487' title='bbox 1669 5686 1840 5744; x_wconf 84' lang='lat' dir='ltr'><strong>discas</strong></span> <span class='ocrx_word' id='word_1_488' title='bbox 1866 5702 1990 5741; x_wconf 90' lang='lat' dir='ltr'><strong>cum</strong></span> <span class='ocrx_word' id='word_1_489' title='bbox 2015 5726 2030 5753; x_wconf 93' lang='lat'><strong>,</strong></span> 
     </span>
    </p>
   </div>
   <div class='ocr_carea' id='block_1_61' title="bbox 1201 266 3016 330">
    <p class='ocr_par' dir='ltr' id='par_1_61' title="bbox 1201 266 3016 330">
     <span class='ocr_line' id='line_1_61' title="bbox 1201 266 3016 330; baseline -0.002 -5"><span class='ocrx_word' id='word_1_490' title='bbox 1201 271 1258 325; x_wconf 80' lang='lat' dir='ltr'><strong>S.</strong></span> <span class='ocrx_word' id='word_1_491' title='bbox 1301 271 1575 328; x_wconf 70' lang='lat' dir='ltr'><strong>JOANNIS</strong></span> <span class='ocrx_word' id='word_1_492' title='bbox 1609 269 2087 328; x_wconf 76' lang='lat' dir='ltr'><strong>CHRVSOSTOMI</strong></span> <span class='ocrx_word' id='word_1_493' title='bbox 2128 266 2440 330; x_wconf 75' lang='lat' dir='ltr'><strong>ARClllEP.</strong></span> <span class='ocrx_word' id='word_1_494' title='bbox 2481 266 3016 323; x_wconf 65' lang='lat' dir='ltr'><strong>CONSTANTINOP.</strong></span> 
     </span>
    </p>
   </div>
   <div class='ocr_carea' id='block_1_62' title="bbox 3638 259 3737 315">
    <p class='ocr_par' dir='ltr' id='par_1_62' title="bbox 3638 259 3737 315">
     <span class='ocr_line' id='line_1_62' title="bbox 3638 259 3737 315; baseline 0 0"><span class='ocrx_word' id='word_1_495' title='bbox 3638 259 3737 315; x_wconf 65' lang='grc' dir='ltr'><strong>εἰς</strong></span> 
     </span>
    </p>
   </div>
   <div class='ocr_carea' id='block_1_63' title="bbox 2131 378 3741 455">
    <p class='ocr_par' dir='ltr' id='par_1_63' title="bbox 2131 378 3741 455">
     <span class='ocr_line' id='line_1_63' title="bbox 2131 378 3741 455; baseline -0.006 -15"><span class='ocrx_word' id='word_1_496' title='bbox 2131 399 2252 440; x_wconf 92' lang='lat' dir='ltr'><strong>cum</strong></span> <span class='ocrx_word' id='word_1_497' title='bbox 2282 383 2474 440; x_wconf 81' lang='lat' dir='ltr'><strong>mutari</strong></span> <span class='ocrx_word' id='word_1_498' title='bbox 2503 391 2702 455; x_wconf 89' lang='lat' dir='ltr'><strong>posset,</strong></span> <span class='ocrx_word' id='word_1_499' title='bbox 2729 382 2987 451; x_wconf 85' lang='lat' dir='ltr'><strong>noluisse,</strong></span> <span class='ocrx_word' id='word_1_500' title='bbox 3012 380 3106 437; x_wconf 90' lang='lat' dir='ltr'><strong>sed</strong></span> <span class='ocrx_word' id='word_1_501' title='bbox 3131 395 3198 437; x_wconf 81' lang='lat' dir='ltr'><strong>ex</strong></span> <span class='ocrx_word' id='word_1_502' title='bbox 3236 380 3354 451; x_wconf 90' lang='lat' dir='ltr'><strong>ejus</strong></span> <span class='ocrx_word' id='word_1_503' title='bbox 3386 378 3632 449; x_wconf 80' lang='lat' dir='ltr'><strong>segnitie</strong></span> <span class='ocrx_word' id='word_1_504' title='bbox 3663 390 3741 431; x_wconf 64' lang='lat' dir='ltr'><strong>to-</strong></span> 
     </span>
    </p>
   </div>
   <div class='ocr_carea' id='block_1_64' title="bbox 2130 471 3738 546">
    <p class='ocr_par' dir='ltr' id='par_1_64' title="bbox 2130 471 3738 546">
     <span class='ocr_line' id='line_1_64' title="bbox 2130 471 3738 546; baseline -0.006 -15"><span class='ocrx_word' id='word_1_505' title='bbox 2130 485 2242 531; x_wconf 92' lang='lat' dir='ltr'><strong>tum</strong></span> <span class='ocrx_word' id='word_1_506' title='bbox 2290 475 2590 546; x_wconf 88' lang='lat' dir='ltr'><strong>prodiisse,</strong></span> <span class='ocrx_word' id='word_1_507' title='bbox 2634 475 2778 530; x_wconf 87' lang='lat' dir='ltr'><strong>audi.</strong></span> <span class='ocrx_word' id='word_1_508' title='bbox 2821 474 2955 529; x_wconf 83' lang='lat' dir='ltr'><strong>Cum</strong></span> <span class='ocrx_word' id='word_1_509' title='bbox 2999 472 3142 529; x_wconf 92' lang='lat' dir='ltr'><strong>enim</strong></span> <span class='ocrx_word' id='word_1_510' title='bbox 3185 471 3523 543; x_wconf 87' lang='lat' dir='ltr'><strong>prodidisset</strong></span> <span class='ocrx_word' id='word_1_511' title='bbox 3575 486 3738 528; x_wconf 85' lang='lat' dir='ltr'><strong>eum.</strong></span> 
     </span>
    </p>
   </div>
   <div class='ocr_carea' id='block_1_65' title="bbox 2130 562 3745 636">
    <p class='ocr_par' dir='ltr' id='par_1_65' title="bbox 2130 562 3745 636">
     <span class='ocr_line' id='line_1_65' title="bbox 2130 562 3745 636; baseline -0.006 -15"><span class='ocrx_word' id='word_1_512' title='bbox 2130 566 2354 636; x_wconf 87' lang='lat' dir='ltr'><strong>projeeit</strong></span> <span class='ocrx_word' id='word_1_513' title='bbox 2396 566 2609 636; x_wconf 85' lang='lat' dir='ltr'><strong>triginta</strong></span> <span class='ocrx_word' id='word_1_514' title='bbox 2650 573 2962 634; x_wconf 87' lang='lat' dir='ltr'><strong>argenteos,</strong></span> <span class='ocrx_word' id='word_1_515' title='bbox 3005 573 3059 619; x_wconf 84' lang='lat' dir='ltr'><strong>et</strong></span> <span class='ocrx_word' id='word_1_516' title='bbox 3099 563 3171 619; x_wconf 87' lang='lat' dir='ltr'><strong>ait</strong></span> <span class='ocrx_word' id='word_1_517' title='bbox 3206 582 3219 618; x_wconf 90' lang='lat'>:</span> <span class='ocrx_word' id='word_1_518' title='bbox 3261 562 3488 618; x_wconf 81' lang='lat' dir='ltr'><strong>Peccavi</strong></span> <span class='ocrx_word' id='word_1_519' title='bbox 3532 563 3745 614; x_wconf 64' lang='lat' dir='ltr'><strong>vadens</strong></span> 
     </span>
    </p>
   </div>
   <div class='ocr_carea' id='block_1_66' title="bbox 2129 652 3827 727">
    <p class='ocr_par' dir='ltr' id='par_1_66' title="bbox 2129 652 3827 727">
     <span class='ocr_line' id='line_1_66' title="bbox 2129 652 3827 727; baseline -0.005 -17"><span class='ocrx_word' id='word_1_520' title='bbox 2129 657 2421 727; x_wconf 84' lang='lat' dir='ltr'><strong>sanguinem</strong></span> <span class='ocrx_word' id='word_1_521' title='bbox 2460 656 2658 727; x_wconf 85' lang='lat' dir='ltr'><strong>justum</strong></span> <span class='ocrx_word' id='word_1_522' title='bbox 2697 653 2917 723; x_wconf 79' lang='lat' dir='ltr'><strong>(Matth.</strong></span> <span class='ocrx_word' id='word_1_523' title='bbox 2958 654 3048 708; x_wconf 72' lang='lat'><strong>27.</strong></span> <span class='ocrx_word' id='word_1_524' title='bbox 3091 654 3166 724; x_wconf 72' lang='grc'><strong>4).</strong></span> <span class='ocrx_word' id='word_1_525' title='bbox 3199 652 3344 723; x_wconf 86' lang='lat' dir='ltr'><strong>Quid</strong></span> <span class='ocrx_word' id='word_1_526' title='bbox 3367 652 3474 706; x_wconf 86' lang='lat' dir='ltr'><strong>hoc</strong></span> <span class='ocrx_word' id='word_1_527' title='bbox 3506 653 3595 707; x_wconf 80' lang='lat' dir='ltr'><strong>rei</strong></span> <span class='ocrx_word' id='word_1_528' title='bbox 3624 654 3743 705; x_wconf 71' lang='lat' dir='ltr'><strong>cst?</strong></span> <span class='ocrx_word' id='word_1_529' title='bbox 3826 708 3827 727; x_wconf 17' lang='grc' dir='ltr'>ξ</span> 
     </span>
    </p>
   </div>
   <div class='ocr_carea' id='block_1_67' title="bbox 2131 722 3828 815">
    <p class='ocr_par' dir='ltr' id='par_1_67' title="bbox 2131 722 3828 815">
     <span class='ocr_line' id='line_1_67' title="bbox 2131 722 3828 815; baseline -0.003 -14"><span class='ocrx_word' id='word_1_530' title='bbox 2131 746 2262 802; x_wconf 91' lang='lat' dir='ltr'><strong>Cum</strong></span> <span class='ocrx_word' id='word_1_531' title='bbox 2291 746 2542 800; x_wconf 88' lang='lat' dir='ltr'><strong>miracula</strong></span> <span class='ocrx_word' id='word_1_532' title='bbox 2575 755 2870 815; x_wconf 89' lang='lat' dir='ltr'><strong>patrantcm</strong></span> <span class='ocrx_word' id='word_1_533' title='bbox 2897 745 3107 800; x_wconf 83' lang='lat' dir='ltr'><strong>videres</strong></span> <span class='ocrx_word' id='word_1_534' title='bbox 3126 786 3140 807; x_wconf 88' lang='lat'><strong>,</strong></span> <span class='ocrx_word' id='word_1_535' title='bbox 3170 760 3278 800; x_wconf 92' lang='lat' dir='ltr'><strong>non</strong></span> <span class='ocrx_word' id='word_1_536' title='bbox 3314 744 3576 805; x_wconf 80' lang='lat' dir='ltr'><strong>dicebas,</strong></span> <span class='ocrx_word' id='word_1_537' title='bbox 3605 741 3740 797; x_wconf 80' lang='lat' dir='ltr'><strong>Pcc-</strong></span> <span class='ocrx_word' id='word_1_538' title='bbox 3820 722 3828 742; x_wconf 52' lang='grc'><em>⁴</em></span> 
     </span>
    </p>
   </div>
   <div class='ocr_carea' id='block_1_68' title="bbox 2131 837 3740 909">
    <p class='ocr_par' dir='ltr' id='par_1_68' title="bbox 2131 837 3740 909">
     <span class='ocr_line' id='line_1_68' title="bbox 2131 837 3740 909; baseline -0.001 -18"><span class='ocrx_word' id='word_1_539' title='bbox 2131 838 2242 891; x_wconf 72' lang='lat' dir='ltr'><strong>cari</strong></span> <span class='ocrx_word' id='word_1_540' title='bbox 2269 837 2470 892; x_wconf 85' lang='lat' dir='ltr'><strong>tradens</strong></span> <span class='ocrx_word' id='word_1_541' title='bbox 2506 837 2804 907; x_wconf 80' lang='lat' dir='ltr'><strong>sanguinem</strong></span> <span class='ocrx_word' id='word_1_542' title='bbox 2837 839 3073 909; x_wconf 81' lang='lat' dir='ltr'><strong>justum;</strong></span> <span class='ocrx_word' id='word_1_543' title='bbox 3100 837 3194 893; x_wconf 91' lang='lat' dir='ltr'><strong>sed</strong></span> <span class='ocrx_word' id='word_1_544' title='bbox 3215 879 3228 896; x_wconf 81' lang='grc'>,</span> <span class='ocrx_word' id='word_1_545' title='bbox 3261 837 3401 904; x_wconf 84' lang='lat' dir='ltr'><strong>Quid</strong></span> <span class='ocrx_word' id='word_1_546' title='bbox 3432 837 3595 891; x_wconf 75' lang='lat' dir='ltr'><strong>vultis</strong></span> <span class='ocrx_word' id='word_1_547' title='bbox 3618 838 3740 889; x_wconf 67' lang='grc' dir='ltr'><strong><em>ιπιίἡὶ</em></strong></span> 
     </span>
    </p>
   </div>
   <div class='ocr_carea' id='block_1_69' title="bbox 2132 927 3736 1000">
    <p class='ocr_par' dir='ltr' id='par_1_69' title="bbox 2132 927 3736 1000">
     <span class='ocr_line' id='line_1_69' title="bbox 2132 927 3736 1000; baseline -0.001 -18"><span class='ocrx_word' id='word_1_548' title='bbox 2132 929 2284 995; x_wconf 84' lang='lat' dir='ltr'><strong>dare,</strong></span> <span class='ocrx_word' id='word_1_549' title='bbox 2328 939 2373 982; x_wconf 88' lang='lat' dir='ltr'><strong>et</strong></span> <span class='ocrx_word' id='word_1_550' title='bbox 2417 944 2507 1000; x_wconf 87' lang='lat' dir='ltr'><strong>ego</strong></span> <span class='ocrx_word' id='word_1_551' title='bbox 2552 929 2687 983; x_wconf 89' lang='lat' dir='ltr'><strong>vobis</strong></span> <span class='ocrx_word' id='word_1_552' title='bbox 2724 929 2922 983; x_wconf 83' lang='lat' dir='ltr'><strong>trudam</strong></span> <span class='ocrx_word' id='word_1_553' title='bbox 2964 929 3119 983; x_wconf 75' lang='lat' dir='ltr'><strong>cuin?</strong></span> <span class='ocrx_word' id='word_1_554' title='bbox 3161 927 3260 985; x_wconf 85' lang='lat' dir='ltr'><strong>Ubi</strong></span> <span class='ocrx_word' id='word_1_555' title='bbox 3303 939 3485 983; x_wconf 79' lang='lat' dir='ltr'><strong>autem</strong></span> <span class='ocrx_word' id='word_1_556' title='bbox 3533 929 3736 982; x_wconf 86' lang='lat' dir='ltr'><strong>malum</strong></span> 
     </span>
    </p>
   </div>
   <div class='ocr_carea' id='block_1_70' title="bbox 2134 1019 3726 1089">
    <p class='ocr_par' dir='ltr' id='par_1_70' title="bbox 2134 1019 3726 1089">
     <span class='ocr_line' id='line_1_70' title="bbox 2134 1019 3726 1089; baseline -0.001 -17"><span class='ocrx_word' id='word_1_557' title='bbox 2134 1019 2353 1074; x_wconf 91' lang='lat' dir='ltr'><strong>ulterius</strong></span> <span class='ocrx_word' id='word_1_558' title='bbox 2382 1019 2659 1089; x_wconf 86' lang='lat' dir='ltr'><strong>processit,</strong></span> <span class='ocrx_word' id='word_1_559' title='bbox 2690 1029 2744 1074; x_wconf 90' lang='lat' dir='ltr'><strong>et</strong></span> <span class='ocrx_word' id='word_1_560' title='bbox 2772 1019 3002 1089; x_wconf 89' lang='lat' dir='ltr'><strong>proditio</strong></span> <span class='ocrx_word' id='word_1_561' title='bbox 3032 1019 3192 1074; x_wconf 86' lang='lat' dir='ltr'><strong>finem</strong></span> <span class='ocrx_word' id='word_1_562' title='bbox 3230 1020 3423 1074; x_wconf 90' lang='lat' dir='ltr'><strong>sortita</strong></span> <span class='ocrx_word' id='word_1_563' title='bbox 3452 1028 3562 1080; x_wconf 88' lang='lat' dir='ltr'><strong>est.</strong></span> <span class='ocrx_word' id='word_1_564' title='bbox 3597 1035 3726 1089; x_wconf 78' lang='lat' dir='ltr'><strong>pec-</strong></span> 
     </span>
    </p>
   </div>
   <div class='ocr_carea' id='block_1_71' title="bbox 2134 1112 3734 1180">
    <p class='ocr_par' dir='ltr' id='par_1_71' title="bbox 2134 1112 3734 1180">
     <span class='ocr_line' id='line_1_71' title="bbox 2134 1112 3734 1180; baseline -0.003 -14"><span class='ocrx_word' id='word_1_565' title='bbox 2134 1121 2417 1180; x_wconf 87' lang='lat' dir='ltr'><strong>catumque</strong></span> <span class='ocrx_word' id='word_1_566' title='bbox 2442 1119 2865 1166; x_wconf 87' lang='lat' dir='ltr'><strong>consummatum</strong></span> <span class='ocrx_word' id='word_1_567' title='bbox 2892 1120 3009 1176; x_wconf 88' lang='lat' dir='ltr'><strong>est,</strong></span> <span class='ocrx_word' id='word_1_568' title='bbox 3039 1120 3162 1166; x_wconf 93' lang='lat' dir='ltr'><strong>tunc</strong></span> <span class='ocrx_word' id='word_1_569' title='bbox 3190 1119 3470 1180; x_wconf 83' lang='lat' dir='ltr'><strong>peccatum</strong></span> <span class='ocrx_word' id='word_1_570' title='bbox 3507 1112 3734 1180; x_wconf 82' lang='lat' dir='ltr'><strong>agnovi-</strong></span> 
     </span>
    </p>
   </div>
   <div class='ocr_carea' id='block_1_72' title="bbox 2135 1202 3733 1273">
    <p class='ocr_par' dir='ltr' id='par_1_72' title="bbox 2135 1202 3733 1273">
     <span class='ocr_line' id='line_1_72' title="bbox 2135 1202 3733 1273; baseline -0.002 -15"><span class='ocrx_word' id='word_1_571' title='bbox 2135 1203 2220 1258; x_wconf 82' lang='lat' dir='ltr'><strong>Sti.</strong></span> <span class='ocrx_word' id='word_1_572' title='bbox 2252 1202 2388 1270; x_wconf 91' lang='lat' dir='ltr'><strong>Quid</strong></span> <span class='ocrx_word' id='word_1_573' title='bbox 2420 1203 2579 1273; x_wconf 84' lang='lat' dir='ltr'><strong>igitur</strong></span> <span class='ocrx_word' id='word_1_574' title='bbox 2619 1203 2743 1258; x_wconf 91' lang='lat' dir='ltr'><strong>hinc</strong></span> <span class='ocrx_word' id='word_1_575' title='bbox 2782 1202 3069 1258; x_wconf 86' lang='lat' dir='ltr'><strong>discimus?</strong></span> <span class='ocrx_word' id='word_1_576' title='bbox 3111 1203 3373 1258; x_wconf 85' lang='lat' dir='ltr'><strong>Nimirum</strong></span> <span class='ocrx_word' id='word_1_577' title='bbox 3418 1202 3640 1273; x_wconf 88' lang='lat' dir='ltr'><strong>quando</strong></span> <span class='ocrx_word' id='word_1_578' title='bbox 3686 1204 3733 1255; x_wconf 88' lang='lat' dir='ltr'><strong>in</strong></span> 
     </span>
    </p>
   </div>
   <div class='ocr_carea' id='block_1_73' title="bbox 2138 1293 3728 1366">
    <p class='ocr_par' dir='ltr' id='par_1_73' title="bbox 2138 1293 3728 1366">
     <span class='ocr_line' id='line_1_73' title="bbox 2138 1293 3728 1366; baseline -0.003 -17"><span class='ocrx_word' id='word_1_579' title='bbox 2138 1295 2364 1366; x_wconf 81' lang='lat' dir='ltr'><strong>segnitie</strong></span> <span class='ocrx_word' id='word_1_580' title='bbox 2401 1294 2644 1366; x_wconf 90' lang='lat' dir='ltr'><strong>degimus</strong></span> <span class='ocrx_word' id='word_1_581' title='bbox 2670 1336 2684 1360; x_wconf 90' lang='lat'><strong>,</strong></span> <span class='ocrx_word' id='word_1_582' title='bbox 2726 1294 2858 1350; x_wconf 84' lang='lat' dir='ltr'><strong>nihil</strong></span> <span class='ocrx_word' id='word_1_583' title='bbox 2899 1310 2996 1350; x_wconf 90' lang='lat' dir='ltr'><strong>nos</strong></span> <span class='ocrx_word' id='word_1_584' title='bbox 3038 1293 3465 1349; x_wconf 87' lang='lat' dir='ltr'><strong>admonitionem</strong></span> <span class='ocrx_word' id='word_1_585' title='bbox 3506 1293 3728 1362; x_wconf 79' lang='lat' dir='ltr'><strong>juvarc;</strong></span> 
     </span>
    </p>
   </div>
   <div class='ocr_carea' id='block_1_74' title="bbox 2138 1386 3732 1461">
    <p class='ocr_par' dir='ltr' id='par_1_74' title="bbox 2138 1386 3732 1461">
     <span class='ocr_line' id='line_1_74' title="bbox 2138 1386 3732 1461; baseline -0.002 -20"><span class='ocrx_word' id='word_1_586' title='bbox 2138 1389 2351 1461; x_wconf 85' lang='lat' dir='ltr'><strong>quando</strong></span> <span class='ocrx_word' id='word_1_587' title='bbox 2391 1397 2569 1445; x_wconf 86' lang='lat' dir='ltr'><strong>autem</strong></span> <span class='ocrx_word' id='word_1_588' title='bbox 2611 1388 2849 1444; x_wconf 86' lang='lat' dir='ltr'><strong>studiose</strong></span> <span class='ocrx_word' id='word_1_589' title='bbox 2886 1388 3129 1458; x_wconf 89' lang='lat' dir='ltr'><strong>agimus,</strong></span> <span class='ocrx_word' id='word_1_590' title='bbox 3161 1387 3321 1442; x_wconf 88' lang='lat' dir='ltr'><strong>etiam</strong></span> <span class='ocrx_word' id='word_1_591' title='bbox 3361 1401 3390 1439; x_wconf 90' lang='lat' dir='ltr'><strong>a</strong></span> <span class='ocrx_word' id='word_1_592' title='bbox 3434 1386 3732 1439; x_wconf 67' lang='lat' dir='ltr'><strong>nobismet-</strong></span> 
     </span>
    </p>
   </div>
   <div class='ocr_carea' id='block_1_75' title="bbox 2139 1475 3732 1551">
    <p class='ocr_par' dir='ltr' id='par_1_75' title="bbox 2139 1475 3732 1551">
     <span class='ocr_line' id='line_1_75' title="bbox 2139 1475 3732 1551; baseline -0.004 -17"><span class='ocrx_word' id='word_1_593' title='bbox 2139 1476 2267 1551; x_wconf 81' lang='lat' dir='ltr'><strong>ipsis</strong></span> <span class='ocrx_word' id='word_1_594' title='bbox 2308 1494 2406 1535; x_wconf 92' lang='lat' dir='ltr'><strong>nos</strong></span> <span class='ocrx_word' id='word_1_595' title='bbox 2446 1480 2654 1549; x_wconf 89' lang='lat' dir='ltr'><strong>erigere</strong></span> <span class='ocrx_word' id='word_1_596' title='bbox 2693 1492 2870 1548; x_wconf 89' lang='lat' dir='ltr'><strong>posse.</strong></span> <span class='ocrx_word' id='word_1_597' title='bbox 2912 1477 3353 1548; x_wconf 84' lang='lat' dir='ltr'><strong>Quandoquidem</strong></span> <span class='ocrx_word' id='word_1_598' title='bbox 3391 1485 3446 1532; x_wconf 92' lang='lat' dir='ltr'><strong>et</strong></span> <span class='ocrx_word' id='word_1_599' title='bbox 3490 1475 3584 1530; x_wconf 85' lang='lat' dir='ltr'><strong>hic</strong></span> <span class='ocrx_word' id='word_1_600' title='bbox 3618 1491 3732 1530; x_wconf 84' lang='lat' dir='ltr'><strong>cum</strong></span> 
     </span>
    </p>
   </div>
   <div class='ocr_carea' id='block_1_76' title="bbox 2140 1568 3763 1640">
    <p class='ocr_par' dir='ltr' id='par_1_76' title="bbox 2140 1568 3763 1640">
     <span class='ocr_line' id='line_1_76' title="bbox 2140 1568 3763 1640; baseline -0.003 -14"><span class='ocrx_word' id='word_1_601' title='bbox 2140 1573 2392 1640; x_wconf 80' lang='lat' dir='ltr'><strong>magister</strong></span> <span class='ocrx_word' id='word_1_602' title='bbox 2427 1570 2774 1636; x_wconf 88' lang='lat' dir='ltr'><strong>admoneret,</strong></span> <span class='ocrx_word' id='word_1_603' title='bbox 2807 1584 2910 1623; x_wconf 92' lang='lat' dir='ltr'><strong>non</strong></span> <span class='ocrx_word' id='word_1_604' title='bbox 2951 1569 3183 1635; x_wconf 83' lang='lat' dir='ltr'><strong>audivit;</strong></span> <span class='ocrx_word' id='word_1_605' title='bbox 3218 1584 3341 1623; x_wconf 89' lang='lat' dir='ltr'><strong>cum</strong></span> <span class='ocrx_word' id='word_1_606' title='bbox 3380 1583 3519 1623; x_wconf 91' lang='lat' dir='ltr'><strong>vero</strong></span> <span class='ocrx_word' id='word_1_607' title='bbox 3566 1568 3763 1637; x_wconf 63' lang='lat' dir='ltr'><strong>nullus</strong></span> 
     </span>
    </p>
   </div>
   <div class='ocr_carea' id='block_1_77' title="bbox 2141 1661 3737 1732">
    <p class='ocr_par' dir='ltr' id='par_1_77' title="bbox 2141 1661 3737 1732">
     <span class='ocr_line' id='line_1_77' title="bbox 2141 1661 3737 1732; baseline -0.004 -16"><span class='ocrx_word' id='word_1_608' title='bbox 2141 1673 2403 1727; x_wconf 85' lang='lat' dir='ltr'><strong>moneret,</strong></span> <span class='ocrx_word' id='word_1_609' title='bbox 2433 1663 2548 1732; x_wconf 88' lang='lat' dir='ltr'><strong>ejus</strong></span> <span class='ocrx_word' id='word_1_610' title='bbox 2576 1662 2789 1732; x_wconf 87' lang='lat' dir='ltr'><strong>propria</strong></span> <span class='ocrx_word' id='word_1_611' title='bbox 2822 1661 3145 1715; x_wconf 88' lang='lat' dir='ltr'><strong>conscientia</strong></span> <span class='ocrx_word' id='word_1_612' title='bbox 3183 1670 3460 1714; x_wconf 88' lang='lat' dir='ltr'><strong>commota</strong></span> <span class='ocrx_word' id='word_1_613' title='bbox 3489 1666 3619 1723; x_wconf 89' lang='lat' dir='ltr'><strong>est;</strong></span> <span class='ocrx_word' id='word_1_614' title='bbox 3652 1674 3737 1711; x_wconf 84' lang='lat' dir='ltr'><strong>ne-</strong></span> 
     </span>
    </p>
   </div>
   <div class='ocr_carea' id='block_1_78' title="bbox 2142 1749 3739 1823">
    <p class='ocr_par' dir='ltr' id='par_1_78' title="bbox 2142 1749 3739 1823">
     <span class='ocr_line' id='line_1_78' title="bbox 2142 1749 3739 1823; baseline -0.004 -16"><span class='ocrx_word' id='word_1_615' title='bbox 2142 1753 2388 1823; x_wconf 87' lang='lat' dir='ltr'><strong>mincque</strong></span> <span class='ocrx_word' id='word_1_616' title='bbox 2416 1752 2638 1808; x_wconf 88' lang='lat' dir='ltr'><strong>doctore</strong></span> <span class='ocrx_word' id='word_1_617' title='bbox 2667 1766 2786 1808; x_wconf 89' lang='lat' dir='ltr'><strong>sese</strong></span> <span class='ocrx_word' id='word_1_618' title='bbox 2815 1752 3075 1818; x_wconf 87' lang='lat' dir='ltr'><strong>mutavit,</strong></span> <span class='ocrx_word' id='word_1_619' title='bbox 3103 1750 3306 1805; x_wconf 87' lang='lat' dir='ltr'><strong>facinus</strong></span> <span class='ocrx_word' id='word_1_620' title='bbox 3332 1765 3494 1805; x_wconf 89' lang='lat' dir='ltr'><strong>suum</strong></span> <span class='ocrx_word' id='word_1_621' title='bbox 3520 1749 3739 1803; x_wconf 87' lang='lat' dir='ltr'><strong>damna-</strong></span> 
     </span>
    </p>
   </div>
   <div class='ocr_carea' id='block_1_79' title="bbox 2143 1840 3737 1912">
    <p class='ocr_par' dir='ltr' id='par_1_79' title="bbox 2143 1840 3737 1912">
     <span class='ocr_line' id='line_1_79' title="bbox 2143 1840 3737 1912; baseline -0.002 -18"><span class='ocrx_word' id='word_1_622' title='bbox 2143 1844 2235 1908; x_wconf 88' lang='lat' dir='ltr'><strong>vit,</strong></span> <span class='ocrx_word' id='word_1_623' title='bbox 2268 1844 2479 1911; x_wconf 88' lang='lat' dir='ltr'><strong>triginta</strong></span> <span class='ocrx_word' id='word_1_624' title='bbox 2505 1851 2788 1911; x_wconf 82' lang='lat' dir='ltr'><strong>argenteos</strong></span> <span class='ocrx_word' id='word_1_625' title='bbox 2820 1842 3063 1912; x_wconf 74' lang='lat' dir='ltr'><strong>proiecit.</strong></span> <span class='ocrx_word' id='word_1_626' title='bbox 3095 1841 3231 1909; x_wconf 85' lang='lat' dir='ltr'><strong>Quid</strong></span> <span class='ocrx_word' id='word_1_627' title='bbox 3258 1842 3408 1895; x_wconf 82' lang='lat' dir='ltr'><strong>vultis</strong></span> <span class='ocrx_word' id='word_1_628' title='bbox 3439 1840 3573 1893; x_wconf 83' lang='lat' dir='ltr'><strong>mihi</strong></span> <span class='ocrx_word' id='word_1_629' title='bbox 3599 1840 3737 1899; x_wconf 78' lang='lat' dir='ltr'><strong>dare,</strong></span> 
     </span>
    </p>
   </div>
   <div class='ocr_carea' id='block_1_80' title="bbox 2140 1930 3739 2003">
    <p class='ocr_par' dir='ltr' id='par_1_80' title="bbox 2140 1930 3739 2003">
     <span class='ocr_line' id='line_1_80' title="bbox 2140 1930 3739 2003; baseline -0.004 -16"><span class='ocrx_word' id='word_1_630' title='bbox 2140 1943 2187 1987; x_wconf 88' lang='lat' dir='ltr'><strong>et</strong></span> <span class='ocrx_word' id='word_1_631' title='bbox 2214 1950 2302 2003; x_wconf 84' lang='lat' dir='ltr'><strong>ego</strong></span> <span class='ocrx_word' id='word_1_632' title='bbox 2328 1932 2463 1986; x_wconf 88' lang='lat' dir='ltr'><strong>vobis</strong></span> <span class='ocrx_word' id='word_1_633' title='bbox 2501 1933 2699 1986; x_wconf 86' lang='lat' dir='ltr'><strong>tradam</strong></span> <span class='ocrx_word' id='word_1_634' title='bbox 2728 1932 2884 1985; x_wconf 88' lang='lat' dir='ltr'><strong>eum?</strong></span> <span class='ocrx_word' id='word_1_635' title='bbox 2911 1930 2978 1985; x_wconf 86' lang='lat' dir='ltr'><strong>Et</strong></span> <span class='ocrx_word' id='word_1_636' title='bbox 3007 1931 3372 1985; x_wconf 86' lang='lat' dir='ltr'><strong>constituerunt</strong></span> <span class='ocrx_word' id='word_1_637' title='bbox 3409 1931 3460 1983; x_wconf 87' lang='lat' dir='ltr'><strong>ei</strong></span> <span class='ocrx_word' id='word_1_638' title='bbox 3476 1971 3492 1997; x_wconf 94' lang='lat'><strong>,</strong></span> <span class='ocrx_word' id='word_1_639' title='bbox 3536 1930 3739 1999; x_wconf 88' lang='lat' dir='ltr'><strong>inquit,</strong></span> 
     </span>
    </p>
   </div>
   <div class='ocr_carea' id='block_1_81' title="bbox 2143 2022 3740 2094">
    <p class='ocr_par' dir='ltr' id='par_1_81' title="bbox 2143 2022 3740 2094">
     <span class='ocr_line' id='line_1_81' title="bbox 2143 2022 3740 2094; baseline -0.001 -16"><span class='ocrx_word' id='word_1_640' title='bbox 2143 2025 2346 2094; x_wconf 80' lang='lat' dir='ltr'><strong>triginta</strong></span> <span class='ocrx_word' id='word_1_641' title='bbox 2387 2032 2668 2093; x_wconf 82' lang='lat' dir='ltr'><strong>argenteos.</strong></span> <span class='ocrx_word' id='word_1_642' title='bbox 2718 2022 2954 2078; x_wconf 86' lang='lat' dir='ltr'><strong>Pretium</strong></span> <span class='ocrx_word' id='word_1_643' title='bbox 3003 2030 3419 2078; x_wconf 85' lang='lat' dir='ltr'><strong>numeravcrunt</strong></span> <span class='ocrx_word' id='word_1_644' title='bbox 3463 2022 3740 2092; x_wconf 82' lang='lat' dir='ltr'><strong>sanguinis</strong></span> 
     </span>
    </p>
   </div>
   <div class='ocr_carea' id='block_1_82' title="bbox 2143 2115 3740 2188">
    <p class='ocr_par' dir='ltr' id='par_1_82' title="bbox 2143 2115 3740 2188">
     <span class='ocr_line' id='line_1_82' title="bbox 2143 2115 3740 2188; baseline -0.003 -16"><span class='ocrx_word' id='word_1_645' title='bbox 2143 2118 2367 2188; x_wconf 79' lang='lat' dir='ltr'><strong>pretium</strong></span> <span class='ocrx_word' id='word_1_646' title='bbox 2394 2132 2501 2171; x_wconf 92' lang='lat' dir='ltr'><strong>non</strong></span> <span class='ocrx_word' id='word_1_647' title='bbox 2530 2116 2796 2171; x_wconf 90' lang='lat' dir='ltr'><strong>habentis.</strong></span> <span class='ocrx_word' id='word_1_648' title='bbox 2825 2115 2934 2170; x_wconf 90' lang='lat' dir='ltr'><strong>Cur</strong></span> <span class='ocrx_word' id='word_1_649' title='bbox 2960 2115 3157 2185; x_wconf 89' lang='lat' dir='ltr'><strong>accipis</strong></span> <span class='ocrx_word' id='word_1_650' title='bbox 3185 2115 3397 2185; x_wconf 84' lang='lat' dir='ltr'><strong>triginta</strong></span> <span class='ocrx_word' id='word_1_651' title='bbox 3431 2124 3740 2184; x_wconf 84' lang='lat' dir='ltr'><strong>argenteos.</strong></span> 
     </span>
    </p>
   </div>
   <div class='ocr_carea' id='block_1_83' title="bbox 2144 2203 3741 2275">
    <p class='ocr_par' dir='ltr' id='par_1_83' title="bbox 2144 2203 3741 2275">
     <span class='ocr_line' id='line_1_83' title="bbox 2144 2203 3741 2275; baseline -0.003 -15"><span class='ocrx_word' id='word_1_652' title='bbox 2144 2225 2176 2260; x_wconf 83' lang='grc' dir='ltr'>ο</span> <span class='ocrx_word' id='word_1_653' title='bbox 2201 2206 2402 2260; x_wconf 74' lang='lat' dir='ltr'><strong>ludas?</strong></span> <span class='ocrx_word' id='word_1_654' title='bbox 2423 2205 2601 2262; x_wconf 86' lang='lat' dir='ltr'><strong>Gratis</strong></span> <span class='ocrx_word' id='word_1_655' title='bbox 2629 2206 2777 2260; x_wconf 88' lang='lat' dir='ltr'><strong>venit</strong></span> <span class='ocrx_word' id='word_1_656' title='bbox 2802 2203 3047 2260; x_wconf 83' lang='lat' dir='ltr'><strong>Christus</strong></span> <span class='ocrx_word' id='word_1_657' title='bbox 3072 2205 3382 2275; x_wconf 88' lang='lat' dir='ltr'><strong>sanguinem</strong></span> <span class='ocrx_word' id='word_1_658' title='bbox 3412 2220 3514 2273; x_wconf 91' lang='lat' dir='ltr'><strong>pro</strong></span> <span class='ocrx_word' id='word_1_659' title='bbox 3544 2203 3741 2257; x_wconf 89' lang='lat' dir='ltr'><strong>mundo</strong></span> 
     </span>
    </p>
   </div>
   <div class='ocr_carea' id='block_1_84' title="bbox 2143 2295 3735 2367">
    <p class='ocr_par' dir='ltr' id='par_1_84' title="bbox 2143 2295 3735 2367">
     <span class='ocr_line' id='line_1_84' title="bbox 2143 2295 3735 2367; baseline -0.003 -15"><span class='ocrx_word' id='word_1_660' title='bbox 2143 2297 2425 2360; x_wconf 66' lang='lat' dir='ltr'><strong>eliusurus,</strong></span> <span class='ocrx_word' id='word_1_661' title='bbox 2453 2311 2550 2367; x_wconf 89' lang='lat' dir='ltr'><strong>pro</strong></span> <span class='ocrx_word' id='word_1_662' title='bbox 2576 2311 2684 2366; x_wconf 92' lang='lat' dir='ltr'><strong>quo</strong></span> <span class='ocrx_word' id='word_1_663' title='bbox 2717 2304 2774 2350; x_wconf 90' lang='lat' dir='ltr'><strong>tu</strong></span> <span class='ocrx_word' id='word_1_664' title='bbox 2806 2295 3131 2366; x_wconf 89' lang='lat' dir='ltr'><strong>impudentia</strong></span> <span class='ocrx_word' id='word_1_665' title='bbox 3160 2304 3311 2365; x_wconf 87' lang='lat' dir='ltr'><strong>pacta</strong></span> <span class='ocrx_word' id='word_1_666' title='bbox 3337 2304 3393 2349; x_wconf 93' lang='lat' dir='ltr'><strong>et</strong></span> <span class='ocrx_word' id='word_1_667' title='bbox 3418 2295 3735 2349; x_wconf 56' lang='lat' dir='ltr'><strong>conventio.</strong></span> 
     </span>
    </p>
   </div>
   <div class='ocr_carea' id='block_1_85' title="bbox 2144 2387 3454 2458">
    <p class='ocr_par' dir='ltr' id='par_1_85' title="bbox 2144 2387 3454 2458">
     <span class='ocr_line' id='line_1_85' title="bbox 2144 2387 3454 2458; baseline -0.003 -13"><span class='ocrx_word' id='word_1_668' title='bbox 2144 2406 2239 2445; x_wconf 90' lang='lat' dir='ltr'><strong>nes</strong></span> <span class='ocrx_word' id='word_1_669' title='bbox 2263 2391 2468 2444; x_wconf 82' lang='lat' dir='ltr'><strong>statuis.</strong></span> <span class='ocrx_word' id='word_1_670' title='bbox 2492 2388 2629 2456; x_wconf 86' lang='lat' dir='ltr'><strong>Quid</strong></span> <span class='ocrx_word' id='word_1_671' title='bbox 2653 2388 3012 2458; x_wconf 89' lang='lat' dir='ltr'><strong>impudentius</strong></span> <span class='ocrx_word' id='word_1_672' title='bbox 3038 2388 3140 2443; x_wconf 90' lang='lat' dir='ltr'><strong>hac</strong></span> <span class='ocrx_word' id='word_1_673' title='bbox 3168 2388 3412 2456; x_wconf 87' lang='lat' dir='ltr'><strong>pactione</strong></span> <span class='ocrx_word' id='word_1_674' title='bbox 3428 2387 3454 2441; x_wconf 68' lang='grc' dir='ltr'><strong>ἲ</strong></span> 
     </span>
    </p>
   </div>
   <div class='ocr_carea' id='block_1_86' title="bbox 2215 2476 3736 2548">
    <p class='ocr_par' dir='ltr' id='par_1_86' title="bbox 2215 2476 3736 2548">
     <span class='ocr_line' id='line_1_86' title="bbox 2215 2476 3736 2548; baseline -0.003 -14"><span class='ocrx_word' id='word_1_675' title='bbox 2215 2481 2269 2535; x_wconf 72' lang='grc'><strong>4.</strong></span> <span class='ocrx_word' id='word_1_676' title='bbox 2291 2478 2436 2534; x_wconf 86' lang='lat' dir='ltr'><strong>Tunc</strong></span> <span class='ocrx_word' id='word_1_677' title='bbox 2458 2487 2770 2533; x_wconf 85' lang='lat' dir='ltr'><strong>accesserunt</strong></span> <span class='ocrx_word' id='word_1_678' title='bbox 2792 2478 3027 2548; x_wconf 82' lang='lat' dir='ltr'><strong>discipuli</strong></span> <span class='ocrx_word' id='word_1_679' title='bbox 3037 2508 3123 2527; x_wconf 92' lang='lat'><strong>.—-</strong></span> <span class='ocrx_word' id='word_1_680' title='bbox 3140 2476 3289 2532; x_wconf 91' lang='lat' dir='ltr'><strong>Tunc</strong></span> <span class='ocrx_word' id='word_1_681' title='bbox 3313 2496 3325 2530; x_wconf 96' lang='lat'>:</span> <span class='ocrx_word' id='word_1_682' title='bbox 3348 2476 3736 2546; x_wconf 77' lang='lat' dir='ltr'><strong>quandonam?</strong></span> 
     </span>
    </p>
   </div>
   <div class='ocr_carea' id='block_1_87' title="bbox 2145 2569 3736 2640">
    <p class='ocr_par' dir='ltr' id='par_1_87' title="bbox 2145 2569 3736 2640">
     <span class='ocr_line' id='line_1_87' title="bbox 2145 2569 3736 2640; baseline -0.004 -12"><span class='ocrx_word' id='word_1_683' title='bbox 2145 2573 2274 2628; x_wconf 89' lang='lat' dir='ltr'><strong>Cum</strong></span> <span class='ocrx_word' id='word_1_684' title='bbox 2304 2570 2422 2627; x_wconf 87' lang='lat' dir='ltr'><strong>haec</strong></span> <span class='ocrx_word' id='word_1_685' title='bbox 2450 2571 2674 2637; x_wconf 87' lang='lat' dir='ltr'><strong>fierent,</strong></span> <span class='ocrx_word' id='word_1_686' title='bbox 2705 2586 2826 2625; x_wconf 91' lang='lat' dir='ltr'><strong>cum</strong></span> <span class='ocrx_word' id='word_1_687' title='bbox 2856 2569 3085 2640; x_wconf 85' lang='lat' dir='ltr'><strong>proditio</strong></span> <span class='ocrx_word' id='word_1_688' title='bbox 3111 2577 3470 2634; x_wconf 87' lang='lat' dir='ltr'><strong>statueretur,</strong></span> <span class='ocrx_word' id='word_1_689' title='bbox 3500 2583 3627 2622; x_wconf 88' lang='lat' dir='ltr'><strong>cum</strong></span> <span class='ocrx_word' id='word_1_690' title='bbox 3657 2583 3736 2621; x_wconf 86' lang='lat' dir='ltr'><strong>se-</strong></span> 
     </span>
    </p>
   </div>
   <div class='ocr_carea' id='block_1_88' title="bbox 2146 2662 3737 2737">
    <p class='ocr_par' dir='ltr' id='par_1_88' title="bbox 2146 2662 3737 2737">
     <span class='ocr_line' id='line_1_88' title="bbox 2146 2662 3737 2737; baseline -0.004 -15"><span class='ocrx_word' id='word_1_691' title='bbox 2146 2667 2316 2737; x_wconf 89' lang='lat' dir='ltr'><strong>ipsmn</strong></span> <span class='ocrx_word' id='word_1_692' title='bbox 2357 2665 2521 2721; x_wconf 76' lang='lat' dir='ltr'><strong>Iudas</strong></span> <span class='ocrx_word' id='word_1_693' title='bbox 2567 2664 2827 2735; x_wconf 89' lang='lat' dir='ltr'><strong>perdidit,</strong></span> <span class='ocrx_word' id='word_1_694' title='bbox 2865 2665 3191 2719; x_wconf 77' lang='lat' dir='ltr'><strong>Accesserant</strong></span> <span class='ocrx_word' id='word_1_695' title='bbox 3231 2663 3300 2717; x_wconf 88' lang='lat' dir='ltr'><strong>ad</strong></span> <span class='ocrx_word' id='word_1_696' title='bbox 3342 2679 3459 2717; x_wconf 85' lang='lat' dir='ltr'><strong>eum</strong></span> <span class='ocrx_word' id='word_1_697' title='bbox 3500 2662 3737 2732; x_wconf 74' lang='lat' dir='ltr'><strong>discipuli</strong></span> 
     </span>
    </p>
   </div>
   <div class='ocr_carea' id='block_1_89' title="bbox 2146 2755 3737 2830">
    <p class='ocr_par' dir='ltr' id='par_1_89' title="bbox 2146 2755 3737 2830">
     <span class='ocr_line' id='line_1_89' title="bbox 2146 2755 3737 2830; baseline -0.004 -17"><span class='ocrx_word' id='word_1_698' title='bbox 2146 2761 2384 2826; x_wconf 69' lang='lat' dir='ltr'><strong>dicentes,</strong></span> <span class='ocrx_word' id='word_1_699' title='bbox 2417 2759 2515 2814; x_wconf 89' lang='lat' dir='ltr'><strong>Ubi</strong></span> <span class='ocrx_word' id='word_1_700' title='bbox 2541 2760 2615 2814; x_wconf 86' lang='lat' dir='ltr'><strong>vis</strong></span> <span class='ocrx_word' id='word_1_701' title='bbox 2641 2775 2875 2830; x_wconf 85' lang='lat' dir='ltr'><strong>paremus</strong></span> <span class='ocrx_word' id='word_1_702' title='bbox 2901 2759 2988 2811; x_wconf 89' lang='lat' dir='ltr'><strong>tibi</strong></span> <span class='ocrx_word' id='word_1_703' title='bbox 3009 2757 3267 2812; x_wconf 70' lang='lat' dir='ltr'><strong>conradere</strong></span> <span class='ocrx_word' id='word_1_704' title='bbox 3297 2755 3499 2810; x_wconf 83' lang='lat' dir='ltr'><strong>Pascha</strong></span> <span class='ocrx_word' id='word_1_705' title='bbox 3524 2756 3737 2829; x_wconf 74' lang='lat' dir='ltr'><strong>(Matth.</strong></span> 
     </span>
    </p>
   </div>
   <div class='ocr_carea' id='block_1_90' title="bbox 2145 2846 3740 2922">
    <p class='ocr_par' dir='ltr' id='par_1_90' title="bbox 2145 2846 3740 2922">
     <span class='ocr_line' id='line_1_90' title="bbox 2145 2846 3740 2922; baseline -0.004 -17"><span class='ocrx_word' id='word_1_706' title='bbox 2145 2850 2233 2906; x_wconf 70' lang='lat'><strong>26.</strong></span> <span class='ocrx_word' id='word_1_707' title='bbox 2261 2852 2347 2905; x_wconf 84' lang='lat' dir='ltr'><strong>l7.</strong></span> <span class='ocrx_word' id='word_1_708' title='bbox 2375 2861 2421 2905; x_wconf 90' lang='lat' dir='ltr'><strong>et</strong></span> <span class='ocrx_word' id='word_1_709' title='bbox 2450 2848 2574 2922; x_wconf 61' lang='lat' dir='ltr'><strong>li)?</strong></span> <span class='ocrx_word' id='word_1_710' title='bbox 2604 2848 2791 2905; x_wconf 83' lang='lat' dir='ltr'><strong>Vidisti</strong></span> <span class='ocrx_word' id='word_1_711' title='bbox 2818 2847 3172 2918; x_wconf 81' lang='lat' dir='ltr'><strong>discipulum?</strong></span> <span class='ocrx_word' id='word_1_712' title='bbox 3199 2846 3375 2902; x_wconf 69' lang='lat' dir='ltr'><strong>vidisti</strong></span> <span class='ocrx_word' id='word_1_713' title='bbox 3400 2846 3740 2915; x_wconf 80' lang='lat' dir='ltr'><strong>discipulos?</strong></span> 
     </span>
    </p>
   </div>
   <div class='ocr_carea' id='block_1_91' title="bbox 2148 2938 3738 3012">
    <p class='ocr_par' dir='ltr' id='par_1_91' title="bbox 2148 2938 3738 3012">
     <span class='ocr_line' id='line_1_91' title="bbox 2148 2938 3738 3012; baseline -0.004 -15"><span class='ocrx_word' id='word_1_714' title='bbox 2148 2943 2237 2997; x_wconf 84' lang='lat' dir='ltr'><strong>Ille</strong></span> <span class='ocrx_word' id='word_1_715' title='bbox 2266 2943 2443 3012; x_wconf 90' lang='lat' dir='ltr'><strong>prodit</strong></span> <span class='ocrx_word' id='word_1_716' title='bbox 2469 2941 2772 3006; x_wconf 92' lang='lat' dir='ltr'><strong>Dominum,</strong></span> <span class='ocrx_word' id='word_1_717' title='bbox 2802 2940 2854 2994; x_wconf 93' lang='lat' dir='ltr'><strong>hi</strong></span> <span class='ocrx_word' id='word_1_718' title='bbox 2885 2939 2952 2995; x_wconf 92' lang='lat' dir='ltr'><strong>de</strong></span> <span class='ocrx_word' id='word_1_719' title='bbox 2979 2939 3240 2994; x_wconf 90' lang='lat' dir='ltr'><strong>Pasehate</strong></span> <span class='ocrx_word' id='word_1_720' title='bbox 3264 2947 3455 2994; x_wconf 90' lang='lat' dir='ltr'><strong>curant</strong></span> <span class='ocrx_word' id='word_1_721' title='bbox 3485 2957 3499 2991; x_wconf 91' lang='lat'><strong>:</strong></span> <span class='ocrx_word' id='word_1_722' title='bbox 3530 2938 3624 2992; x_wconf 86' lang='lat' dir='ltr'><strong>ille</strong></span> <span class='ocrx_word' id='word_1_723' title='bbox 3652 2952 3738 3006; x_wconf 86' lang='lat' dir='ltr'><strong>pa-</strong></span> 
     </span>
    </p>
   </div>
   <div class='ocr_carea' id='block_1_92' title="bbox 2146 3027 3739 3101">
    <p class='ocr_par' dir='ltr' id='par_1_92' title="bbox 2146 3027 3739 3101">
     <span class='ocr_line' id='line_1_92' title="bbox 2146 3027 3739 3101; baseline -0.006 -13"><span class='ocrx_word' id='word_1_724' title='bbox 2146 3042 2227 3089; x_wconf 90' lang='lat' dir='ltr'><strong>cta</strong></span> <span class='ocrx_word' id='word_1_725' title='bbox 2255 3033 2375 3100; x_wconf 91' lang='lat' dir='ltr'><strong>init,</strong></span> <span class='ocrx_word' id='word_1_726' title='bbox 2405 3033 2458 3087; x_wconf 93' lang='lat' dir='ltr'><strong>hi</strong></span> <span class='ocrx_word' id='word_1_727' title='bbox 2489 3032 2555 3087; x_wconf 90' lang='lat' dir='ltr'><strong>ad</strong></span> <span class='ocrx_word' id='word_1_728' title='bbox 2584 3031 2939 3087; x_wconf 89' lang='lat' dir='ltr'><strong>ministerium</strong></span> <span class='ocrx_word' id='word_1_729' title='bbox 2965 3039 3242 3101; x_wconf 75' lang='lat' dir='ltr'><strong>apparent.</strong></span> <span class='ocrx_word' id='word_1_730' title='bbox 3272 3028 3462 3084; x_wconf 90' lang='lat' dir='ltr'><strong>Iisdem</strong></span> <span class='ocrx_word' id='word_1_731' title='bbox 3491 3038 3542 3083; x_wconf 88' lang='lat' dir='ltr'><strong>et</strong></span> <span class='ocrx_word' id='word_1_732' title='bbox 3574 3027 3665 3081; x_wconf 89' lang='lat' dir='ltr'><strong>hic</strong></span> <span class='ocrx_word' id='word_1_733' title='bbox 3688 3036 3739 3080; x_wconf 86' lang='lat' dir='ltr'><strong>et</strong></span> 
     </span>
    </p>
   </div>
   <div class='ocr_carea' id='block_1_93' title="bbox 2148 3116 3735 3185">
    <p class='ocr_par' dir='ltr' id='par_1_93' title="bbox 2148 3116 3735 3185">
     <span class='ocr_line' id='line_1_93' title="bbox 2148 3116 3735 3185; baseline -0.004 -8"><span class='ocrx_word' id='word_1_734' title='bbox 2148 3124 2222 3179; x_wconf 90' lang='lat' dir='ltr'><strong>illi</strong></span> <span class='ocrx_word' id='word_1_735' title='bbox 2268 3122 2542 3178; x_wconf 87' lang='lat' dir='ltr'><strong>miraculis</strong></span> <span class='ocrx_word' id='word_1_736' title='bbox 2582 3121 2918 3185; x_wconf 89' lang='lat' dir='ltr'><strong>claruerant,</strong></span> <span class='ocrx_word' id='word_1_737' title='bbox 2959 3119 3145 3174; x_wconf 89' lang='lat' dir='ltr'><strong>eadem</strong></span> <span class='ocrx_word' id='word_1_738' title='bbox 3188 3119 3433 3173; x_wconf 85' lang='lat' dir='ltr'><strong>doctrina</strong></span> <span class='ocrx_word' id='word_1_739' title='bbox 3476 3116 3735 3183; x_wconf 88' lang='lat' dir='ltr'><strong>instituti,</strong></span> 
     </span>
    </p>
   </div>
   <div class='ocr_carea' id='block_1_94' title="bbox 2145 3208 3738 3284">
    <p class='ocr_par' dir='ltr' id='par_1_94' title="bbox 2145 3208 3738 3284">
     <span class='ocr_line' id='line_1_94' title="bbox 2145 3208 3738 3284; baseline -0.007 -14"><span class='ocrx_word' id='word_1_740' title='bbox 2145 3214 2331 3270; x_wconf 89' lang='lat' dir='ltr'><strong>eadem</strong></span> <span class='ocrx_word' id='word_1_741' title='bbox 2365 3221 2629 3284; x_wconf 87' lang='lat' dir='ltr'><strong>potestate</strong></span> <span class='ocrx_word' id='word_1_742' title='bbox 2653 3212 2861 3283; x_wconf 68' lang='lat' dir='ltr'><strong>praediti</strong></span> <span class='ocrx_word' id='word_1_743' title='bbox 2887 3230 2899 3266; x_wconf 88' lang='lat'><strong>:</strong></span> <span class='ocrx_word' id='word_1_744' title='bbox 2926 3211 3191 3266; x_wconf 90' lang='lat' dir='ltr'><strong>undenam</strong></span> <span class='ocrx_word' id='word_1_745' title='bbox 3219 3211 3478 3266; x_wconf 81' lang='lat' dir='ltr'><strong>mutatio?</strong></span> <span class='ocrx_word' id='word_1_746' title='bbox 3503 3208 3585 3263; x_wconf 74' lang='lat' dir='ltr'><strong>Ex</strong></span> <span class='ocrx_word' id='word_1_747' title='bbox 3617 3224 3738 3277; x_wconf 84' lang='lat' dir='ltr'><strong>prn-</strong></span> 
     </span>
    </p>
   </div>
   <div class='ocr_carea' id='block_1_95' title="bbox 2148 3301 3737 3377">
    <p class='ocr_par' dir='ltr' id='par_1_95' title="bbox 2148 3301 3737 3377">
     <span class='ocr_line' id='line_1_95' title="bbox 2148 3301 3737 3377; baseline -0.004 -16"><span class='ocrx_word' id='word_1_748' title='bbox 2148 3306 2338 3377; x_wconf 87' lang='lat' dir='ltr'><strong>posito.</strong></span> <span class='ocrx_word' id='word_1_749' title='bbox 2380 3305 2508 3360; x_wconf 75' lang='lat' dir='ltr'><strong>llzcc</strong></span> <span class='ocrx_word' id='word_1_750' title='bbox 2547 3304 2785 3360; x_wconf 91' lang='lat' dir='ltr'><strong>omnium</strong></span> <span class='ocrx_word' id='word_1_751' title='bbox 2832 3303 3028 3374; x_wconf 82' lang='lat' dir='ltr'><strong>ubique</strong></span> <span class='ocrx_word' id='word_1_752' title='bbox 3073 3318 3229 3357; x_wconf 90' lang='lat' dir='ltr'><strong>causa</strong></span> <span class='ocrx_word' id='word_1_753' title='bbox 3280 3311 3336 3358; x_wconf 91' lang='lat' dir='ltr'><strong>et</strong></span> <span class='ocrx_word' id='word_1_754' title='bbox 3377 3301 3641 3357; x_wconf 90' lang='lat' dir='ltr'><strong>bonorum</strong></span> <span class='ocrx_word' id='word_1_755' title='bbox 3681 3311 3737 3356; x_wconf 91' lang='lat' dir='ltr'><strong>et</strong></span> 
     </span>
    </p>
   </div>
   <div class='ocr_carea' id='block_1_96' title="bbox 2147 3395 3735 3467">
    <p class='ocr_par' dir='ltr' id='par_1_96' title="bbox 2147 3395 3735 3467">
     <span class='ocr_line' id='line_1_96' title="bbox 2147 3395 3735 3467; baseline -0.004 -14"><span class='ocrx_word' id='word_1_756' title='bbox 2147 3398 2432 3453; x_wconf 87' lang='lat' dir='ltr'><strong>malorum.</strong></span> <span class='ocrx_word' id='word_1_757' title='bbox 2475 3397 2572 3454; x_wconf 87' lang='lat' dir='ltr'><strong>Ubi</strong></span> <span class='ocrx_word' id='word_1_758' title='bbox 2600 3398 2674 3452; x_wconf 88' lang='lat' dir='ltr'><strong>vis</strong></span> <span class='ocrx_word' id='word_1_759' title='bbox 2700 3413 2936 3467; x_wconf 83' lang='lat' dir='ltr'><strong>paremus</strong></span> <span class='ocrx_word' id='word_1_760' title='bbox 2961 3397 3049 3451; x_wconf 86' lang='lat' dir='ltr'><strong>tibi</strong></span> <span class='ocrx_word' id='word_1_761' title='bbox 3078 3397 3336 3451; x_wconf 82' lang='lat' dir='ltr'><strong>comedere</strong></span> <span class='ocrx_word' id='word_1_762' title='bbox 3363 3395 3609 3450; x_wconf 78' lang='lat' dir='ltr'><strong>Pascha?</strong></span> <span class='ocrx_word' id='word_1_763' title='bbox 3631 3396 3735 3449; x_wconf 78' lang='lat' dir='ltr'><strong>llo-</strong></span> 
     </span>
    </p>
   </div>
   <div class='ocr_carea' id='block_1_97' title="bbox 2147 3486 3732 3560">
    <p class='ocr_par' dir='ltr' id='par_1_97' title="bbox 2147 3486 3732 3560">
     <span class='ocr_line' id='line_1_97' title="bbox 2147 3486 3732 3560; baseline -0.003 -15"><span class='ocrx_word' id='word_1_764' title='bbox 2147 3491 2332 3546; x_wconf 87' lang='lat' dir='ltr'><strong>dierua</strong></span> <span class='ocrx_word' id='word_1_765' title='bbox 2377 3491 2491 3545; x_wconf 76' lang='lat' dir='ltr'><strong>hmo</strong></span> <span class='ocrx_word' id='word_1_766' title='bbox 2527 3504 2749 3560; x_wconf 90' lang='lat' dir='ltr'><strong>vespera</strong></span> <span class='ocrx_word' id='word_1_767' title='bbox 2793 3498 2918 3542; x_wconf 91' lang='lat' dir='ltr'><strong>tunc</strong></span> <span class='ocrx_word' id='word_1_768' title='bbox 2957 3496 3072 3543; x_wconf 88' lang='lat' dir='ltr'><strong>erat</strong></span> <span class='ocrx_word' id='word_1_769' title='bbox 3103 3504 3116 3542; x_wconf 91' lang='lat'><strong>:</strong></span> <span class='ocrx_word' id='word_1_770' title='bbox 3144 3488 3269 3557; x_wconf 86' lang='lat' dir='ltr'><strong>quia</strong></span> <span class='ocrx_word' id='word_1_771' title='bbox 3298 3486 3458 3556; x_wconf 87' lang='lat' dir='ltr'><strong>igitur</strong></span> <span class='ocrx_word' id='word_1_772' title='bbox 3486 3486 3732 3541; x_wconf 87' lang='lat' dir='ltr'><strong>Dominus</strong></span> 
     </span>
    </p>
   </div>
   <div class='ocr_carea' id='block_1_98' title="bbox 2147 3576 3730 3649">
    <p class='ocr_par' dir='ltr' id='par_1_98' title="bbox 2147 3576 3730 3649">
     <span class='ocr_line' id='line_1_98' title="bbox 2147 3576 3730 3649; baseline -0.005 -12"><span class='ocrx_word' id='word_1_773' title='bbox 2147 3582 2363 3637; x_wconf 85' lang='lat' dir='ltr'><strong>domum</strong></span> <span class='ocrx_word' id='word_1_774' title='bbox 2388 3597 2495 3636; x_wconf 91' lang='lat' dir='ltr'><strong>non</strong></span> <span class='ocrx_word' id='word_1_775' title='bbox 2519 3581 2769 3646; x_wconf 86' lang='lat' dir='ltr'><strong>habebat,</strong></span> <span class='ocrx_word' id='word_1_776' title='bbox 2797 3579 2917 3635; x_wconf 89' lang='lat' dir='ltr'><strong>ideo</strong></span> <span class='ocrx_word' id='word_1_777' title='bbox 2940 3578 3123 3634; x_wconf 91' lang='lat' dir='ltr'><strong>dicunt</strong></span> <span class='ocrx_word' id='word_1_778' title='bbox 3148 3578 3220 3633; x_wconf 91' lang='lat' dir='ltr'><strong>illi</strong></span> <span class='ocrx_word' id='word_1_779' title='bbox 3249 3596 3262 3632; x_wconf 91' lang='lat'><strong>:</strong></span> <span class='ocrx_word' id='word_1_780' title='bbox 3288 3576 3388 3633; x_wconf 86' lang='lat' dir='ltr'><strong>Ubi</strong></span> <span class='ocrx_word' id='word_1_781' title='bbox 3410 3578 3485 3632; x_wconf 89' lang='lat' dir='ltr'><strong>vis</strong></span> <span class='ocrx_word' id='word_1_782' title='bbox 3505 3594 3730 3649; x_wconf 65' lang='lat' dir='ltr'><strong>parentes</strong></span> 
     </span>
    </p>
   </div>
   <div class='ocr_carea' id='block_1_99' title="bbox 2147 3660 3723 3728">
    <p class='ocr_par' dir='ltr' id='par_1_99' title="bbox 2147 3660 3723 3728">
     <span class='ocr_line' id='line_1_99' title="bbox 2147 3660 3723 3728; baseline -0.003 -2"><span class='ocrx_word' id='word_1_783' title='bbox 2147 3673 2234 3727; x_wconf 84' lang='lat' dir='ltr'><strong>tibi</strong></span> <span class='ocrx_word' id='word_1_784' title='bbox 2262 3673 2520 3728; x_wconf 79' lang='lat' dir='ltr'><strong>comedere</strong></span> <span class='ocrx_word' id='word_1_785' title='bbox 2549 3670 2797 3725; x_wconf 80' lang='lat' dir='ltr'><strong>Pascha?</strong></span> <span class='ocrx_word' id='word_1_786' title='bbox 2824 3670 2939 3725; x_wconf 88' lang='lat' dir='ltr'><strong>Non</strong></span> <span class='ocrx_word' id='word_1_787' title='bbox 2967 3670 3225 3725; x_wconf 88' lang='lat' dir='ltr'><strong>habemus</strong></span> <span class='ocrx_word' id='word_1_788' title='bbox 3252 3660 3606 3724; x_wconf 85' lang='lat' dir='ltr'><strong>diversorium</strong></span> <span class='ocrx_word' id='word_1_789' title='bbox 3635 3667 3723 3722; x_wconf 57' lang='lat' dir='ltr'><strong>de.</strong></span> 
     </span>
    </p>
   </div>
   <div class='ocr_carea' id='block_1_100' title="bbox 2149 3761 3721 3831">
    <p class='ocr_par' dir='ltr' id='par_1_100' title="bbox 2149 3761 3721 3831">
     <span class='ocr_line' id='line_1_100' title="bbox 2149 3761 3721 3831; baseline -0.004 -12"><span class='ocrx_word' id='word_1_790' title='bbox 2149 3764 2374 3831; x_wconf 87' lang='lat' dir='ltr'><strong>ﬁnitum,</strong></span> <span class='ocrx_word' id='word_1_791' title='bbox 2408 3779 2516 3819; x_wconf 93' lang='lat' dir='ltr'><strong>non</strong></span> <span class='ocrx_word' id='word_1_792' title='bbox 2544 3762 2965 3828; x_wconf 89' lang='lat' dir='ltr'><strong>tabernaculum,</strong></span> <span class='ocrx_word' id='word_1_793' title='bbox 2990 3778 3096 3817; x_wconf 90' lang='lat' dir='ltr'><strong>non</strong></span> <span class='ocrx_word' id='word_1_794' title='bbox 3129 3763 3369 3817; x_wconf 89' lang='lat' dir='ltr'><strong>domum.</strong></span> <span class='ocrx_word' id='word_1_795' title='bbox 3394 3762 3609 3817; x_wconf 89' lang='lat' dir='ltr'><strong>Discant</strong></span> <span class='ocrx_word' id='word_1_796' title='bbox 3637 3761 3721 3825; x_wconf 84' lang='lat' dir='ltr'><strong>illi,</strong></span> 
     </span>
    </p>
   </div>
   <div class='ocr_carea' id='block_1_101' title="bbox 2147 3853 3721 3924">
    <p class='ocr_par' dir='ltr' id='par_1_101' title="bbox 2147 3853 3721 3924">
     <span class='ocr_line' id='line_1_101' title="bbox 2147 3853 3721 3924; baseline -0.001 -18"><span class='ocrx_word' id='word_1_797' title='bbox 2147 3854 2234 3924; x_wconf 88' lang='lat' dir='ltr'><strong>qui</strong></span> <span class='ocrx_word' id='word_1_798' title='bbox 2262 3854 2566 3924; x_wconf 82' lang='lat' dir='ltr'><strong>Splendidas</strong></span> <span class='ocrx_word' id='word_1_799' title='bbox 2592 3862 2909 3909; x_wconf 89' lang='lat' dir='ltr'><strong>construunt</strong></span> <span class='ocrx_word' id='word_1_800' title='bbox 2932 3854 3140 3915; x_wconf 88' lang='lat' dir='ltr'><strong>domos,</strong></span> <span class='ocrx_word' id='word_1_801' title='bbox 3171 3853 3307 3907; x_wconf 81' lang='lat' dir='ltr'><strong>latas</strong></span> <span class='ocrx_word' id='word_1_802' title='bbox 3337 3856 3596 3922; x_wconf 88' lang='lat' dir='ltr'><strong>porticus,</strong></span> <span class='ocrx_word' id='word_1_803' title='bbox 3619 3856 3721 3907; x_wconf 87' lang='lat' dir='ltr'><strong>lon-</strong></span> 
     </span>
    </p>
   </div>
   <div class='ocr_carea' id='block_1_102' title="bbox 2145 3945 3718 4018">
    <p class='ocr_par' dir='ltr' id='par_1_102' title="bbox 2145 3945 3718 4018">
     <span class='ocr_line' id='line_1_102' title="bbox 2145 3945 3718 4018; baseline -0.002 -20"><span class='ocrx_word' id='word_1_804' title='bbox 2145 3963 2208 4018; x_wconf 86' lang='lat' dir='ltr'><strong>ga</strong></span> <span class='ocrx_word' id='word_1_805' title='bbox 2259 3955 2440 4016; x_wconf 85' lang='lat' dir='ltr'><strong>septa,</strong></span> <span class='ocrx_word' id='word_1_806' title='bbox 2486 3946 2752 4002; x_wconf 87' lang='lat' dir='ltr'><strong>Christum</strong></span> <span class='ocrx_word' id='word_1_807' title='bbox 2801 3962 2905 4000; x_wconf 87' lang='lat' dir='ltr'><strong>non</strong></span> <span class='ocrx_word' id='word_1_808' title='bbox 2953 3945 3203 4001; x_wconf 89' lang='lat' dir='ltr'><strong>habuisse</strong></span> <span class='ocrx_word' id='word_1_809' title='bbox 3248 3945 3336 4000; x_wconf 90' lang='lat' dir='ltr'><strong>ubi</strong></span> <span class='ocrx_word' id='word_1_810' title='bbox 3380 3954 3543 4015; x_wconf 84' lang='lat' dir='ltr'><strong>caput</strong></span> <span class='ocrx_word' id='word_1_811' title='bbox 3583 3960 3718 4000; x_wconf 89' lang='lat' dir='ltr'><strong>suum</strong></span> 
     </span>
    </p>
   </div>
   <div class='ocr_carea' id='block_1_103' title="bbox 2147 4036 3716 4109">
    <p class='ocr_par' dir='ltr' id='par_1_103' title="bbox 2147 4036 3716 4109">
     <span class='ocr_line' id='line_1_103' title="bbox 2147 4036 3716 4109; baseline -0.004 -16"><span class='ocrx_word' id='word_1_812' title='bbox 2147 4038 2431 4093; x_wconf 88' lang='lat' dir='ltr'><strong>reclinaret</strong></span> <span class='ocrx_word' id='word_1_813' title='bbox 2451 4037 2661 4109; x_wconf 78' lang='lat' dir='ltr'><strong>(Matth.</strong></span> <span class='ocrx_word' id='word_1_814' title='bbox 2691 4037 2744 4093; x_wconf 91' lang='lat'><strong>8.</strong></span> <span class='ocrx_word' id='word_1_815' title='bbox 2766 4036 2880 4109; x_wconf 72' lang='lat'><strong>20).</strong></span> <span class='ocrx_word' id='word_1_816' title='bbox 2904 4037 3259 4106; x_wconf 88' lang='lat' dir='ltr'><strong>Quamobrem</strong></span> <span class='ocrx_word' id='word_1_817' title='bbox 3290 4037 3618 4106; x_wconf 83' lang='lat' dir='ltr'><strong>interrogant</strong></span> <span class='ocrx_word' id='word_1_818' title='bbox 3637 4037 3716 4097; x_wconf 83' lang='lat' dir='ltr'><strong>illi,</strong></span> 
     </span>
    </p>
   </div>
   <div class='ocr_carea' id='block_1_104' title="bbox 2152 4129 3719 4203">
    <p class='ocr_par' dir='ltr' id='par_1_104' title="bbox 2152 4129 3719 4203">
     <span class='ocr_line' id='line_1_104' title="bbox 2152 4129 3719 4203; baseline -0.004 -15"><span class='ocrx_word' id='word_1_819' title='bbox 2152 4133 2248 4188; x_wconf 79' lang='lat' dir='ltr'><strong>Ubi</strong></span> <span class='ocrx_word' id='word_1_820' title='bbox 2273 4134 2344 4188; x_wconf 88' lang='lat' dir='ltr'><strong>vis</strong></span> <span class='ocrx_word' id='word_1_821' title='bbox 2370 4150 2603 4203; x_wconf 87' lang='lat' dir='ltr'><strong>paremus</strong></span> <span class='ocrx_word' id='word_1_822' title='bbox 2631 4132 2719 4186; x_wconf 87' lang='lat' dir='ltr'><strong>tibi</strong></span> <span class='ocrx_word' id='word_1_823' title='bbox 2747 4131 3003 4186; x_wconf 87' lang='lat' dir='ltr'><strong>comedere</strong></span> <span class='ocrx_word' id='word_1_824' title='bbox 3028 4129 3230 4184; x_wconf 86' lang='lat' dir='ltr'><strong>Pascha</strong></span> <span class='ocrx_word' id='word_1_825' title='bbox 3252 4130 3277 4184; x_wconf 90' lang='lat'><strong>?</strong></span> <span class='ocrx_word' id='word_1_826' title='bbox 3303 4130 3472 4198; x_wconf 85' lang='lat' dir='ltr'><strong>Quale</strong></span> <span class='ocrx_word' id='word_1_827' title='bbox 3500 4129 3719 4186; x_wconf 77' lang='lat' dir='ltr'><strong>Pascha!</strong></span> 
     </span>
    </p>
   </div>
   <div class='ocr_carea' id='block_1_105' title="bbox 2147 4221 3718 4291">
    <p class='ocr_par' dir='ltr' id='par_1_105' title="bbox 2147 4221 3718 4291">
     <span class='ocr_line' id='line_1_105' title="bbox 2147 4221 3718 4291; baseline -0.003 -13"><span class='ocrx_word' id='word_1_828' title='bbox 2147 4224 2260 4278; x_wconf 85' lang='lat' dir='ltr'><strong>Non</strong></span> <span class='ocrx_word' id='word_1_829' title='bbox 2293 4223 2395 4278; x_wconf 90' lang='lat' dir='ltr'><strong>hoc</strong></span> <span class='ocrx_word' id='word_1_830' title='bbox 2422 4233 2660 4278; x_wconf 88' lang='lat' dir='ltr'><strong>nostrum</strong></span> <span class='ocrx_word' id='word_1_831' title='bbox 2680 4265 2695 4291; x_wconf 95' lang='lat'><strong>,</strong></span> <span class='ocrx_word' id='word_1_832' title='bbox 2723 4223 2816 4279; x_wconf 86' lang='lat' dir='ltr'><strong>sed</strong></span> <span class='ocrx_word' id='word_1_833' title='bbox 2839 4223 3051 4279; x_wconf 90' lang='lat' dir='ltr'><strong>interim</strong></span> <span class='ocrx_word' id='word_1_834' title='bbox 3090 4222 3393 4278; x_wconf 78' lang='lat' dir='ltr'><strong>Judaicum.</strong></span> <span class='ocrx_word' id='word_1_835' title='bbox 3426 4221 3559 4275; x_wconf 88' lang='lat' dir='ltr'><strong>Illud</strong></span> <span class='ocrx_word' id='word_1_836' title='bbox 3596 4223 3718 4275; x_wconf 83' lang='lat' dir='ltr'><strong>enim</strong></span> 
     </span>
    </p>
   </div>
   <div class='ocr_carea' id='block_1_106' title="bbox 2147 4314 3718 4387">
    <p class='ocr_par' dir='ltr' id='par_1_106' title="bbox 2147 4314 3718 4387">
     <span class='ocr_line' id='line_1_106' title="bbox 2147 4314 3718 4387; baseline -0.005 -15"><span class='ocrx_word' id='word_1_837' title='bbox 2147 4317 2388 4387; x_wconf 87' lang='lat' dir='ltr'><strong>discipuli</strong></span> <span class='ocrx_word' id='word_1_838' title='bbox 2422 4326 2769 4386; x_wconf 88' lang='lat' dir='ltr'><strong>paraverunt,</strong></span> <span class='ocrx_word' id='word_1_839' title='bbox 2801 4315 2902 4370; x_wconf 89' lang='lat' dir='ltr'><strong>hoc</strong></span> <span class='ocrx_word' id='word_1_840' title='bbox 2930 4331 3056 4370; x_wconf 92' lang='lat' dir='ltr'><strong>vero</strong></span> <span class='ocrx_word' id='word_1_841' title='bbox 3082 4324 3323 4370; x_wconf 91' lang='lat' dir='ltr'><strong>nostrum</strong></span> <span class='ocrx_word' id='word_1_842' title='bbox 3349 4315 3465 4384; x_wconf 89' lang='lat' dir='ltr'><strong>ipse</strong></span> <span class='ocrx_word' id='word_1_843' title='bbox 3493 4314 3718 4383; x_wconf 82' lang='lat' dir='ltr'><strong>paravit:</strong></span> 
     </span>
    </p>
   </div>
   <div class='ocr_carea' id='block_1_107' title="bbox 2148 4405 3719 4482">
    <p class='ocr_par' dir='ltr' id='par_1_107' title="bbox 2148 4405 3719 4482">
     <span class='ocr_line' id='line_1_107' title="bbox 2148 4405 3719 4482; baseline -0.005 -17"><span class='ocrx_word' id='word_1_844' title='bbox 2148 4426 2320 4482; x_wconf 88' lang='lat' dir='ltr'><strong>neque</strong></span> <span class='ocrx_word' id='word_1_845' title='bbox 2347 4411 2518 4465; x_wconf 90' lang='lat' dir='ltr'><strong>solum</strong></span> <span class='ocrx_word' id='word_1_846' title='bbox 2551 4410 2665 4480; x_wconf 91' lang='lat' dir='ltr'><strong>ipse</strong></span> <span class='ocrx_word' id='word_1_847' title='bbox 2688 4410 2922 4480; x_wconf 88' lang='lat' dir='ltr'><strong>paravit,</strong></span> <span class='ocrx_word' id='word_1_848' title='bbox 2954 4408 3047 4463; x_wconf 91' lang='lat' dir='ltr'><strong>sed</strong></span> <span class='ocrx_word' id='word_1_849' title='bbox 3076 4409 3236 4463; x_wconf 89' lang='lat' dir='ltr'><strong>etiam</strong></span> <span class='ocrx_word' id='word_1_850' title='bbox 3267 4408 3383 4476; x_wconf 90' lang='lat' dir='ltr'><strong>ipse</strong></span> <span class='ocrx_word' id='word_1_851' title='bbox 3423 4406 3625 4461; x_wconf 79' lang='lat' dir='ltr'><strong>Pascha</strong></span> <span class='ocrx_word' id='word_1_852' title='bbox 3649 4405 3719 4459; x_wconf 84' lang='lat' dir='ltr'><strong>cf-</strong></span> 
     </span>
    </p>
   </div>
   <div class='ocr_carea' id='block_1_108' title="bbox 2147 4497 3716 4571">
    <p class='ocr_par' dir='ltr' id='par_1_108' title="bbox 2147 4497 3716 4571">
     <span class='ocr_line' id='line_1_108' title="bbox 2147 4497 3716 4571; baseline -0.003 -17"><span class='ocrx_word' id='word_1_853' title='bbox 2147 4501 2316 4556; x_wconf 81' lang='lat' dir='ltr'><strong>l‘ectus</strong></span> <span class='ocrx_word' id='word_1_854' title='bbox 2341 4509 2440 4556; x_wconf 90' lang='lat' dir='ltr'><strong>est.</strong></span> <span class='ocrx_word' id='word_1_855' title='bbox 2471 4499 2567 4555; x_wconf 89' lang='lat' dir='ltr'><strong>Ubi</strong></span> <span class='ocrx_word' id='word_1_856' title='bbox 2594 4501 2667 4554; x_wconf 87' lang='lat' dir='ltr'><strong>vis</strong></span> <span class='ocrx_word' id='word_1_857' title='bbox 2692 4516 2923 4571; x_wconf 84' lang='lat' dir='ltr'><strong>paremus</strong></span> <span class='ocrx_word' id='word_1_858' title='bbox 2947 4500 3035 4553; x_wconf 88' lang='lat' dir='ltr'><strong>tibi</strong></span> <span class='ocrx_word' id='word_1_859' title='bbox 3061 4498 3317 4553; x_wconf 83' lang='lat' dir='ltr'><strong>comedere</strong></span> <span class='ocrx_word' id='word_1_860' title='bbox 3342 4497 3585 4551; x_wconf 83' lang='lat' dir='ltr'><strong>Pascha?</strong></span> <span class='ocrx_word' id='word_1_861' title='bbox 3604 4497 3716 4550; x_wconf 83' lang='lat' dir='ltr'><strong>Illud</strong></span> 
     </span>
    </p>
   </div>
   <div class='ocr_carea' id='block_1_109' title="bbox 2145 4587 3720 4661">
    <p class='ocr_par' dir='ltr' id='par_1_109' title="bbox 2145 4587 3720 4661">
     <span class='ocr_line' id='line_1_109' title="bbox 2145 4587 3720 4661; baseline -0.004 -15"><span class='ocrx_word' id='word_1_862' title='bbox 2145 4592 2423 4647; x_wconf 84' lang='lat' dir='ltr'><strong>Judaicum</strong></span> <span class='ocrx_word' id='word_1_863' title='bbox 2463 4591 2667 4647; x_wconf 89' lang='lat' dir='ltr'><strong>Pascha</strong></span> <span class='ocrx_word' id='word_1_864' title='bbox 2709 4598 2860 4658; x_wconf 88' lang='lat' dir='ltr'><strong>erat,</strong></span> <span class='ocrx_word' id='word_1_865' title='bbox 2887 4590 3015 4645; x_wconf 91' lang='lat' dir='ltr'><strong>illud</strong></span> <span class='ocrx_word' id='word_1_866' title='bbox 3055 4591 3108 4646; x_wconf 91' lang='lat' dir='ltr'><strong>in</strong></span> <span class='ocrx_word' id='word_1_867' title='bbox 3140 4588 3371 4661; x_wconf 67' lang='lat' dir='ltr'><strong>Egypto</strong></span> <span class='ocrx_word' id='word_1_868' title='bbox 3401 4588 3610 4643; x_wconf 91' lang='lat' dir='ltr'><strong>initium</strong></span> <span class='ocrx_word' id='word_1_869' title='bbox 3634 4587 3720 4641; x_wconf 84' lang='lat' dir='ltr'><strong>ha-</strong></span> 
     </span>
    </p>
   </div>
   <div class='ocr_carea' id='block_1_110' title="bbox 2147 4678 3721 4753">
    <p class='ocr_par' dir='ltr' id='par_1_110' title="bbox 2147 4678 3721 4753">
     <span class='ocr_line' id='line_1_110' title="bbox 2147 4678 3721 4753; baseline -0.004 -16"><span class='ocrx_word' id='word_1_870' title='bbox 2147 4683 2352 4738; x_wconf 83' lang='lat' dir='ltr'><strong>buerat.</strong></span> <span class='ocrx_word' id='word_1_871' title='bbox 2395 4683 2508 4751; x_wconf 88' lang='lat' dir='ltr'><strong>Qua</strong></span> <span class='ocrx_word' id='word_1_872' title='bbox 2554 4697 2681 4753; x_wconf 89' lang='lat' dir='ltr'><strong>ergo</strong></span> <span class='ocrx_word' id='word_1_873' title='bbox 2720 4682 2788 4738; x_wconf 88' lang='lat' dir='ltr'><strong>de</strong></span> <span class='ocrx_word' id='word_1_874' title='bbox 2831 4696 2990 4736; x_wconf 91' lang='lat' dir='ltr'><strong>causa</strong></span> <span class='ocrx_word' id='word_1_875' title='bbox 3020 4681 3262 4736; x_wconf 88' lang='lat' dir='ltr'><strong>Christus</strong></span> <span class='ocrx_word' id='word_1_876' title='bbox 3300 4679 3430 4734; x_wconf 90' lang='lat' dir='ltr'><strong>illud</strong></span> <span class='ocrx_word' id='word_1_877' title='bbox 3470 4678 3721 4735; x_wconf 83' lang='lat' dir='ltr'><strong>comedit?</strong></span> 
     </span>
    </p>
   </div>
   <div class='ocr_carea' id='block_1_111' title="bbox 2145 4770 3721 4846">
    <p class='ocr_par' dir='ltr' id='par_1_111' title="bbox 2145 4770 3721 4846">
     <span class='ocr_line' id='line_1_111' title="bbox 2145 4770 3721 4846; baseline -0.003 -18"><span class='ocrx_word' id='word_1_878' title='bbox 2145 4776 2277 4843; x_wconf 87' lang='lat' dir='ltr'><strong>Quia</strong></span> <span class='ocrx_word' id='word_1_879' title='bbox 2300 4775 2484 4846; x_wconf 88' lang='lat' dir='ltr'><strong>legalia</strong></span> <span class='ocrx_word' id='word_1_880' title='bbox 2507 4774 2686 4829; x_wconf 91' lang='lat' dir='ltr'><strong>omnia</strong></span> <span class='ocrx_word' id='word_1_881' title='bbox 2710 4774 2972 4844; x_wconf 90' lang='lat' dir='ltr'><strong>implevit.</strong></span> <span class='ocrx_word' id='word_1_882' title='bbox 3000 4774 3207 4827; x_wconf 87' lang='lat' dir='ltr'><strong>Etenim</strong></span> <span class='ocrx_word' id='word_1_883' title='bbox 3228 4786 3348 4826; x_wconf 91' lang='lat' dir='ltr'><strong>eum</strong></span> <span class='ocrx_word' id='word_1_884' title='bbox 3370 4770 3721 4841; x_wconf 84' lang='lat' dir='ltr'><strong>baptizabatur</strong></span> 
     </span>
    </p>
   </div>
   <div class='ocr_carea' id='block_1_112' title="bbox 2145 4861 3721 4933">
    <p class='ocr_par' dir='ltr' id='par_1_112' title="bbox 2145 4861 3721 4933">
     <span class='ocr_line' id='line_1_112' title="bbox 2145 4861 3721 4933; baseline -0.006 -12"><span class='ocrx_word' id='word_1_885' title='bbox 2145 4866 2352 4921; x_wconf 86' lang='lat' dir='ltr'><strong>dicebat</strong></span> <span class='ocrx_word' id='word_1_886' title='bbox 2383 4883 2396 4919; x_wconf 87' lang='lat'><strong>:</strong></span> <span class='ocrx_word' id='word_1_887' title='bbox 2426 4864 2517 4920; x_wconf 89' lang='lat' dir='ltr'><strong>Sic</strong></span> <span class='ocrx_word' id='word_1_888' title='bbox 2542 4865 2673 4932; x_wconf 78' lang='lat' dir='ltr'><strong>enim</strong></span> <span class='ocrx_word' id='word_1_889' title='bbox 2700 4864 2926 4919; x_wconf 81' lang='lat' dir='ltr'><strong>convenit</strong></span> <span class='ocrx_word' id='word_1_890' title='bbox 2958 4863 3098 4918; x_wconf 86' lang='lat' dir='ltr'><strong>nobis</strong></span> <span class='ocrx_word' id='word_1_891' title='bbox 3126 4863 3332 4933; x_wconf 85' lang='lat' dir='ltr'><strong>implere</strong></span> <span class='ocrx_word' id='word_1_892' title='bbox 3359 4877 3559 4914; x_wconf 82' lang='lat' dir='ltr'><strong>onmem</strong></span> <span class='ocrx_word' id='word_1_893' title='bbox 3576 4861 3721 4931; x_wconf 76' lang='lat' dir='ltr'><strong>justi-</strong></span> 
     </span>
    </p>
   </div>
   <div class='ocr_carea' id='block_1_113' title="bbox 2148 4952 3718 5028">
    <p class='ocr_par' dir='ltr' id='par_1_113' title="bbox 2148 4952 3718 5028">
     <span class='ocr_line' id='line_1_113' title="bbox 2148 4952 3718 5028; baseline -0.003 -19"><span class='ocrx_word' id='word_1_894' title='bbox 2148 4958 2269 5010; x_wconf 87' lang='lat' dir='ltr'><strong>tiam</strong></span> <span class='ocrx_word' id='word_1_895' title='bbox 2297 4956 2503 5028; x_wconf 80' lang='lat' dir='ltr'><strong>(Matth.</strong></span> <span class='ocrx_word' id='word_1_896' title='bbox 2536 4957 2589 5012; x_wconf 84' lang='lat'><strong>&#39;5.</strong></span> <span class='ocrx_word' id='word_1_897' title='bbox 2620 4954 2731 5026; x_wconf 73' lang='grc'><strong>15).</strong></span> <span class='ocrx_word' id='word_1_898' title='bbox 2763 4953 2897 5010; x_wconf 90' lang='lat' dir='ltr'><strong>Veni</strong></span> <span class='ocrx_word' id='word_1_899' title='bbox 2934 4954 3202 5009; x_wconf 92' lang='lat' dir='ltr'><strong>hominem</strong></span> <span class='ocrx_word' id='word_1_900' title='bbox 3230 4952 3501 5008; x_wconf 86' lang='lat' dir='ltr'><strong>redimere</strong></span> <span class='ocrx_word' id='word_1_901' title='bbox 3526 4967 3590 5007; x_wconf 81' lang='lat' dir='ltr'><strong>ex</strong></span> <span class='ocrx_word' id='word_1_902' title='bbox 3619 4966 3718 5005; x_wconf 83' lang='lat' dir='ltr'><strong>ma-</strong></span> 
     </span>
    </p>
   </div>
   <div class='ocr_carea' id='block_1_114' title="bbox 2145 5043 3717 5118">
    <p class='ocr_par' dir='ltr' id='par_1_114' title="bbox 2145 5043 3717 5118">
     <span class='ocr_line' id='line_1_114' title="bbox 2145 5043 3717 5118; baseline -0.004 -16"><span class='ocrx_word' id='word_1_903' title='bbox 2145 5048 2338 5104; x_wconf 88' lang='lat' dir='ltr'><strong>ledicto</strong></span> <span class='ocrx_word' id='word_1_904' title='bbox 2375 5046 2510 5118; x_wconf 87' lang='lat' dir='ltr'><strong>legis</strong></span> <span class='ocrx_word' id='word_1_905' title='bbox 2545 5066 2558 5101; x_wconf 91' lang='lat'><strong>:</strong></span> <span class='ocrx_word' id='word_1_906' title='bbox 2587 5062 2711 5102; x_wconf 88' lang='lat' dir='ltr'><strong>nam</strong></span> <span class='ocrx_word' id='word_1_907' title='bbox 2742 5044 2883 5101; x_wconf 85' lang='lat' dir='ltr'><strong>Deus</strong></span> <span class='ocrx_word' id='word_1_908' title='bbox 2908 5043 3103 5099; x_wconf 83' lang='lat' dir='ltr'><strong>Filium</strong></span> <span class='ocrx_word' id='word_1_909' title='bbox 3127 5060 3276 5099; x_wconf 82' lang='lat' dir='ltr'><strong>suum</strong></span> <span class='ocrx_word' id='word_1_910' title='bbox 3302 5043 3440 5097; x_wconf 84' lang='lat' dir='ltr'><strong>misit</strong></span> <span class='ocrx_word' id='word_1_911' title='bbox 3473 5052 3644 5097; x_wconf 85' lang='lat' dir='ltr'><strong>natum</strong></span> <span class='ocrx_word' id='word_1_912' title='bbox 3666 5059 3717 5096; x_wconf 78' lang='lat' dir='ltr'><strong>es</strong></span> 
     </span>
    </p>
   </div>
   <div class='ocr_carea' id='block_1_115' title="bbox 2145 5133 3719 5210">
    <p class='ocr_par' dir='ltr' id='par_1_115' title="bbox 2145 5133 3719 5210">
     <span class='ocr_line' id='line_1_115' title="bbox 2145 5133 3719 5210; baseline -0.006 -17"><span class='ocrx_word' id='word_1_913' title='bbox 2145 5139 2369 5205; x_wconf 84' lang='lat' dir='ltr'><strong>muliere,</strong></span> <span class='ocrx_word' id='word_1_914' title='bbox 2403 5140 2592 5210; x_wconf 81' lang='lat' dir='ltr'><strong>factum</strong></span> <span class='ocrx_word' id='word_1_915' title='bbox 2618 5137 2710 5192; x_wconf 90' lang='lat' dir='ltr'><strong>sub</strong></span> <span class='ocrx_word' id='word_1_916' title='bbox 2733 5137 2861 5208; x_wconf 84' lang='lat' dir='ltr'><strong>lege,</strong></span> <span class='ocrx_word' id='word_1_917' title='bbox 2888 5144 2940 5189; x_wconf 88' lang='lat' dir='ltr'><strong>ut</strong></span> <span class='ocrx_word' id='word_1_918' title='bbox 2965 5152 3050 5190; x_wconf 89' lang='lat' dir='ltr'><strong>eos</strong></span> <span class='ocrx_word' id='word_1_919' title='bbox 3074 5134 3160 5205; x_wconf 84' lang='lat' dir='ltr'><strong>qui</strong></span> <span class='ocrx_word' id='word_1_920' title='bbox 3183 5135 3276 5188; x_wconf 86' lang='lat' dir='ltr'><strong>sub</strong></span> <span class='ocrx_word' id='word_1_921' title='bbox 3300 5134 3410 5204; x_wconf 84' lang='lat' dir='ltr'><strong>iege</strong></span> <span class='ocrx_word' id='word_1_922' title='bbox 3432 5143 3575 5189; x_wconf 85' lang='lat' dir='ltr'><strong>erant</strong></span> <span class='ocrx_word' id='word_1_923' title='bbox 3601 5133 3719 5187; x_wconf 84' lang='lat' dir='ltr'><strong>redi-</strong></span> 
     </span>
    </p>
   </div>
   <div class='ocr_carea' id='block_1_116' title="bbox 2144 5225 3716 5300">
    <p class='ocr_par' dir='ltr' id='par_1_116' title="bbox 2144 5225 3716 5300">
     <span class='ocr_line' id='line_1_116' title="bbox 2144 5225 3716 5300; baseline -0.005 -16"><span class='ocrx_word' id='word_1_924' title='bbox 2144 5237 2296 5284; x_wconf 83' lang='lat' dir='ltr'><strong>meret</strong></span> <span class='ocrx_word' id='word_1_925' title='bbox 2337 5228 2531 5300; x_wconf 81' lang='lat' dir='ltr'><strong>(Galat.</strong></span> <span class='ocrx_word' id='word_1_926' title='bbox 2572 5229 2628 5284; x_wconf 75' lang='grc'><strong>4.</strong></span> <span class='ocrx_word' id='word_1_927' title='bbox 2665 5228 2720 5283; x_wconf 72' lang='lat'><strong>4.</strong></span> <span class='ocrx_word' id='word_1_928' title='bbox 2749 5228 2828 5299; x_wconf 81' lang='lat'><strong>5),</strong></span> <span class='ocrx_word' id='word_1_929' title='bbox 2859 5237 2913 5282; x_wconf 91' lang='lat' dir='ltr'><strong>et</strong></span> <span class='ocrx_word' id='word_1_930' title='bbox 2942 5227 3110 5297; x_wconf 87' lang='lat' dir='ltr'><strong>legem</strong></span> <span class='ocrx_word' id='word_1_931' title='bbox 3135 5225 3445 5296; x_wconf 89' lang='lat' dir='ltr'><strong>abrogaret.</strong></span> <span class='ocrx_word' id='word_1_932' title='bbox 3476 5225 3554 5280; x_wconf 84' lang='lat' dir='ltr'><strong>Ne</strong></span> <span class='ocrx_word' id='word_1_933' title='bbox 3579 5225 3716 5295; x_wconf 82' lang='lat' dir='ltr'><strong>igitur</strong></span> 
     </span>
    </p>
   </div>
   <div class='ocr_carea' id='block_1_117' title="bbox 2143 5316 3709 5391">
    <p class='ocr_par' dir='ltr' id='par_1_117' title="bbox 2143 5316 3709 5391">
     <span class='ocr_line' id='line_1_117' title="bbox 2143 5316 3709 5391; baseline -0.002 -17"><span class='ocrx_word' id='word_1_934' title='bbox 2143 5321 2261 5391; x_wconf 86' lang='lat' dir='ltr'><strong>quis</strong></span> <span class='ocrx_word' id='word_1_935' title='bbox 2282 5319 2504 5382; x_wconf 85' lang='lat' dir='ltr'><strong>diceret,</strong></span> <span class='ocrx_word' id='word_1_936' title='bbox 2525 5319 2647 5374; x_wconf 86' lang='lat' dir='ltr'><strong>Ideo</strong></span> <span class='ocrx_word' id='word_1_937' title='bbox 2667 5317 2966 5388; x_wconf 88' lang='lat' dir='ltr'><strong>abrogavit,</strong></span> <span class='ocrx_word' id='word_1_938' title='bbox 2986 5316 3106 5387; x_wconf 84' lang='lat' dir='ltr'><strong>quia</strong></span> <span class='ocrx_word' id='word_1_939' title='bbox 3130 5316 3354 5386; x_wconf 90' lang='lat' dir='ltr'><strong>implere</strong></span> <span class='ocrx_word' id='word_1_940' title='bbox 3374 5331 3482 5372; x_wconf 89' lang='lat' dir='ltr'><strong>non</strong></span> <span class='ocrx_word' id='word_1_941' title='bbox 3506 5325 3709 5385; x_wconf 76' lang='lat' dir='ltr'><strong>poterat,</strong></span> 
     </span>
    </p>
   </div>
   <div class='ocr_carea' id='block_1_118' title="bbox 2146 5408 3708 5483">
    <p class='ocr_par' dir='ltr' id='par_1_118' title="bbox 2146 5408 3708 5483">
     <span class='ocr_line' id='line_1_118' title="bbox 2146 5408 3708 5483; baseline -0.008 -14"><span class='ocrx_word' id='word_1_942' title='bbox 2146 5422 2328 5483; x_wconf 82' lang='lat' dir='ltr'><strong>utpote</strong></span> <span class='ocrx_word' id='word_1_943' title='bbox 2372 5426 2631 5483; x_wconf 89' lang='lat' dir='ltr'><strong>gravem,</strong></span> <span class='ocrx_word' id='word_1_944' title='bbox 2673 5424 2955 5466; x_wconf 89' lang='lat' dir='ltr'><strong>onerosam</strong></span> <span class='ocrx_word' id='word_1_945' title='bbox 2999 5423 3062 5463; x_wconf 90' lang='lat' dir='ltr'><strong>ac</strong></span> <span class='ocrx_word' id='word_1_946' title='bbox 3099 5408 3415 5471; x_wconf 72' lang='lat' dir='ltr'><strong>difﬁcilem;</strong></span> <span class='ocrx_word' id='word_1_947' title='bbox 3458 5416 3708 5477; x_wconf 78' lang='lat' dir='ltr'><strong>postquam</strong></span> 
     </span>
    </p>
   </div>
   <div class='ocr_carea' id='block_1_119' title="bbox 2145 5498 3707 5573">
    <p class='ocr_par' dir='ltr' id='par_1_119' title="bbox 2145 5498 3707 5573">
     <span class='ocr_line' id='line_1_119' title="bbox 2145 5498 3707 5573; baseline -0.007 -14"><span class='ocrx_word' id='word_1_948' title='bbox 2145 5519 2208 5559; x_wconf 89' lang='lat' dir='ltr'><strong>ea</strong></span> <span class='ocrx_word' id='word_1_949' title='bbox 2232 5546 2248 5569; x_wconf 91' lang='lat'><strong>,</strong></span> <span class='ocrx_word' id='word_1_950' title='bbox 2279 5519 2397 5573; x_wconf 68' lang='lat' dir='ltr'><strong>qua:</strong></span> <span class='ocrx_word' id='word_1_951' title='bbox 2435 5502 2502 5557; x_wconf 88' lang='lat' dir='ltr'><strong>ad</strong></span> <span class='ocrx_word' id='word_1_952' title='bbox 2547 5502 2714 5571; x_wconf 88' lang='lat' dir='ltr'><strong>ipsam</strong></span> <span class='ocrx_word' id='word_1_953' title='bbox 2757 5500 3107 5571; x_wconf 86' lang='lat' dir='ltr'><strong>spectabant,</strong></span> <span class='ocrx_word' id='word_1_954' title='bbox 3146 5500 3324 5554; x_wconf 86' lang='lat' dir='ltr'><strong>omnia</strong></span> <span class='ocrx_word' id='word_1_955' title='bbox 3369 5498 3707 5569; x_wconf 82' lang='lat' dir='ltr'><strong>implevisset,</strong></span> 
     </span>
    </p>
   </div>
   <div class='ocr_carea' id='block_1_120' title="bbox 2148 5589 3704 5662">
    <p class='ocr_par' dir='ltr' id='par_1_120' title="bbox 2148 5589 3704 5662">
     <span class='ocr_line' id='line_1_120' title="bbox 2148 5589 3704 5662; baseline -0.006 -11"><span class='ocrx_word' id='word_1_956' title='bbox 2148 5607 2273 5651; x_wconf 90' lang='lat' dir='ltr'><strong>tunc</strong></span> <span class='ocrx_word' id='word_1_957' title='bbox 2296 5596 2454 5652; x_wconf 89' lang='lat' dir='ltr'><strong>solvit</strong></span> <span class='ocrx_word' id='word_1_958' title='bbox 2483 5595 2644 5650; x_wconf 91' lang='lat' dir='ltr'><strong>illam.</strong></span> <span class='ocrx_word' id='word_1_959' title='bbox 2679 5593 2803 5649; x_wconf 87' lang='lat' dir='ltr'><strong>Ideo</strong></span> <span class='ocrx_word' id='word_1_960' title='bbox 2831 5594 3032 5649; x_wconf 79' lang='lat' dir='ltr'><strong>Pascha</strong></span> <span class='ocrx_word' id='word_1_961' title='bbox 3061 5592 3202 5659; x_wconf 88' lang='lat' dir='ltr'><strong>fecit,</strong></span> <span class='ocrx_word' id='word_1_962' title='bbox 3234 5591 3368 5662; x_wconf 86' lang='lat' dir='ltr'><strong>legis</strong></span> <span class='ocrx_word' id='word_1_963' title='bbox 3402 5589 3704 5660; x_wconf 54' lang='lat' dir='ltr'><strong>enimjussio</strong></span> 
     </span>
    </p>
   </div>
   <div class='ocr_carea' id='block_1_121' title="bbox 2148 5676 3702 5751">
    <p class='ocr_par' dir='ltr' id='par_1_121' title="bbox 2148 5676 3702 5751">
     <span class='ocr_line' id='line_1_121' title="bbox 2148 5676 3702 5751; baseline -0.007 -7"><span class='ocrx_word' id='word_1_964' title='bbox 2148 5689 2344 5744; x_wconf 83' lang='lat' dir='ltr'><strong>Pascha</strong></span> <span class='ocrx_word' id='word_1_965' title='bbox 2367 5696 2501 5745; x_wconf 88' lang='lat' dir='ltr'><strong>erat.</strong></span> <span class='ocrx_word' id='word_1_966' title='bbox 2528 5686 2636 5741; x_wconf 86' lang='lat' dir='ltr'><strong>Cur</strong></span> <span class='ocrx_word' id='word_1_967' title='bbox 2667 5687 2746 5743; x_wconf 72' lang='lat' dir='ltr'><strong>les</strong></span> <span class='ocrx_word' id='word_1_968' title='bbox 2782 5684 2981 5741; x_wconf 78' lang='lat' dir='ltr'><strong>Pascha</strong></span> <span class='ocrx_word' id='word_1_969' title='bbox 3003 5682 3284 5740; x_wconf 88' lang='lat' dir='ltr'><strong>comedere</strong></span> <span class='ocrx_word' id='word_1_970' title='bbox 3310 5682 3508 5751; x_wconf 84' lang='lat' dir='ltr'><strong>jussit?</strong></span> <span class='ocrx_word' id='word_1_971' title='bbox 3532 5676 3702 5751; x_wconf 78' lang='lat' dir='ltr'><strong>ingrati</strong></span> 
     </span>
    </p>
   </div>
  </div>
