3906 6224
356 308 456 365 577
1387 311 1474 365 DE
1511 304 1926 370 PRODITIONE
1961 312 2156 370 ΗΠ)Ᾱὶ
2221 313 2453 371 HOMIL.
2493 318 2534 370 1.

359 427 572 496 ἔχοντες
628 423 722 478 καὶ
751 419 1044 497 λαμπάδας
1076 429 1168 482 καὶ
1197 431 1326 496 φῶς,
1350 427 1496 495 λέγει
1524 428 1707 488 αὐτοῖς
1727 443 1742 456 ο
1789 429 1929 480 Τίνα

360 509 613 578 ζῇτεῖτεε
646 507 737 558 καὶ
778 510 1005 578 ἠγνόουν
1029 511 1086 563 ὃν
1115 510 1343 581 ἦμελλον
1388 510 1797 580 συλλαμϐάνειν.
1829 511 1930 564 Το-

357 591 547 646 σοῦτον
594 591 784 662 ἀπεῖχε
837 593 932 645 τοῦ
972 593 1263 664 δυνηθῆναι
1307 594 1638 664 παραδοῦναι
1695 595 1854 646 αὑτὸν
1905 596 1933 647 6

366 676 587 740 Ἰούδας,
645 677 727 729 ὅτι
775 677 896 729 ούδέ
935 677 1082 746 ἐώρα
1129 678 1388 749 παρόντα,
1424 677 1482 728 ὃν
1515 677 1714 746 ἦμελλε
1759 695 1934 748 παρα-

355 759 564 822 δώσειν,
609 761 700 813 καὶ
752 761 924 814 ταῦτα
971 761 1267 832 λαμπάδων
1303 760 1476 814 οὐσῶν
1523 761 1618 814 καὶ
1647 761 1823 830 φωτὸς
1847 779 1933 814 το-

361 841 571 894 σούτου.
589 843 710 896 Ὀτι
733 843 842 912 γὰρ
865 843 1021 896 τοῦτο
1048 843 1267 914 ᾐνίξατο
1295 845 1322 896 6
1346 843 1752 912 εύαγγελιστὴς,
1778 843 1931 914 φησί’

360 925 672 995 Λαμπάδας
698 921 840 995 εἶχον
873 925 966 977 καὶ
989 926 1122 994 φῶς,
1146 925 1236 977 καὶ
1264 926 1361 994 οὐχ
1390 925 1575 994 ἐώρων
1609 925 1790 978 αὐτόν.

430 1009 541 1062 Καὶ
566 1008 687 1061 καθ’
718 1008 954 1076 ἑκάστην
978 1008 1034 1060 δὲ
1063 1008 1224 1060 αὑτὸν
1258 1008 1675 1078 ὑπεμίμνησκεν
1700 1006 1932 1077 ἡμέραν,

359 1092 455 1144 καὶ
476 1092 542 1145 δι’
568 1091 762 1162 ἔργων,
817 1092 910 1145 καὶ
946 1091 1032 1145 διὰ
1085 1091 1362 1162 ῥημάτων,
1391 1091 1603 1154 δεικνὺς
1637 1091 1718 1142 ὅτι
1755 1091 1815 1142 οὐ
1844 1091 1937 1158 λή-

362 1193 515 1230 σεται
553 1175 854 1248 προδιδούς.
911 1176 1020 1228 Καὶ
1060 1174 1182 1228 οὕτε
1232 1173 1481 1246 φανερῶς
1514 1175 1674 1228 αὑτὸν
1708 1174 1936 1244 ἤλεγχεν

362 1265 454 1316 ἐπὶ
486 1263 722 1326 πάντων,
747 1261 888 1315 ὥστε
941 1265 1014 1333 μὴ
1058 1262 1536 1332 ἀναισχυντότερον
1571 1261 1732 1315 αὑτὸν
1773 1261 1937 1331 ἐργά-

364 1346 559 1399 σασθαι
581 1363 594 1375 ο
616 1344 739 1398 οὔτε
774 1343 1118 1414 παρεσιώπα,
1152 1345 1240 1396 ἵνα
1272 1343 1346 1414 μὴ
1375 1343 1606 1414 νομίζων
1634 1344 1934 1410 λανθάνειν,

361 1428 530 1491 ἀδεῶς
563 1429 811 1498 ἐπιχειρῇ
846 1426 944 1496 τὴν
967 1426 1276 1496 προδοσίαν,
1309 1427 1442 1479 ἀλλά
1470 1426 1705 1496 συνεχῶς
1729 1426 1934 1492 ἔλεγεν,

363 1509 470 1578 Εἷς
501 1511 568 1576 ἐξ
598 1511 764 1580 ὑμῶν
796 1510 1135 1577 παραδώσει
1186 1528 1294 1578 με·
1353 1511 1414 1562 ού
1469 1511 1649 1580 μέντοι
1708 1509 1939 1578 φανερὸν

364 1595 523 1648 αὑτὸν
557 1592 808 1663 καθίστη.
848 1592 1081 1654 Πολλοὺς
1119 1593 1175 1644 δὲ
1222 1592 1316 1644 καὶ
1349 1593 1477 1662 περὶ
1508 1593 1729 1662 γεέννης
1758 1591 1939 1660 διῆλθε

361 1679 572 1746 λόγους,
603 1676 828 1738 πολλοὺς
854 1677 946 1729 καὶ
973 1693 1037 1728 πε
1049 1677 1100 1747 ρ¹ι
1134 1675 1429 1744 βασιλείας,
1461 1677 1553 1728 καὶ
1575 1675 1672 1745 τὴν
1701 1674 1784 1742 ἐφ’
1814 1675 1941 1727 ἐκά-

364 1779 494 1832 τερα
525 1761 753 1832 δύναμιν
805 1759 1135 1824 ἐπεδείξατο,
1186 1759 1286 1830 τὴν
1332 1761 1389 1811 ἐν
1419 1759 1495 1828 τῷ
1536 1759 1782 1823 κολάζειν
1817 1760 1941 1822 τοὺς

363 1844 794 1914 ἁμαρτάνοντας,
848 1841 942 1894 καὶ¹
986 1842 1085 1914 τὴν
1137 1842 1193 1893 ἐν
1235 1840 1313 1910 τῷ
1361 1842 1525 1911 τιμᾷν
1570 1843 1696 1904 τοὺς
1745 1858 1941 1910 κατορ-

365 1925 610 1989 θοῦντας.
652 1924 808 1978 Ἀλλά
848 1924 1019 1978 ταῦτα
1061 1925 1237 1978 πάντα
1276 1926 1480 1986 ἐκεῖνος
1510 1924 1939 1995 παρεκρούσατο,

364 2009 394 2060 ὁ
444 2007 500 2060 δὲ
545 2007 676 2070 Θεὸς
711 2007 799 2078 βία
848 2009 946 2078 οὐχ
992 2007 1260 2060 εἵλκυσεν.
1309 2005 1524 2076 Ἐπειδὴ
1573 2007 1681 2076 γὰρ
1722 2005 1942 2075 κυρίους

362 2092 512 2160 ἡμᾶς
544 2090 764 2160 ἐποίησε
787 2091 880 2143 καὶ
905 2091 999 2160 τῆς
1031 2091 1138 2141 τῶν
1155 2089 1372 2158 φαύλων
1425 2090 1519 2141 καὶ
1545 2090 1641 2156 τῆς
1667 2088 1773 2140 τῶν
1805 2089 1942 2155 ἀγα-

368 2171 477 2225 θῶν
527 2173 775 2244 πράξεων
811 2175 1094 2242 αἱρέσεως,
1142 2175 1234 2224 καὶ
1263 2172 1488 2234 ἑκόντας
1534 2168 1668 2224 εἷναι
1699 2171 1944 2241 βούλεται

363 2255 560 2318 καλούς
585 2273 598 2286 ⁸
630 2255 716 2309 διὰ
769 2256 945 2320 τοῦτο,
981 2256 1046 2310 ἂν
1093 2256 1166 2326 μὴ
1225 2255 1564 2325 βουλοίμεθα,
1613 2257 1670 2307 οὐ
1701 2255 1944 2324 βιάζεται

365 2340 476 2393 οὐδ’
508 2339 806 2408 ἀναγκάζει
825 2356 837 2367 ·
870 2340 929 2392 τὺ
952 2338 1059 2409 γὰρ
1087 2339 1375 2409 βιασθέντα
1399 2334 1536 2392 εἶναι
1560 2339 1814 2408 χρηστὸν,
1846 2339 1946 2391 οὐκ

366 2423 512 2476 ἐστιν
542 2419 680 2477 εἶναι
715 2423 969 2492 χρηστόν.
1020 2423 1169 2475 Ἐπεὶ
1198 2418 1290 2476 οὖν
1312 2423 1564 2485 κάκεῖνος
1597 2422 1824 2492 γνώμης
1847 2421 1947 2474 κύ-

370 2523 484 2579 ριος
521 2501 609 2576 ἦν,
649 2506 742 2572 καὶ
777 2509 833 2559 ἐν
868 2506 1082 2578 ἐξουσίᾳ
1108 2505 1201 2558 τοῦ
1242 2507 1316 2577 μὴ
1357 2505 1664 2574 πεισθῆναι,
1691 2506 1782 2557 καὶ
1811 2506 1947 2575 πρὸς

367 2590 728 2660 φιλαργυρίαν
781 2589 854 2658 μὴ
913 2590 1226 2654 ἀποκλῖναι,
1268 2587 1356 2640 διὰ
1389 2588 1548 2640 τοῦτο
1584 2587 1946 2655 ἀπετυφλώθη

366 2673 466 2743 τὴν
490 2673 744 2733 διάνοιαν,
780 2673 874 2724 καὶ
902 2673 1000 2743 τὴν
1020 2671 1404 2742 σωτηρίαντὴν
1423 2670 1614 2722 ἐαυτοῦ
1642 2671 1915 2740 προέδωκε
1932 2686 1944 2697 ·

368 2756 462 2808 καί
488 2773 647 2827 φησι,
683 2757 742 2808 Ti
764 2755 968 2807 θέλετέ
1013 2772 1112 2824 μοι
1144 2753 1372 2815 δοῦναι,
1410 2752 1569 2820 κάγὼ
1591 2752 1732 2821 ὑμῖν
1765 2769 1950 2820 παρα-

367 2839 538 2891 δώσω
569 2839 786 2901 αὑτόν;
838 2838 1102 2906 Ἐλέγχων
1132 2837 1308 2890 τοίνυν
1355 2835 1446 2888 τοῦ
1480 2836 1596 2898 νοὸς
1646 2835 1814 2888 αὐτοῦ
1850 2838 1948 2905 τὴν

367 2921 640 2988 τύφλωσιν
673 2920 765 2973 καὶ
815 2920 910 2989 τὴν
961 2920 1218 2973 ἀπόνοιαν
1256 2922 1283 2972 ὀ
1318 2919 1724 2987 εύαγγελιστὴς,
1764 2917 1946 2988 φησίν·

381 3007 470 3058 Ἑν
497 3005 576 3074 τῷ
605 3003 780 3074 καιρῷ
799 3004 896 3072 τῆς
924 3004 1110 3072 ἐφόδου
1132 3005 1158 3054 6
1191 3001 1388 3064 Ἰούδας
1408 3003 1648 3070 εἱστήκει
1665 3002 1830 3068 ἐγγὺς
1856 3001 1950 3053 a6-

367 3088 497 3150 τῶν,
522 3090 726 3148 ἐκεῖνος
757 3087 785 3137 ὀ
833 3085 1030 3137 εἰπών·
1064 3085 1125 3137 Τί
1161 3084 1363 3136 θέλετέ
1398 3100 1499 3150 μοι
1533 3082 1762 3142 δοῦναι,
1789 3082 1952 3151 κάγὼ

368 3171 512 3238 ὑμῖν
545 3169 876 3236 παραδώσω
905 3167 1091 3219 αὐτόν
1114 3183 1131 3230 ;
1151 3167 1264 3218 Ούκ
1303 3165 1550 3216 ἐντεῦθεν
1580 3165 1636 3216 δὲ
1658 3165 1814 3234 μόνον
1838 3165 1950 3216 ἔστι

367 3251 664 3305 θεάσασθαι
684 3247 782 3318 τὴν
815 3247 1039 3316 δύναμιν
1066 3247 1158 3300 τοῦ
1183 3246 1443 3318 Χριστοῦ,
1468 3246 1581 3298 ἀλλ’
1608 3247 1688 3298 δτι
1718 3247 1810 3298 καὶ
1841 3264 1953 3313 φω-

371 3335 465 3403 νὴν
500 3332 728 3398 ἀφέντος
761 3329 910 3401 [581]
942 3330 1123 3398 ψιλὴν,
1143 3329 1386 3398 ἀπῆλθον
1416 3329 1508 3380 καὶ
1533 3328 1726 3381 ἔπεσον
1757 3331 1948 3398 χαμαί.

395 3413 614 3483 Ἐπειδὴ
650 3413 706 3465 δὲ
744 3412 863 3464 ούδέ
894 3411 1064 3474 οὕτως
1100 3413 1393 3480 ἀφίσταντο
1421 3413 1516 3482 τῆς
1554 3411 1951 3481 ἀναισχυντίας,

368 3497 556 3551 λοιπὸν
586 3495 771 3548 ἐαυτὸν
800 3495 1150 3562 παραδίδωσι,
1186 3496 1464 3566 μονονουχὶ
1489 3495 1689 3562 λέγων·
1721 3493 1861 3562 Ἐγὼ
1894 3498 1953 3548 τὸ

371 3580 609 3652 ἐμαυτοῦ
649 3578 766 3630 ὅλον
805 3579 1054 3648 ἐποίησα,
1103 3579 1202 3647 τὴν
1243 3577 1471 3648 δύναμιν
1519 3576 1823 3646 ἐξεκάλυψα
1856 3579 1955 3649 τὴν

371 3661 630 3734 ἐμαυτοῦ,
654 3661 829 3726 ἔδειξα
857 3662 938 3713 ὃτι
965 3661 1244 3723 ἀδυνάτοις
1267 3663 1589 3730 ἐπιχειρεῖτε
1617 3662 1951 3734 πράγμασιν.

385 3744 720 3816 Ἦϐουλήθην
754 3743 1100 3796 καταστεῖλαι
1141 3743 1293 3812 ὑμῶν
1323 3743 1417 3813 τὴν
1453 3742 1738 3812 πονηρίαν”
1769 3744 1954 3813 ἐπειδὴ

371 3828 430 3882 δὲ
458 3829 618 3898 ὑμεῖς
650 3828 749 3879 οὐκ
777 3825 1134 3897 ἡϐουλήθητε,
1162 3825 1274 3878 ἀλλ’
1304 3825 1588 3893 ἐπιμένετε
1621 3826 1956 3896 παραπαίον-

371 3928 483 3975 τες,
511 3911 618 3964 ἰδοὺ
648 3909 990 3980 παραδίδωμι
1014 3909 1270 3979 ἐμαυτόν.
1311 3907 1495 3960 Ταῦτα
1525 3908 1580 3960 δέ
1615 3926 1701 3977 μοι
1723 3908 1954 3980 εἴρηται,

375 3994 462 4047 ἵνα
487 3993 560 4065 μὴ
584 3991 929 4064 κατηγορῶσί
957 4008 1102 4051 τινες
1143 3989 1233 4043 τοῦ
1276 3989 1530 4060 Χριστοῦ,
1566 3989 1832 4058 λέγοντες·
1861 3992 1958 4044 Διά

373 4075 427 4128 τί
455 4076 515 4128 οὐ
548 4075 809 4144 μετέϐαλε
861 4074 952 4126 τὸν
979 4073 1176 4126 Ἰούδαν
1202 4090 1216 4132 ;
1261 4074 1347 4126 διά
1381 4073 1432 4123 τί
1462 4073 1560 4124 οὐκ
1583 4073 1835 4143 ἐποίησεν
1861 4075 1958 4127 αὑ-

372 4158 464 4210 τὸν
495 4157 743 4227 σώφρονα
777 4159 872 4210 καὶ
903 4158 1156 4228 ἐπιεικῆς
1195 4158 1317 4218 Πῶς
1351 4157 1457 4208 ἔδει
1485 4157 1700 4225 ἐπιεικῆ
1737 4157 1959 4226 ποιῆσαι

374 4242 565 4306 αύτόν;
593 4242 825 4310 ἀνάγκη,
845 4241 878 4308 ἢ
905 4239 1098 4310 γνώμῃ
1124 4259 1138 4306 ;
1171 4242 1232 4293 Εἰ
1269 4241 1365 4312 μὲν
1401 4241 1637 4310 ἀνάγκη,
1659 4240 1767 4292 οὐδ’
1790 4240 1961 4304 οὕτως

376 4322 603 4392 ἔμελλεν
641 4323 860 4374 ἔσεσθαι
893 4321 1116 4391 βελτίων
1137 4340 1148 4352 ·
1178 4323 1350 4385 οὐδεὶς
1394 4323 1500 4393 γάρ
1533 4323 1743 4393 ἀνάγκῃ
1763 4323 1958 4391 γένοιτ’

377 4405 444 4459 ἂν
467 4405 700 4474 ἀγαθός’
743 4407 791 4456 εἰ
825 4407 880 4458 δὲ
932 4404 1128 4478 γνώμῃ
1179 4407 1271 4458 καὶ
1318 4407 1655 4478 προαιρέσει,
1689 4406 1867 4460 πάντα
1894 4407 1962 4460 τὰ

375 4490 643 4559 δυνάμενα
688 4487 978 4557 διορθῶσαι
1042 4491 1361 4561 προαίρεσιν
1415 4491 1508 4541 καὶ
1572 4487 1796 4560 γνώμην
1852 4492 1962 4542 εἱσ-

374 4575 621 4646 ήνεγκεν.
664 4570 725 4622 ΕΞ
757 4570 810 4622 δὲ
866 4571 938 4640 μὴ
978 4571 1244 4640 ἐϐουλήθη
1276 4571 1533 4638 δέξασθαι,
1555 4570 1614 4621 τὸ
1643 4571 1956 4641 φάρμακον,

374 4657 434 4709 οὐ
463 4657 555 4708 τοῦ
585 4653 769 4725 ἰατροῦ
815 4653 876 4705 τὸ
927 4653 1092 4723 ἐγκλη
1103 4671 1198 4722 μα,
1250 4652 1385 4704 ἀλλά
1414 4652 1505 4704 τοῦ
1541 4654 1636 4724 τὴν
1668 4654 1960 4723 θεραπείαν

375 4736 859 4809 διακρουσαμένου.
893 4737 1034 4806 Ὅρα
1064 4733 1155 4788 οὖν
1182 4736 1281 4793 ὃσα
1325 4735 1599 4809 ἐποίησεν,
1631 4734 1770 4789 ὥστε
1799 4738 1960 4789 αὑτὸν

376 4819 786 4890 ἀνακτήσασθαι
813 4818 907 4870 καὶ
929 4819 1214 4871 διασῶσαι.
1264 4817 1572 4871 Ἰίδίδασκεν
1597 4819 1758 4871 αὐτὸν
1784 4821 1960 4872 πᾶσαν

377 4903 691 4973 φιλοσοφίαν
728 4902 815 4954 διά
865 4902 1229 4974 πραγμάτων,
1257 4900 1343 4952 διὰ
1380 4903 1660 4973 ῥημάτων,
1692 4902 1962 4972 ἀνώτερον

375 4988 536 5040 αὑτὸν
583 4985 691 5038 τῶν
729 4986 996 5056 δαιμόνων
1046 4985 1294 5054 ἐποίησε,
1338 4984 1592 5054 θαύματα
1636 4984 1960 5056 ἐργάζεσθαι

377 5071 548 5123 πολλά
570 5069 1007 5139 παρεσκεύασεν,
1034 5069 1267 5136 ἐφόϐησε
1284 5069 1348 5137 τῇ
1376 5067 1471 5136 τῆς
1496 5068 1716 5138 γεέννης
1739 5067 1957 5138 ἀπειλῇ,

375 5152 749 5223 προετρέψατο
780 5154 846 5223 τῇ
899 5152 996 5221 τῆς
1051 5149 1326 5220 βασιλείας
1370 5148 1705 5219 ἐπαγγελίαο
1767 5150 1960 5220 ἧλεγξε

375 5235 637 5304 διηνεκῶς
683 5235 752 5288 τά
784 5235 1074 5308 ἀπόρρητα
1129 5229 1294 5286 αὑτοῦ
1331 5230 1692 5301 βουλεύματα,
1725 5232 1960 5302 ἐλέγχων

372 5318 432 5370 δὲ
455 5318 554 5369 οὐκ
578 5317 892 5387 ἐδημοσίευε
918 5334 933 5348 ·
953 5319 1082 5378 τοὺς
1110 5316 1275 5378 πόδας
1297 5313 1462 5367 αὑτοῦ
1485 5313 1623 5383 μετά
1654 5313 1761 5367 τῶν
1788 5316 1960 5369 ἄλλων

374 5399 577 5468 ἔνιψεν,
608 5400 751 5452 ἀλῶν
781 5399 1337 5472 αὐτῷκαὶτραπέζης
1366 5396 1720 5466 ἐκοινώνησεν
1739 5412 1751 5424 ·
1784 5397 1954 5464 οὐδὲν,

377 5484 438 5536 οὐ
476 5482 738 5553 μικρὸν,ἢ
771 5485 914 5553 μέγα
938 5483 1211 5537 ἐνέλιπεν·
1245 5485 1272 5535 6
1297 5483 1353 5534 δέ
1375 5481 1514 5535 ἑκὼν
1539 5480 1750 5549 ἔμεινεν
1779 5481 1958 5552 ἀδιόρ-

377 5570 567 5629 θωτος.
607 5569 716 5620 Καὶ
744 5568 828 5619 ἵνα
861 5567 1060 5639 μάθῃς,
1084 5568 1167 5619 ὅτι
1195 5566 1419 5628 δυνατὸς
1453 5564 1526 5617 ῶν
1560 5564 1958 5636 μεταϐαλέσθαι

375 5653 475 5704 οὐκ
501 5648 785 5719 ἠθέλησεν,
823 5650 958 5702 ἀλλά
988 5651 1088 5719 τῆς
1113 5648 1280 5702 αὐτοῦ
1317 5647 1586 5718 ῥᾳθυμίας
1604 5647 1664 5701 τὸ
1696 5650 1802 5700 πᾶν
1837 5648 1960 5714 ἐγέ-

376 5749 514 5798 νετο,
545 5733 791 5786 ἄκουσον.
835 5733 1051 5803 Ἐπειδὴ
1069 5732 1175 5806 γάρ
1201 5733 1515 5803 παρέδωκεν
1537 5731 1714 5796 αὐτὸν,
1760 5729 1948 5807 ἔρριψε

3494 319 3603 376 573

2031 429 2100 483 τὰ
2125 429 2412 500 τριάκοντα
2438 430 2696 502 ἀργύρια.
2729 431 2821 484 καί
2863 444 3048 502 φησιν⁹
3093 433 3384 502 Ἥμαρτον
3423 450 3608 503 παι-(ιο

2031 511 2176 577 δοὺς
2205 508 2347 579 αἷμα
2380 513 2632 568 δίκαιον.
2681 515 2746 566 Τί
2791 515 3050 582 γέγονεν;
3090 517 3216 569 Ὅτε
3269 516 3610 589 θαυματουρ-

2033 595 2230 662 γοῦντα
2267 591 2422 658 εἶδες,
2453 597 2551 648 ούκ
2593 595 3101 667 ἔλεγες.’Ἡμοιρτοιιν⁶
3137 601 3439 670 παραδοὺς
3467 597 3610 672 αἷμα

2033 678 2256 733 ἀθῶον*
2308 679 2463 742 ἀλλὰ,
2516 682 2578 733 Τι’
2620 681 2822 736 θέλετέ
2857 700 2958 748 μοι
3009 682 3238 750 δοῦναι,
3283 686 3443 754 κάγὼ
3470 687 3613 755 ὑμῖν

2034 759 2365 828 παραδώσω
2381 762 2602 822 αὑτόν;
2632 764 2845 833 Ἐπειδὴ
2871 764 2927 816 δὲ
2943 764 3004 816 τὸ
3031 766 3198 818 κακὸν
3232 767 3607 838 προεχώρησε,

2035 845 2127 896 καὶ
2161 845 2193 911 ἡ
2224 844 2481 914 προδοσία
2502 845 2651 907 τέλος
2675 844 2821 914 ἔσχε,
2853 847 2946 898 καὶ
2966 848 2996 915 ἡ
3015 847 3260 917 ἁμαρτία
3281 850 3607 919 ἀπήρτιστο,

2034 927 2154 979 τότε
2189 928 2430 995 ἐπέγνως
2465 928 2561 998 τὴν
2611 929 2904 999 ἁμαρτίαι.
2944 930 3008 981 Τί
3048 926 3140 983 οὖν
3191 931 3438 985 ἐντεῦθεν
3473 951 3612 1002 μαν⁸

2035 1010 2301 1080 θάνομενς
2339 1011 2460 1063 Ὅτι
2503 1011 2626 1063 ὅταν
2678 1011 2777 1080 μέν
2813 1012 3163 1082 ρᾳθυμῶμεν,
3197 1014 3318 1067 οὑδέ
3347 1022 3611 1086 παραινε-

2039 1111 2120 1157 σις
2147 1094 2294 1162 ἡμᾶς
2347 1093 2578 1161 ὠφελεῖ
2633 1093 2757 1146 ὅταν
2787 1093 2841 1146 δέ
2891 1093 3298 1165 σπουδάζωμεν,
3327 1099 3418 1148 καὶ
3459 1099 3614 1151 αὐτοὶ

2036 1177 2128 1246 ἀφ’
2160 1176 2365 1228 ἑαυτῶν
2393 1177 2740 1246 διαναστῆναι
2783 1177 3076 1247 δυνάμεθα.
3115 1180 3222 1231 Καὶ
3260 1179 3367 1251 γάρ
3408 1183 3502 1234 καὶ
3525 1180 3614 1236 οῦ-

2037 1279 2147 1323 τος,
2178 1261 2266 1313 ὅτε
2289 1259 2519 1330 παρῄνει
2556 1263 2653 1331 μὲν
2682 1264 2710 1314 6
2734 1261 3071 1326 διδάσκαλος,
3117 1263 3218 1316 ούκ
3266 1265 3486 1334 ἤκουεν·
3523 1267 3614 1319 ὅτε

2070 1343 2291 1405 ἐούδεὶς
2317 1337 2387 1412 ἦν
2418 1343 2446 1394 6
2493 1343 2796 1412 παραινῶν,
2836 1343 2896 1397 τὸ
2930 1346 3124 1398 οἰκεῖον
3162 1346 3398 1409 συνειδὸς
3443 1349 3613 1401 ἐπανη

2039 1425 2191 1494 έστη.
2233 1426 2325 1477 καί
2359 1424 2583 1494 μηδενὸς
2617 1426 2768 1489 ὄντος
2795 1426 3110 1480 διδασκάλου
3145 1429 3486 1498 μετεϐάλετο,
3522 1433 3616 1484 καὶ

2043 1507 2284 1574 κατέγνω
2300 1507 2408 1560 τῶν
2436 1507 2870 1578 τετολμημένων,
2897 1510 2990 1562 καὶ
3021 1509 3210 1581 έρριψε
3235 1512 3304 1563 τά
3325 1512 3616 1581 τριάκοντα

2040 1591 2294 1662 ἀργύρια.
2342 1592 2402 1645 Τί
2426 1592 2630 1646 θέλετέ
2659 1610 2762 1660 μοι
2803 1591 3032 1655 δοῦναι,
3064 1593 3225 1663 κάγὼ
3257 1595 3400 1661 ὑμῖν
3430 1613 3617 1664 παρα-

2041 1674 2210 1728 δώσω
2246 1677 2463 1740 αὺτόν;
2495 1677 2604 1730 Καὶ
2659 1677 2952 1744 ἔστησαν,
3010 1679 3194 1746 φησὶν,
3249 1677 3407 1742 αὺτῷ
3460 1679 3617 1745 τριά-

2042 1774 2225 1810 κοντα
2277 1760 2544 1827 ἀργύρια.
2603 1758 2779 1828 Τιμὴν
2828 1759 3126 1812 κατέϐαλον
3179 1759 3406 1828 αἵματος
3451 1762 3616 1831 τιμὴν

2042 1841 2140 1892 οὐκ
2174 1841 2404 1909 ἔχοντος.
2453 1840 2516 1893 Τί
2571 1841 2867 1910 λαμϐάνεις
2918 1841 3211 1912 τριάκοντα
3262 1844 3517 1914 ἀργύρια,
3572 1845 3617 1896 ὦ

2056 1925 2254 1988 Ἰούδας
2313 1926 2529 1995 Δωρεάν
2580 1919 2744 1993 ἦλθεν
2780 1926 2807 1975 6
2845 1925 3079 1995 Χριστὸς
3126 1927 3308 1994 ἐκχέαι
3360 1927 3426 1979 τὸ
3478 1922 3619 1996 αἷμα

2043 2006 2198 2058 τοῦτο
2227 2007 2364 2076 ὑπὲρ
2415 2006 2512 2075 τῆς
2565 2005 2908 2076 οἰκουμένης,
2971 2007 3110 2078 ὑπὲρ
3157 2003 3216 2060 οὗ
3251 2008 3513 2077 σύμφωνα
3553 2012 3617 2062 σὺ

2046 2093 2215 2152 ποιεῖς
2230 2092 2319 2141 καὶ
2344 2090 2762 2158 συναλλάγματα
2786 2090 2996 2160 ἀναιδῆ.
3027 2091 3090 2142 Τί
3115 2093 3222 2162 γὰρ
3245 2093 3619 2161 ἀναιδέστερον

2045 2171 2135 2223 τοῦ
2163 2171 2606 2242 συναλλάγματος
2638 2172 2824 2224 τούτου
2847 2188 2860 2236 ;

2114 2338 2175 2390 δ’.
2217 2337 2356 2390 Τότε
2382 2337 2737 2406 προσῆλθον
2755 2341 2807 2391 οἱ
2825 2340 3100 2408 μαθηταί.
3131 2341 3284 2392 Τότεο
3310 2341 3435 2394 πότε
3455 2359 3467 2406 ;
3491 2343 3619 2395 Ὅτε

2044 2422 2214 2475 ταῦτα
2263 2423 2497 2489 ἐγένετο,
2556 2422 2644 2473 ὅτε
2683 2425 2714 2488 ἡ
2751 2421 3005 2491 προδοσία
3065 2423 3484 2494 προεχώρησεν,
3529 2427 3619 2477 ὅτε

2048 2505 2238 2558 ἑαυτὸν
2272 2504 2547 2557 ἀπώλεσεν
2571 2507 2598 2557 ὁ
2623 2504 2842 2565 Ἰούδας,
2871 2504 3230 2572 Προσῆλθον
3251 2508 3411 2572 αὺτῴ
3450 2511 3622 2577 ofﬂa-

2048 2588 2215 2655 Οηταὶ
2229 2587 2661 2656 λέγοι-τες·Ποῦ
2678 2588 2870 2652 θέλεις
2886 2588 3289 2662 ἑτοιμάσωμέν
3303 2607 3397 2643 σοι
3413 2593 3625 2659 φαγεῖν

2049 2673 2112 2723 τὸ
2144 2671 2396 2738 Πιίσχαξ
2431 2668 2581 2732 Εἶδες
2612 2668 3048 2740 μαθητήν;εἷδες
3069 2673 3348 2742 μαθητάς;
3390 2674 3624 2736 Ἐκεῖνος

2053 2751 2203 2825 [389.]
2237 2753 2523 2824 προδίδωσι
2552 2754 2642 2806 τὸν
2676 2753 2972 2823 Δεσπότην,
3013 2748 3157 2806 οὗτοι
3195 2756 3321 2824 περί
3351 2755 3408 2807 τὸ
3434 2757 3626 2824 Πάσχα

2057 2835 2405 2906 μεριμνῶσιν·
2423 2838 2625 2898 ἐκεῖνος
2641 2834 2903 2902 σύμφωνα
2919 2839 3076 2896 ποιεῖ,
3100 2830 3244 2889 οὗτοι
3262 2836 3394 2906 πρὸς
3423 2839 3626 2908 ὑπηρε-

2055 2919 2173 2970 σίαν
2231 2918 2654 2990 παρεσκεύαζον.
2704 2917 2820 2970 Τῶν
2838 2917 3016 2970 αὐτῶν
3038 2918 3348 2971 ἀπέλαυσαν
3379 2921 3627 2980 κάκεῖνος

2051 3003 2142 3054 καὶ
2178 2995 2321 3053 οῦτοι
2374 3003 2683 3071 θαυμάτων,
2736 3001 2844 3053 τῶν
2909 3001 3085 3053 αὐτῶν
3135 3001 3496 3072 διδαγμάτων,
3530 3005 3627 3070 τῆς

2053 3084 2220 3152 αὐτῆς
2266 3083 2546 3146 ἐξουσίας·
2602 3084 2763 3134 πόθεν
2819 3081 2911 3136 οἷν
2947 3085 2978 3152 ἡ
3013 3083 3312 3153 μεταϐολή;
3366 3086 3495 3136 ’Λπὸ
3528 3087 3628 3155 τῆς

2055 3166 2426 3234 προαιρέσεως
2447 3181 2457 3190 ·
2499 3163 2637 3231 αὕτη
2673 3163 2889 3216 πάντων
2920 3166 3068 3218 αἰτία
3104 3167 3378 3236 πανταχοῦ
3407 3169 3628 3220 καὶτῶν

2054 3247 2270 3314 ἀγαθῶν
2305 3248 2397 3299 καὶ
2440 3247 2548 3300 τῶν
2589 3247 2792 3299 κακῶν.
2840 3249 2962 3300 Ποῦ
3001 3251 3195 3314 θέλεις
3229 3250 3630 3320 ἑτοιμίίσίιιμὲν

2055 3349 2151 3384 σοι
2185 3330 2394 3399 φαγεῖν
2425 3330 2491 3384 τὸ
2523 3330 2772 3397 Πάσχα;
2807 3331 2871 3383 Ἦ
2923 3331 3129 3402 ἑσπέρα
3177 3332 3314 3401 αὕτη
3353 3330 3420 3402 ἦν
3464 3336 3584 3386 τότε
3613 3353 3626 3365 ·

2056 3415 2175 3466 ἐπεὶ
2203 3411 2294 3466 οὖν
2323 3414 2495 3466 οίκίαν
2527 3415 2625 3466 οὐκ
2653 3411 2794 3483 εἶχεν
2815 3415 2843 3464 ὁ
2863 3415 3159 3485 Δεσπότης,
3191 3414 3281 3468 διὰ
3305 3417 3462 3469 τοῦτο
3482 3419 3629 3487 αύτῷ

2055 3497 2304 3564 λέγουσι·
2350 3496 2473 3550 Ποῦ
2507 3497 2701 3562 θέλεις
2733 3496 3138 3565 ἑτοιμάσωμέν
3182 3515 3280 3552 σοι
3316 3500 3526 3568 φαγεῖν
3563 3504 3629 3554 τὸ

2057 3581 2304 3649 Πάσχας
2358 3581 2469 3632 Οὐκ
2515 3579 2709 3650 ἔχομεν
2761 3579 3101 3648 καταγώγιον
3155 3582 3475 3652 ὡρισμένον,
3531 3585 3631 3637 οὐκ

2056 3664 2247 3734 ἔχομεν
2301 3663 2524 3734 σκηνὴν,
2555 3663 2673 3715 ούδέ
2719 3663 2914 3716 οἰκίαν.
2966 3664 3400 3720 Μανθανέτωσαν
3440 3667 3489 3720 οἱ
3533 3667 3632 3731 τὰς

2056 3747 2120 3800 λα
2130 3745 2314 3818 μπράς
2340 3745 2738 3814 οἰκοδομοῦντες
2763 3746 2957 3809 οἰκίας,
2978 3747 3069 3800 καὶ
3091 3746 3189 3810 τάς
3211 3749 3426 3819 εὐρείας
3449 3753 3633 3818 στοάς,

2058 3830 2151 3883 καὶ
2196 3830 2320 3890 τοὺς
2370 3829 2614 3897 μακροὺς
2643 3829 2982 3897 περιϐόλους,
3011 3830 3091 3881 ὅτι
3137 3830 3236 3882 οὐκ
3271 3827 3414 3900 εἶχεν
3443 3835 3471 3885 6
3500 3832 3633 3903 Χρι-

2061 3913 2182 3975 στὸς
2215 3911 2316 3964 ποῦ
2350 3911 2448 3980 τὴν
2475 3910 2715 3979 κεφαλὴν
2751 3913 3088 3965 κατακλῖναι.
3132 3913 3222 3964 Διὸ
3251 3915 3526 3985 ἐρωτῶσιν
3553 3912 3634 3970 οῦ-

2061 4012 2164 4048 τοι’
2194 3992 2317 4047 Ποῦ
2351 3993 2544 4057 θέλεις
2582 3992 2985 4062 ἑτοιμάσωμέν
3017 4009 3114 4048 σοι
3150 3997 3362 4064 φαγεῖν
3403 3998 3469 4052 τὸ
3513 3998 3633 4052 Πά-

2059 4093 2214 4147 σχα;
2251 4079 2406 4129 Ποῖον
2441 4077 2662 4145 Πάσχα;
2714 4077 2848 4145 Οὐχὶ
2880 4076 3036 4130 τοῦτο
3069 4077 3128 4129 τὸ
3168 4081 3452 4150 ἡμέτερον,
3500 4083 3634 4136 ἀλλά

2059 4163 2119 4213 τὸ
2157 4158 2444 4213 Ἰουδαϊκὸν
2475 4157 2640 4219 τέως·
2682 4159 2856 4210 ἐκεῖνο
2887 4159 2984 4228 μὲν
3016 4158 3124 4230 γὰρ
3151 4163 3200 4212 οἱ
3235 4163 3472 4232 μαθηταὶ
3497 4182 3634 4235 παρ-

2061 4242 2382 4303 εσκεύασαν,
2416 4239 2572 4292 τοῦτο
2613 4239 2668 4292 δέ
2697 4241 2756 4293 τὸ
2784 4242 3050 4312 ἡμέτερον
3085 4243 3247 4307 αὐτὸς
3293 4248 3632 4300 κατεσκεύα-

2064 4345 2181 4379 σεν·
2211 4328 2272 4379 οὐ
2308 4325 2464 4395 μόνον
2494 4324 2549 4376 δέ
2581 4325 2742 4388 αὐτὸς
2775 4325 2905 4378 αὐτὸ
2937 4327 3357 4392 κατεσκεύασεν,
3383 4330 3518 4382 ἀλλά
3541 4332 3634 4384 καὶ

2061 4412 2220 4473 αὐτὸς
2249 4411 2436 4479 Πάσχα
2474 4410 2715 4477 ἐγένετο.
2748 4409 2867 4462 Ποῦ
2891 4410 3084 4475 θέλεις
3109 4413 3513 4481 ἐτοιμάσινψέν
3532 4432 3633 4470 σοι

2061 4493 2271 4563 φαγεῖν
2294 4492 2359 4546 τὸ
2394 4492 2649 4560 Πάσχα;
2684 4492 2887 4544 Ἐκεῖνο
2919 4493 3204 4545 Ἰουδαϊκὸν
3237 4491 3303 4564 ἦν
3326 4495 3386 4548 τὸ
3421 4497 3630 4568 Πάσχα,

2064 4579 2237 4630 ἐκεῖνο
2266 4577 2320 4626 ἐν
2350 4574 2609 4644 Αἰγύπτῳ
2638 4575 2736 4644 τὴν
2761 4573 2934 4645 ἀρχὴν
2957 4575 3137 4628 ἔλαϐε.
3153 4575 3308 4640 Τίνος
3333 4573 3426 4630 οὖν
3448 4578 3634 4634 ἕνεκεν

2063 4660 2261 4731 τρώγει
2284 4659 2414 4710 αὐτὸ
2443 4661 2470 4710 ὁ
2501 4655 2765 4728 Χριστός;
2798 4659 2920 4711 Ὅτι
2952 4659 3128 4710 πάντα
3153 4659 3221 4711 τὰ
3251 4662 3444 4731 νομικά
3468 4664 3635 4736 ἐπλή-

2065 4758 2226 4813 ρωσε.
2253 4741 2362 4793 Καὶ
2405 4740 2512 4811 γάρ
2552 4741 2639 4792 ὅτε
2676 4739 3013 4806 ἐϐαπτίζετο,
3059 4741 3242 4809 ἔλεγεν
3267 4759 3282 4771 ⁸
3320 4744 3482 4797 Οὕτω
3522 4751 3633 4816 γὰρ

2062 4823 2292 4890 πρέπον
2335 4823 2507 4875 ἐστὶν
2546 4821 2691 4890 ἡμῖν
2730 4824 3043 4889 πληρῶσαι
3079 4823 3286 4879 πᾶσαν
3326 4827 3633 4883 δικαιοσύ-

2060 4901 2404 4972 νην-,τΗλθον
2448 4907 2512 4957 ἐκ
2557 4905 2656 4973 τῆς
2687 4903 2780 4956 τοῦ
2813 4905 2976 4974 νόμου
3021 4908 3267 4979 κατάρας
3305 4909 3630 4982 ἐξαγοράσαι

2060 4989 2150 5039 τὸν
2181 4986 2481 5058 ἄνθρωπον.
2501 4987 2553 5038 Ὁ
2585 4989 2692 5056 γάρ
2724 4985 2868 5052 Θεὸς
2901 4988 3009 5040 τὸν
3038 4989 3255 5045 ἑαυτοῦ
3292 4993 3428 5045 Υἱὸν
3455 4993 3632 5062 ἔπεμ-

2060 5073 2141 5138 ψε
2175 5068 2546 5139 γεννώμενον
2577 5069 2645 5122 ἐκ
2679 5069 2986 5137 γυναικὸς,
3025 5074 3347 5142 γενόμενον
3381 5076 3495 5128 ὑπὸ
3533 5078 3632 5128 rd-

2055 5169 2192 5220 μον,
2235 5153 2336 5204 ἵνα
2380 5151 2516 5217 τοὺς
2564 5151 2682 5206 ὑπὸ
2723 5154 2906 5221 νόμον
2942 5153 3304 5223 ἐξαγοράσῃ,
3339 5158 3431 5209 καὶ
3470 5159 3632 5212 αὑτὸν

2060 5233 2348 5307 ἀναπαύσῃ
2391 5235 2481 5288 τὸν
2513 5235 2819 5304 νόμον.”Ινα
2861 5232 2953 5289 οὖν
3006 5239 3078 5306 μή
3113 5255 3196 5299 τις
3226 5238 3374 5308 λέγῃ,
3419 5239 3500 5292 ὃτι
3544 5241 3632 5296 διὰ

2059 5315 2215 5369 τοῦτο
2244 5317 2404 5369 αὑτὸν
2433 5320 2800 5389 κατήργησεν,
2831 5319 3015 5388 ἐπειδὴ
3043 5318 3326 5389 πληρῶσαι
3350 5322 3510 5374 αὑτὸν
3532 5325 3631 5377 οὐκ

2060 5401 2310 5470 ⁴ιῇδύνατο,
2345 5402 2418 5463 ὡς
2460 5404 2714 5472 φορτικὸν
2745 5404 2838 5455 καὶ
2865 5403 3075 5472 ἐπαχθῆ
3119 5404 3212 5455 καὶ
3255 5403 3628 5477 δυσκατόρθω-

2057 5501 2148 5536 τον
2172 5483 2319 5549 ὄντα,
2356 5485 2572 5555 πρῶτον
2603 5487 2767 5539 αὑτοῦ
2795 5485 3087 5556 πληρώσας
3113 5487 3345 5555 ἅπαντα,
3365 5490 3483 5543 τότε
3503 5509 3635 5547 κατ-

2059 5565 2234 5619 έλυσε.
2264 5567 2363 5620 Διά
2393 5566 2548 5620 τοῦτο
2585 5568 2679 5621 καὶ
2721 5569 2781 5621 τὸ
2825 5570 3016 5636 Πάσχα
3040 5569 3292 5640 ἐποίησε’
3328 5571 3491 5644 νόμου
3527 5577 3633 5647 γὰρ

2056 5645 2124 5718 ἦν
2154 5650 2434 5717 ἐπίταγμα
2461 5651 2520 5702 τὸ
2550 5652 2762 5719 Πάσχα.
2795 5653 2902 5704 Καὶ
2933 5652 3077 5715 τίνος
3103 5653 3288 5707 ἕνεκεν
3313 5658 3340 5708 6
3363 5659 3523 5728 νόμος
3544 5645 3634 5710 ἐτ-

2060 5732 2214 5797 έταξε
2247 5734 2303 5786 τὸ
2338 5734 2526 5802 Πάσχα
2573 5734 2808 5799 ἐσθίειν;
2852 5735 3185 5806 Ἀγνώμονες
3219 5733 3356 5805 ἦσαν
3385 5743 3510 5809 περὶ
3539 5742 3631 5798 τὸν
