3906 6224
339 333 446 388 379

343 438 637 513 εὐεργέτην
678 437 728 489 οί
761 433 1020 493 Ἰουδαῖοι,
1056 432 1147 484 καὶ
1192 429 1319 513 παρ’
1345 426 1513 489 αὑτάς
1552 424 1670 513 τάς..
1697 422 1917 513 56-59-75:-

346 501 468 588 σίας
485 501 922 576 ⁷ἐπελανθάνοντο
943 513 1038 567 τοῦ
1068 512 1490 582 προστάγματος
1512 506 1606 561 τοῦ
1633 502 1789 558 Θεοῦ.
1808 501 1919 555 Καὶ

345 609 455 679 γὰρ
481 607 570 659 ὅτε
598 600 820 671 ἐξῆλθον
847 599 905 664 ἐξ
931 595 1228 679 Αἰγύπτου,
1267 593 1470 679 ἰδόντες
1492 591 1772 679 ’θάλασσαν
1788 602 1922 679 ,σχι-

347 669 581 761 ζομένην
624 669 720 740 καὶ
755 682 1042 737 συνιοῦσαν
1084 678 1265 740 πάλιν,
1298 677 1392 761 κα)
1425 672 1761 761 ἄλλα-μυρία
1785 669 1919 724 θαύ-

352 752 517 846 ματα,
538 752 731 837 ἐλεγον
752 783 766 797 ο
797 764 1151 846 Ποιήσωμεν
1178 758 1413 846 ἑαυτοῖς
1435 757 1647 846 Δθερὺς,
1691 752 1748 846 οῖ
1778 768 1922 820 προ-

349 840 746 927 πορεύσονται
773 846 958 917 ἡμῶν.
991 846 1058 898 Τί
1086 845 1260 912 λέγεις
1285 860 1299 908 ;
1334 841 1404 927 τά
1430 840 1684 927 θαύματα
1716 840 1773 927 ἐν
1796 852 1924 927 χερ-

351 917 442 998 σὶν
477 941 577 998 ἑτι,
619 935 714 989 καὶ
742 930 1006 984 ἐπελάθου
1035 926 1128 981 τοῦ
1161 926 1483 997 εὑεργέτου;
1524 922 1676 976 Ἐπεὶ
1716 917 1808 974 οῦν
1839 918 1924 972 οῦ-

1013 322 1072 375 S.
1111 304 1917 374 JOANNIS‘CIIRYSOSTOMI
1959 301 2280 358 ARCHIEP.
2316 299 2853 358 CONSTANTINOP

350 1042 457 1088 τως
482 1020 620 1094 ἦσαν
649 1015 963 1085 ἀναίσθητοι
982 1012 1075 1065 καὶ
1097 995 1426 1079 ἀγνώμονες,
1451 1010 1517 1076 τῇ
1545 1004 1795 1059 ὑποθέσει
1817 1001 1925 1094 τῶν
1958 995 1977 1003 ⁸

351 1085 553 1181 ἑορτῶν
599 1099 929 1170 ἐγκατέδησε
971 1095 1080 1148 τῶν
1125 1092 1341 1163 δωρεῶν
1387 1090 1454 1143 τὰ
1493 1089 1861 1159 ὑπομνήματα
1897 1085 1925 1136 ὁ

352 1172 503 1255 Θεὸς,
534 1188 628 1242 καὶ
659 1184 748 1238 διὰ
787 1181 946 1235 τοῦτο
988 1177 1082 1232 καὶ
1122 1177 1183 1229 16
1223 1176 1414 1245 Πάσχα
1441 1174 1590 1227 θύειν
1619 1172 1924 1234 ἐκέλευσεν,

354 1277 499 1337 Ἵνα,
523 1270 632 1328 ἐάν
658 1284 732 1322 σε
780 1263 1076 1333 ἐρωτήσῃ,
1105 1261 1287 1330 φησὶν,
1321 1263 1353 1313 ό
1390 1260 1520 1325 υἱός
1547 1272 1684 1319 σου,
1713 1256 1777 1309 Τί
1812 1256 1927 1337 ἐστι

351 1359 413 1413 16
451 1333 642 1425 Πάσχα
685 1350 876 1413 τοῦτο;
925 1348 1102 1419 εἴπῃς,
1137 1346 1218 1398 ὅτι
1246 1342 1353 1397 Τοῦ
1385 1342 1657 1413 προϐάτου
1687 1340 1763 1425 16
1788 1333 1929 1425 αἷμα

354 1423 649 1512 ἐπέχρισαν
675 1438 794 1499 ταῖς
827 1432 1021 1504 θύραις
1049 1430 1179 1482 ποτέ
1203 1426 1360 1512 ἡμῶν
1389 1428 1437 1479 οί
1472 1426 1726 1512 πρόγονοι
1746 1424 1810 1512 ἐν
1836 1423 1930 1512 -Αί-

354 1506 565 1593 γύπτῳ,
608 1520 696 1573 ἵνα
728 1516 801 1589 μὴ
830 1519 857 1569 6
886 1512 1186 1585 ὀλοθρεύων
1214 1509 1384 1563 ἐλθὼν
1410 1511 1502 1562 καὶ
1535 1507 1656 1593 ίδῶν
1684 1506 1928 1593 τολμήσῃ

356 1587 701 1675 εἰσπηδῆσαι,
731 1587 835 1653 καὶ
877 1596 1130 1667 ἐπαγάγῃ
1175 1594 1407 1665 πληγήν.
1455 1593 1564 1645 Καὶ
1598 1587 1665 1661 ἦν
1705 1592 1737 1662 ἡ
1771 1589 1931 1675 έορτὴ

354 1671 541 1742 λοιπὸν
569 1671 872 1755 ὑπόμνησις
902 1680 1172 1750 σωτηρίας
1200 1678 1476 1747 διηνεκὴς.
1509 1675 1722 1727 Μᾶλλον
1771 1673 1827 1725 δὲ
1871 1671 1932 1725 οὑ

356 1771 517 1827 τοῦτο
568 1768 728 1840 μόνον
778 1764 1110 1837 ἐκέρδαινον,
1154 1763 1235 1815 ὅτι
1278 1761 1389 1813 τῶν
1443 1757 1688 1811 παλαιῶν
1738 1756 1934 1818 αὑτοὺς

358 1852 765 1926 ἀνεμίμνησκεν
803 1845 1280 1919 εὐεργετημάτων,
1310 1842 1443 1895 ἀλλὰ
1474 1841 1569 1926 καὶ
1599 1841 1783 1926 ἷἕτερον
1824 1841 1935 1926 μεῖ-

359 1916 475 2002 ζον,
507 1916 591 1989 δτι
616 1916 685 1987 τά
721 1916 986 2002 μέλλοντα
1004 1925 1385 1997 προδιετύπου.
1417 1924 1527 1977 Kal
1552 1922 1661 1993 7&9
1682 1921 1848 1984 τύπος
1866 1916 1934 1992 ἦν

360 2022 566 2082 ἐκεῖνος
599 2017 628 2069 6
656 2014 826 2085 ἀμνὸς
853 2013 1040 2082 ἐτέρου
1069 2009 1241 2081 ἀμνοῦ
1272 2006 1664 2078 πνευματικοῦ,
1688 2006 1778 2059 καὶ
1811 2005 1937 2076 πρό-

361 2103 524 2155 ϐατον
552 2097 827 2170 προϐάτου
846 2113 860 2126 ·
890 2096 983 2149 καὶ
1013 2095 1074 2147 16
1111 2094 1207 2164 μὲν
1238 2088 1306 2163 ἦν
1336 2091 1482 2153 σκιὰ,
1514 2090 1576 2142 16
1602 2089 1658 2142 δὲ
1686 2088 1932 2160 ἀλήθεια.

376 2186 594 2256 Ἐπειδὴ
629 2185 686 2237 δὲ
710 2182 977 2250 ἐπέφανεν
1005 2181 1034 2232 6
1064 2179 1163 2250 τῆς
1187 2176 1530 2248 δικαιοσύνης
1554 2176 1723 2247 ἥλιος,
1746 2178 1779 2248 ἡ
1810 2174 1937 2228 σκιά

359 2270 543 2324 λοιπὸν
576 2265 876 2321 ἐπαύσατο·
911 2264 1063 2335 ἡλίου
1088 2265 1197 2334 γὰρ
1220 2262 1551 2331 ἀνίσχοντος,
1574 2259 1877 2330 κρύπτεται
1902 2259 1936 2331 ἡ

363 2352 511 2406 σκιά.
533 2349 631 2403 Διά
652 2348 808 2402 τοῦτο
833 2346 942 2419 7&9
971 2344 1121 2419 [585]
1148 2346 1204 2398 ἐν
1227 2345 1364 2415 αὑτῇ
1392 2346 1457 2413 τῇ
1484 2342 1730 2414 τραπέζῃ
1755 2340 1940 2396 ἑκάτε-

364 2451 456 2506 ρον
489 2433 695 2501 γίνεται
740 2431 956 2500 Πάσχα,
1002 2429 1096 2483 καὶ
1137 2427 1199 2480 τὸ
1245 2427 1338 2480 τοῦ
1379 2426 1572 2489 τύπου,
1608 2427 1702 2479 καὶ
1747 2426 1807 2478 τὸ
1837 2426 1938 2497 τῆς

361 2515 636 2588 ἀληθείας.
663 2514 931 2584 Καθάπερ
959 2512 1067 2583 γὰρ
1091 2514 1139 2566 οἱ
1170 2511 1451 2583 ζωγράφοι
1483 2513 1541 2564 ἐν
1571 2510 1721 2580 αὑτῷ
1747 2509 1824 2581 τῷ
1848 2511 1938 2563 πίο

362 2618 486 2654 νακι
519 2598 615 2652 καὶ
638 2597 736 2660 τὰς
756 2595 1021 2668 γραμμὰς
1044 2593 1365 2664 περιάγουσι
1392 2595 1486 2646 καὶ
1509 2594 1607 2665 τὴν
1632 2593 1789 2646 σκιάν
1809 2593 1940 2666 γρά-

365 2697 524 2752 φουσι
543 2693 590 2744 ι,
626 2679 722 2732 καὶ
750 2679 871 2731 τότε
897 2677 995 2748 τὴν
1024 2676 1282 2746 ἀλήθειαν
1319 2678 1428 2730 τῶν
1456 2677 1763 2747 χρωμάτων
1789 2677 1940 2748 αὑτῷ

364 2762 700 2818 ἐπιτιθέασιν
717 2777 731 2791 ο
756 2758 899 2813 οὕτω
921 2761 1015 2812 καὶ
1040 2761 1068 2812 6
1092 2759 1325 2829 Χριστὸς
1348 2760 1604 2828 ἐποίησεν
1626 2774 1638 2787 ·
1663 2758 1749 2812 ἐπ’
1773 2760 1942 2829 αὑτῆς

364 2847 463 2918 τῆς
502 2844 778 2918 τραπέζης
820 2842 913 2896 καὶ
940 2842 999 2895 16
1025 2841 1252 2895 τυπικδν
1277 2843 1469 2912 Πάσχα
1509 2841 1814 2913 ὑπέγραψε,
1848 2843 1942 2897 καὶ

364 2931 426 2983 16
464 2928 715 2998 ἀληθινὸν
760 2925 1083 2997 προσέθηκε*
1130 2924 1257 2978 Ποῦ
1301 2925 1497 2991 θέλεις
1536 2924 1943 2995 ἑτοιμάσωμέν

365 3028 466 3068 σοι
519 3010 731 3083 φαγεῖν
772 3011 840 3063 τὸ
885 3008 1142 3076 Πάσχα;
1178 3002 1286 3061 Ἦν
1327 3007 1387 3061 16
1419 3007 1706 3062 Ἰουδαϊκὸν
1751 3010 1943 3081 Πάσχα

365 3099 486 3152 τότε
508 3113 521 3126 ·
556 3096 693 3150 ἀλλά
713 3094 807 3147 τοῦ
834 3093 983 3164 ἡλίου
1015 3091 1280 3155 ἐλθόντος,
1317 3092 1513 3163 μηκέτι
1539 3093 1732 3164 λύχνος
1766 3096 1944 3162 φαινέ-

366 3200 463 3248 τω,
491 3180 594 3250 τῆς
625 3176 881 3249 ἀληθείας
906 3175 1378 3248 παραγενομένης,
1410 3176 1648 3249 ἀργείτω
1684 3176 1868 3231 λοιπὸν
1906 3180 1938 3249 ἡ

370 3262 519 3318 σκιά.

438 3345 499 3401 ε’.
517 3344 701 3399 Ταῦτα
712 3343 848 3416 πρὸς
863 3342 1141 3404 Ἰουδαίους
1149 3341 1313 3411 λέγω,
1327 3340 1511 3415 ἐπειδὴ
1522 3342 1737 3397 δοκοῦσι
1751 3343 1945 3415 Πάσχα

368 3432 564 3493 ποιεῖν,
597 3427 785 3499 ἐπειδὴ
811 3426 1005 3500 γνώμῃ
1033 3425 1376 3497 ἀναισχύντῳ
1406 3426 1474 3480 τά
1496 3426 1680 3499 ἀζυμα
1710 3427 1946 3500 προϐάλ-

368 3513 553 3566 λουσιν
570 3512 617 3565 οί
644 3510 1007 3581 ἀπερίτμητοι
1044 3512 1165 3573 ταῖς
1195 3509 1464 3581 καρδίαις.
1502 3510 1647 3573 Πῶς,
1678 3511 1796 3565 εἰπέ
1830 3529 1941 3582 μοι,

366 3595 430 3647 τδ
458 3594 649 3664 Πάσχα
675 3592 963 3658 ἐπιτελεῖς,
985 3587 1291 3656 ὧἸουδαῖε;
1323 3593 1381 3644 Ὀ
1405 3592 1531 3655 ναὸς
1547 3593 1942 3659 κατέσκαπται,

368 3680 397 3730 6
426 3676 604 3747 βωμὸς
634 3675 921 3747 ἀνῄρηται,
956 3675 1025 3728 τὰ
1052 3676 1217 3744 ’Ἅγια
1255 3675 1362 3729 τῶν
1400 3675 1570 3743 ἁγίων
1614 3678 1943 3749 πεπάτηται,

342 3758 550 3828 ’πάσης
587 3756 777 3821 θυσίας
808 3752 946 3820 εἶδος
974 3757 1187 3811 λέλυται
1207 3772 1219 3786 ’
1254 3757 1397 3821 τίνος
1428 3754 1523 3812 οῦν
1551 3757 1736 3813 ἕνεκεν
1772 3761 1949 3815 ταῦτα

368 3843 573 3912 τολμᾷς
596 3839 676 3893 1&2
691 3840 982 3912 παράνομα
1027 3841 1285 3911 πράττειν
1312 3842 1648 3913 πράγματα;
1680 3844 1949 3916 Ἀπῆλθες

371 3928 450 3989 εἰς
474 3924 769 3979 Βαϐυλῶνά
799 3941 945 3985 ποτε,
976 3925 1137 3978 κάκεῖ
1170 3924 1355 3993 έλεγον
1387 3927 1436 3978 οί
1476 3927 1948 3997 αἰχμαλωτεύσαν-

369 4009 461 4073 τές
488 4024 574 4062 σε’
611 4010 832 4079 ’ᾼσατε
865 4007 1011 4077 ἡμῖν
1040 4009 1109 4061 ἐκ
1135 4007 1254 4061 τῶν
1286 4007 1457 4073 ᾠδῶν
1480 4008 1632 4064 Σιών
1651 4030 1664 4043 ·
1713 4012 1808 4066 καὶ
1848 4012 1949 4065 οὑκ

370 4092 621 4163 ἠνέσχου.
664 4094 773 4146 Καὶ
814 4093 987 4145 ταῦτα
1028 4092 1242 4156 δεικνὺς
1280 4094 1309 4144 6
1338 4091 1521 4158 Δαυῒδ,
1553 4093 1773 4164 ἔλεγενο
1820 4094 1957 4148 Ἐπὶ

369 4176 479 4228 τὸν
526 4179 795 4245 ποταμὸν
849 4175 1227 4242 Βαϐυλῶνος,
1257 4174 1385 4229 ἐνεῖ
1434 4176 1801 4247 ἐκαθίσαμεν
1845 4179 1946 4232 καὶ

369 4259 755 4327 ὲκλαύσαμεν
778 4275 792 4291 ·
821 4258 918 4311 ἐπὶ
942 4258 1071 4325 ταῖς
1092 4260 1273 4324 ίτέαις
1294 4260 1365 4312 ἑν
1385 4258 1553 4328 μέσῳ
1575 4260 1761 4328 αὐτῆς
1780 4262 1947 4329 ἐκρε-

369 4340 648 4411 μάσαμεν
674 4341 744 4394 τὰ
765 4341 986 4409 ὄργανα
1011 4339 1199 4409 ἡμῶν,
1229 4342 1495 4406 τουτέστι,
1520 4342 1839 4413 ψαλτήριον,
1872 4361 1949 4397 κι-

373 4425 564 4495 θάραν,
597 4422 786 4495 λύραν,
817 4422 912 4476 καὶ
936 4423 1005 4476 τά
1034 4423 1198 4476 λοιπά
1221 4441 1233 4453 ·
1266 4424 1475 4487 τούτοις
1511 4426 1619 4496 7&9
1653 4425 1948 4497 ἐκέχρηντο

371 4509 433 4561 16
465 4507 710 4569 παλαιὸν,
741 4507 837 4560 καὶ
871 4505 959 4559 διὰ
990 4506 1195 4560 τούτων
1224 4507 1353 4570 τοὺς
1384 4507 1632 4577 ψαλμοὺς
1658 4504 1804 4582 ᾖδον.
1840 4511 1949 4562 Καὶ

371 4589 545 4645 ταῦτα
575 4590 899 4653 ἀπελθόντες
928 4592 1009 4653 εἰς
1047 4590 1146 4660 τὴν
1186 4590 1587 4661 αἰχμαλωσίαν,
1628 4592 1837 4656 ἔλαϐον,
1880 4593 1947 4645 ἵν’

373 4676 538 4744 ἔχωσι
553 4674 651 4745 τὴν
669 4674 975 4745 ὑπόμνησιν
997 4672 1097 4742 τῆς
1119 4672 1394 4737 πολιτείας
1414 4675 1513 4745 τῆς
1537 4677 1594 4728 ἐν
1617 4678 1680 4745 τῇ
1708 4675 1945 4751 πατρίδι,

375 4759 473 4826 οὑχ
507 4757 592 4809 ἴνα
620 4754 1128 4826 χρήσωνται.Ἐκεῖ
1157 4755 1289 4827 7&9,
1333 4757 1516 4828 φησὶν,
1555 4758 1950 4825 ἐπηρώτησαν

376 4837 535 4907 ἡμᾶς
571 4841 624 4892 οί
656 4839 1251 4907 αἱχμαλοπεύσαντες
1293 4839 1452 4908 ἡμᾶς
1494 4840 1716 4908 λόγους
1760 4840 1946 4908 ᾠδῶν.

379 4922 487 4974 Καὶ
518 4920 743 4989 εἴπομεν
763 4937 776 4950 ·
812 4919 944 4985 Πῶς
974 4921 1214 4991 ᾇσωμεν
1240 4918 1361 4987 τὴν
1398 4922 1563 4990 ᾠδὴν
1591 4923 1813 4992 Kvplov
1850 4924 1949 4977 ἐπὶ

377 5002 492 5073 τῆς
519 5003 867 5070 ἀλλοτρίαςς
915 5004 979 5057 Τί
1023 5004 1229 5073 λέγεις;
1275 5003 1374 5075 τὴν
1419 5005 1560 5076 ᾠδὴν
1610 5007 1815 5076 Κυρίου
1851 5009 1950 5061 οὑκ

376 5088 524 5159 ᾄδεις
559 5088 652 5141 ἐπὶ
680 5087 782 5159 γῆς
822 5086 1129 5159 ἀλλοτρίας,
1160 5089 1254 5142 καί
1281 5088 1342 5142 τὸ
1372 5089 1562 5160 Πάσχα
1597 5090 1801 5163 Κυρίου
1838 5092 1951 5145 ἐπι-

376 5170 549 5236 τελεῖς
594 5171 688 5225 ἐπὶ
734 5170 837 5241 γῆς
863 5169 1180 5241 ἀλλοτρίας;
1211 5168 1363 5235 Εἶδες
1389 5171 1487 5243 τὴν
1516 5173 1911 5245 ἀγνωμοσύνην
1934 5189 1946 5201 ο

378 5250 515 5316 εἶδες
556 5253 656 5324 τὴν
698 5254 1071 5324 παρανομίαν;
1109 5254 1239 5307 Ὅτε
1279 5256 1529 5326 πολέμιοι
1570 5251 1710 5328 ἦσαν
1742 5258 1791 5309 οἱ
1829 5273 1935 5309 και-

377 5335 801 5403 αναγκάζοντες,
829 5336 948 5391 οὐδὲ
988 5336 1202 5407 ψαλμὸν
1246 5338 1420 5391 εἰπεῖν
1448 5338 1688 5410 ἐτόλμων
1723 5339 1816 5391 ἐπὶ
1847 5338 1951 5407 γῆς

377 5418 659 5491 ἀλλοτρίας
679 5437 693 5451 ’
717 5419 813 5471 νῦν
832 5420 888 5475 δὲ
912 5420 1006 5489 ἀφ’
1037 5420 1265 5481 ἑαυτῶν,
1303 5421 1529 5491 μηδενὸς
1556 5420 1950 5486 ἀναγκάζοντος

379 5500 515 5569 μηδέ
555 5500 895 5571 βιαζομένου,
925 5504 1160 5573 πόλεμον
1200 5504 1481 5572 εἰσάγουσι
1510 5504 1645 5575 πρὸς
1674 5504 1763 5557 τὸν
1795 5504 1945 5559 Θεόν.

1981 5300 2016 5335 ο

3495 298 3609 356 ⁵580

2026 417 2186 487 ἑορτή
2209 433 2223 482 ;
2247 415 2364 479 πῶς
2399 415 2587 486 Πάσχα
2619 415 2719 467 οὐκ
2745 412 2891 466 ἐστιν
2920 409 3209 465 Ἰουδαϊκόν
3228 453 3241 477 ,
3273 407 3378 465 Ἦν
3411 410 3612 483 Πάσχα

2038 501 2327 556 Ἰουδαϊκόν
2358 517 2510 563 ποτε,
2536 498 2649 553 ἀλλ’
2672 497 2836 569 ἐλύθη
2864 496 2978 560 νῦν,
3004 496 3100 551 καὶ
3134 493 3337 566 ἐπῆλθε
3367 494 3427 548 16
3449 510 3617 551 πνευ-

2028 585 2254 656 ματικὸν
2274 584 2488 655 Πάσχα,
2522 583 2553 635 6
2582 580 2864 653 παρεδίδου
2896 580 3016 633 τότε
3054 580 3084 632 ὁ
3106 579 3357 650 Χριστός.
3376 577 3618 631 Ἐσθιόν-

2025 684 2132 722 των
2175 667 2282 738 γὰρ
2313 667 2495 720 αὑτῶν
2533 666 2629 719 καὶ
2666 664 2952 725 πινόντων,
3002 664 3155 735 φησι,
3198 660 3377 715 λαϐὼν
3416 661 3608 732 ἄρτον,

2025 750 2223 805 ἕκλασε
2248 750 2345 804 καὶ
2373 745 2495 802 εἷπε
2511 765 2525 780 ’
2564 748 2745 804 Τοῦτό
2770 749 2902 801 ἐστι
2928 745 2995 800 τὸ
3022 744 3195 815 σῶμά
3214 762 3332 814 μου
3361 744 3428 798 τὸ
3452 743 3615 810 ὑπὲρ

2025 833 2195 903 ὑμῶν
2241 832 2549 902 κλώμενον
2597 834 2681 897 εἰς
2728 830 2949 900 ἄφεσιν
2991 826 3523 898 ἁμαρτιῶνέισασιν
3557 826 3614 879 οἱ

2032 934 2212 989 μεμυη
2222 917 2373 987 μένοι
2396 916 2464 969 τὰ
2490 916 2774 986 λεγόμενα.
2802 914 2912 966 Καὶ
2939 912 3102 966 πάλιν
3122 911 3183 964 16
3215 911 3496 981 ποτήριον,
3518 909 3616 962 λέ-

2028 1018 2140 1069 γων
2163 1016 2176 1029 ·
2216 1001 2398 1055 Τοῦτό
2437 1002 2569 1055 ἐστι
2609 1000 2675 1053 τὸ
2721 993 2864 1069 αἷμά
2887 1014 3027 1066 μου,
3060 994 3128 1048 τὸ
3166 994 3317 1061 ὑπὲρ
3360 994 3616 1047 πολλῶν

2027 1085 2435 1153 ἐκχυνόμενον
2469 1086 2557 1149 είς
2600 1081 2821 1152 ἄφεσιν
2862 1078 3182 1149 ἁμαρτιῶν.
3219 1077 3332 1131 Καὶ
3372 1077 3551 1147 παρῆν
3580 1076 3615 1128 6

2042 1169 2261 1232 Ἰούδας,
2290 1168 2383 1222 τοῦ
2420 1166 2656 1240 Χριστοῦ
2697 1165 2868 1221 ταῦτα
2909 1164 3179 1233 λέγοντος.
3209 1161 3381 1214 Τοῦτό
3406 1163 3518 1213 ἐστι
3551 1161 3616 1214 16

2034 1253 2213 1325 σῶμα,
2228 1253 2256 1307 6
2275 1252 2458 1323 ὲπὼλη
2468 1270 2585 1315 σας,
2602 1251 2790 1316 Ἰούδα,
2806 1250 3095 1320 τριάκοντα
3118 1244 3396 1318 ἀργυρίων
3416 1261 3431 1276 ο
3455 1244 3616 1297 τοῦτό

2033 1339 2149 1390 ἐστι
2185 1338 2247 1390 τὸ
2276 1331 2433 1407 αἷμα,
2466 1336 2604 1405 ὑπὲρ
2648 1331 2709 1388 οὗ
2745 1334 2851 1405 πρὸ
2889 1330 3086 1403 μικροῦ
3130 1331 3199 1383 τά
3244 1327 3435 1398 ἀναιδῆ
3483 1326 3617 1398 σύμ-

2034 1437 2188 1491 φωνα
2234 1420 2419 1473 ἐποίου
2471 1418 2606 1491 πρὸς
2651 1418 2774 1480 τοὺς
2815 1414 3133 1486 ἀγνώμονας
3184 1412 3619 1484 Φαρισαίους.Ὢ

2032 1506 2132 1576 τῆς
2176 1505 2272 1558 τοῦ
2320 1502 2557 1574 Χριστοῦ
2604 1500 3044 1573 φιλανθρωπίαςί
3077 1496 3122 1551 ῶ
3162 1498 3262 1568 τῆς
3311 1496 3405 1550 τοῦ
3446 1495 3618 1548 Ἰούδα

2036 1587 2446 1659 παραπληξίαςί
2473 1585 2519 1639 ῶ
2553 1587 2652 1657 τῆς
2711 1583 2938 1655 μανίαςῑ
2973 1585 3000 1635 6
3035 1581 3134 1653 μὲν
3178 1581 3286 1652 7&9
3333 1576 3617 1647 ἐπώλησεν

2034 1671 2197 1724 αὑτὸν
2235 1671 2528 1741 τριάκοντα
2556 1670 2855 1741 δηναρίων·
2897 1668 2926 1719 6
2971 1666 3207 1738 Χριστὸς
3253 1665 3308 1718 δέ
3348 1664 3442 1717 καὶ
3477 1662 3619 1734 μετά

2035 1755 2192 1809 τοῦτο
2216 1756 2275 1808 οὑ
2312 1755 2668 1827 παρῃτήσατο
2697 1753 2828 1806 αὑτὸ
2851 1752 2911 1805 16
2937 1746 3075 1822 αἷμα
3108 1751 3168 1804 16
3202 1749 3408 1822 πραθὲν
3431 1747 3617 1801 δοῦναι

2036 1841 2115 1905 εί,
2141 1840 2334 1909 ἀφεσιν
2362 1838 2645 1910 ἁμαρτιῶν
2676 1837 2755 1907 τῷ
2795 1836 3125 1909 πεπρακότι,
3168 1836 3222 1889 εί
3257 1851 3321 1903 γε
3356 1832 3614 1903 ἡθέλησε.

2035 1923 2147 1977 Καὶ
2175 1923 2284 1995 γὰρ
2313 1923 2495 1993 παρῆν
2536 1920 2755 1987 Ἰούδας,
2783 1919 2877 1975 καὶ
2930 1921 3145 1991 μετεῖχε
3172 1920 3271 1989 τῆς
3306 1918 3455 1988 ἱερᾶς
3486 1931 3619 1986 τρα-

2036 2006 2451 2077 πέζης.”οσπερ
2475 2002 2582 2076 γάρ
2606 2004 2734 2068 τοὺς
2763 2003 2928 2067 πόδας
2961 2001 3128 2057 αὑτοῦ
3157 2000 3294 2072 μετὰ
3320 2000 3427 2054 τῶν
3442 1999 3618 2053 ἀλλων

2038 2092 2186 2161 ένιψε
2219 2090 2497 2161 μαθητῶν,
2533 2087 2674 2142 οὕτω
2717 2089 2811 2141 καὶ
2848 2088 2945 2158 τῆς
2980 2088 3131 2157 ἱερᾶς
3163 2086 3388 2156 μετέσχε
3419 2087 3620 2155 τραπέ-

2039 2174 2159 2247 ζης,
2184 2175 2272 2228 ἴνα
2309 2173 2577 2246 μηδεμίαν
2599 2172 2895 2241 ἀπολογίας
2928 2170 3025 2244 ἔχῃ
3055 2171 3351 2243 πρόφασιν,
3375 2169 3471 2223 ἐὰν
3497 2171 3620 2220 ἐπι-

2042 2258 2202 2331 μείνῃ
2242 2260 2309 2329 τῇ
2357 2256 2611 2328 πονηρίᾳ.
2637 2254 2823 2309 Πάντα
2856 2255 2965 2327 7&9
2994 2253 3144 2326 [584]
3167 2253 3236 2308 τά
3272 2254 3402 2319 παρ’
3425 2250 3618 2306 ἑαυτοῦ

2040 2343 2372 2410 ἐπεδείξατο,
2402 2342 2497 2397 καὶ
2526 2341 2873 2413 εἰσήνεγκεν·
2907 2340 2936 2392 6
2962 2338 3018 2393 δέ
3041 2338 3221 2411 ἔμεινε
3249 2338 3347 2410 τὴν
3377 2337 3620 2409 πονηρὰν

2039 2428 2308 2499 διατηρῶν
2330 2427 2578 2499 γνώμην.

2114 2516 2188 2575 ς’.
2207 2509 2369 2563 Ἀλλά
2384 2510 2573 2581 καιρὸς
2596 2508 2782 2564 λοιπὸν
2798 2511 2864 2580 τῇ
2885 2510 3087 2579 φρικτῇ
3111 2507 3282 2578 ταύτῃ
3305 2503 3623 2577 προσελθεῖν

2041 2594 2310 2667 τραπέζῃ.
2330 2594 2538 2658 Πάντες
2560 2593 2739 2648 τοίνυν
2771 2591 3157 2664 προσέλθωμεν
3183 2589 3319 2661 μετὰ
3339 2590 3437 2660 τῆς
3464 2605 3626 2658 προσ-

2044 2676 2285 2749 ηκούσης
2327 2676 2683 2750 σωφροσύνης
2725 2677 2820 2732 καὶ
2852 2675 3096 2746 νήψεως·
3146 2674 3239 2729 καὶ
3270 2672 3461 2750 μηδεὶς
3483 2672 3625 2725 ἔστω

2056 2731 2392 2825 Ἰούδαςψέτι,
2420 2731 2786 2832 ⁵μηδεὶςιέστω
2815 2731 3071 2829 πονηρὸς,
3107 2731 3294 2829 μηδεὶς
3524 2754 3627 2818 ἱὸν,

2047 2845 2122 2915 μὴ
2153 2843 2286 2898 ἄλλα
2320 2844 2417 2914 μὲν
2447 2844 2539 2895 ἐπὶ
2574 2841 2669 2896 τοῦ
2712 2842 2982 2913 στόματος
3017 2840 3221 2910 φέρων,
3244 2838 3380 2892 ἄλλα
3427 2838 3484 2891 δὲ
3532 2837 3625 2892 ἐπὶ

2042 2930 2142 2999 τῆς
2166 2928 2424 2991 διανοίας.
2454 2927 2724 2998 Πάρεστιν
2765 2928 2794 2980 6
2840 2924 3097 2998 Χριστὸς,
3129 2924 3223 2977 καὶ
3246 2921 3339 2977 νῦν
3363 2923 3570 2984 ἐκεῖνος
3596 2925 3626 2975 6

2043 2998 2141 3083 τὴν
2165 3008 2444 3083 τράπεζαν
2464 3009 2837 3081 διακοσμήσας
2856 3008 3093 3079 ἐκείνην,
3114 2998 3267 3070 οὗτος
3298 3006 3390 3059 καὶ
3422 3008 3626 3076 ταύτην

2043 3095 2330 3166 διακοσμεῖ
2350 3092 2465 3147 νῦν.
2502 3092 2637 3146 Οὑδέ
2667 3092 2775 3163 7&9
2809 3090 3094 3160 ἄνθρωπός
3124 3092 3271 3144 ἐστιν
3303 3090 3332 3143 6
3358 3087 3626 3166 ποιῶν.τά

2045 3158 2384 3251 προκείμενα
2427 3158 2687 3247 γενέσθαι
2722 3158 2879 3247 σῶμα
2913 3158 3007 3230 καὶ
3047 3169 3186 3246 αἷμα
3214 3173 3474 3245 Χριστοῦ,
3509 3158 3625 3228 ἀλλ’

2045 3262 2205 3325 αὑτὸς
2235 3264 2263 3315 6
2291 3259 2625 3333 σταυρωθεὶς
2654 3259 2794 3330 ὑπὲρ
2816 3257 2973 3330 ἡμῶν
3002 3257 3256 3330 Χριστός.
3281 3257 3476 3330 Σχῆμα
3497 3256 3627 3329 πλη-

2047 3343 2157 3416 ρῶν
2190 3344 2423 3415 ἐστηκεν
2449 3346 2477 3398 6
2504 3344 2705 3415 ἱερεὺς,
2735 3341 2803 3395 1&
2833 3343 3052 3413 ῥήματα
3083 3341 3456 3412 φθεγγόμενος
3491 3342 3627 3399 ἐκεῖο

2045 3443 2144 3481 να·
2176 3430 2210 3499 ἡ
2235 3428 2292 3480 δέ
2327 3427 2555 3498 δύναμις
2599 3424 2694 3478 καὶ
2734 3426 2767 3497 ἡ
2796 3424 2955 3497 χάρις
2980 3423 3074 3478 τοῦ
3098 3424 3233 3479 Θεοῦ
3271 3424 3408 3478 ἐστι.
3447 3423 3625 3480 Τοῦτό

2041 3530 2161 3581 μου
2191 3511 2321 3565 ἐστὶ
2343 3510 2409 3563 τὸ
2438 3508 2631 3579 σῶμα,
2652 3509 2803 3580 φησί.
2824 3508 2991 3561 Τοῦτο
3010 3507 3069 3561 16
3089 3508 3238 3580 ῥῆμα
3264 3507 3627 3580 μεταρρυθμί-

2047 3595 2127 3659 ζει
2173 3595 2244 3649 τὰ
2283 3594 2653 3667 προκείμενα*
2703 3593 2797 3647 καὶ
2825 3592 3076 3664 καθάπερ
3105 3594 3138 3664 ἡ
3170 3592 3322 3664 φωνὴ
3363 3592 3549 3663 ἐκείνη
3594 3594 3628 3665 ἡ

2045 3679 2310 3748 λέγουσαο
2347 3677 2716 3744 Αὺξὰνεσθε,
2748 3677 2846 3731 καὶ
2889 3677 3294 3745 πληθύνεσθε,
3323 3677 3422 3731 καί
3472 3680 3625 3743 πλη-

2038 3762 2275 3832 ρώσατε
2303 3761 2419 3830 τὴν
2444 3760 2583 3831 γῆν,
2627 3760 2826 3833 ἐρρέθη
2873 3754 2971 3829 μὲν
3015 3759 3183 3826 ἅπαξ,
3230 3758 3317 3813 διὰ
3347 3759 3546 3823 παντὸς
3573 3758 3627 3811 δέ

2026 3844 2142 3899 τοῦ
2179 3846 2374 3917 χρόνου
2404 3845 2612 3915 γίνεται
2647 3844 2792 3914 ἔργῳ
2820 3842 3194 3913 ἐνδυναμοῦσα
3222 3844 3321 3915 τὴν
3349 3843 3510 3914 φύσιν
3533 3842 3628 3914 τὴν

2048 3930 2325 4002 ἡμετέραν
2370 3930 2508 4001 πρὸς
2544 3926 2912 3981 παιδοποιίαν·
2950 3926 3092 3980 οὕτω
3119 3931 3211 3981 καὶ
3238 3929 3272 3999 ἡ
3304 3926 3456 3998 φωνὴ
3488 3926 3625 3998 αὕτη

2050 4012 2199 4078 ἅπαξ
2228 4012 2484 4083 λεχθεῖσα
2517 4011 2640 4065 καθ’
2662 4010 2899 4082 ἑκάστην
2929 4010 3208 4080 τράπεζαν
3254 4013 3310 4064 ἐν
3351 4013 3472 4071 ταῖς
3504 4010 3627 4063 Ἐκ-

2049 4097 2301 4167 κλησίαις
2348 4096 2408 4163 ἐξ
2458 4095 2666 4150 ἐκείνου
2720 4094 2883 4165 μέχρι
2916 4097 3158 4166 σήμερον
3193 4094 3287 4149 καὶ
3319 4094 3485 4166 μέχρι
3526 4094 3627 4164 τῆς

2048 4179 2211 4233 αὑτοῦ
2247 4178 2576 4250 παρουσίας,
2598 4176 2697 4248 τὴν
2728 4175 2918 4232 θυσίαν
2952 4179 3369 4249 ἀπηρτισμένην
3399 4175 3628 4249 ἐργάζε-

2048 4279 2160 4316 ται.
2195 4260 2402 4332 Μηδεὶς
2432 4259 2611 4313 τοίνυν
2658 4258 2890 4324 ὕπουλος
2931 4259 3094 4322 ἔστω,
3124 4260 3316 4331 μηδεὶς
3364 4260 3626 4332 πονηρίας

2050 4344 2259 4415 γέμων,
2292 4343 2482 4415 μηδεὶς
2536 4342 2613 4395 ίὸν
2660 4341 2798 4413 ἔχων
2850 4344 2909 4397 έν
2955 4345 3021 4415 τῇ
3072 4344 3302 4416 διανοίᾳ,
3335 4345 3524 4416 ἵναμὴ
3549 4345 3625 4407 είς

2050 4428 2371 4499 κατάκριμα
2403 4425 2819 4498 μεταλαμϐάνῃ.
2838 4427 2949 4480 Καὶ
2980 4426 3087 4497 7&9
3116 4427 3260 4491 τότε,
3292 4428 3431 4499 μετὰ
3456 4428 3516 4480 τὸ
3536 4427 3629 4480 λα-

2053 4511 2167 4565 ϐεῖν
2212 4511 2308 4581 τὴν
2341 4508 2681 4582 προσφοράν,
2709 4510 3022 4582 ἐπεπὴδησε
3054 4509 3134 4581 τῷ
3166 4510 3335 4584 Ἰούδᾳ
3380 4514 3409 4565 6
3446 4511 3626 4565 διάϐο-

2050 4595 2163 4660 λος,
2191 4596 2251 4648 οὐ
2284 4595 2379 4648 τοῦ
2408 4594 2659 4666 σώματος
2689 4597 3111 4667 καταφρονήσας
3142 4595 3238 4649 τοῦ
3272 4595 3624 4658 Δεσποτικοῦ,

2051 4678 2189 4732 άλλά
2219 4677 2307 4733 διὰ
2339 4679 2439 4749 τὴν
2471 4679 2860 4750 ἀναισχυντίαν
2899 4678 3258 4750 καταφρονῶν
3303 4678 3398 4732 τοῦ
3431 4679 3623 4739 Ἰούδα,

2052 4761 2139 4815 ἵνα
2168 4760 2365 4834 μάθῃς,
2396 4762 2479 4814 ὅτι
2508 4763 2622 4823 τοῖς
2651 4761 2885 4825 ἀναξίως
2910 4761 3194 4833 μετέχουσι
3216 4762 3326 4817 τῶν
3347 4761 3506 4815 θείων
3530 4780 3626 4833 μυ-

2052 4843 2312 4916 στηρίων,
2342 4843 2553 4907 τούτοις
2584 4843 2822 4915 μάλιστα
2842 4844 3084 4916 ἐπιπηδᾷ
3105 4846 3199 4899 καὶ
3214 4845 3483 4900 ἐπιϐαίνει
3506 4862 3619 4901 συν·

2051 4927 2192 4998 εχῶς
2220 4929 2249 4980 6
2270 4926 2538 4991 διάϐολος,
2580 4926 2768 4999 ῶσπερ
2814 4929 2908 4981 καὶ
2940 4927 3019 4999 τῷ
3054 4929 3226 5001 Ἰούδᾳ
3248 4930 3394 4985 τότε.
3421 4931 3489 4982 Al
3520 4929 3627 5001 7&9

2051 5011 2208 5081 τιμαὶ
2251 5011 2379 5075 τοὺς
2425 5011 2524 5081 μὲν
2561 5011 2747 5078 ἀξίους
2775 5011 3066 5081 ὠφελοῦσι,
3102 5014 3229 5077 τοὺς
3264 5013 3320 5066 δὲ
3347 5014 3502 5085 παρά
3532 5013 3628 5084 τὴν

2052 5093 2210 5160 ἀξίαν
2229 5092 2608 5158 ἀπολαύοντας
2630 5097 2711 5158 είς
2734 5094 2956 5166 μείζονα
2978 5096 3250 5167 τιμωρίαν
3275 5097 3625 5168 ἐμϐάλλουσι.

2052 5176 2160 5228 Καὶ
2202 5174 2396 5243 ταῦτα,
2428 5177 2527 5248 οὑχ
2554 5177 2643 5230 ἵνα
2674 5178 2916 5250 φοϐἡσω,
2952 5178 3117 5247 λέγω,
3147 5179 3264 5233 ἀλλ’
3289 5181 3377 5234 ἵνα
3404 5180 3629 5250 ἀσφαλί-

2054 5276 2254 5329 σωμαι.
2290 5262 2498 5331 Μηδεὶς
2543 5262 2723 5317 τοίνυν
2761 5262 2902 5317 ἔστω
2934 5264 3156 5328 Ἰούδας,
3210 5265 3401 5336 μηδεὶς
3447 5266 3629 5319 εἰσιὼν

2055 5344 2129 5396 ἱὸν
2174 5343 2345 5415 ἐχέτω
2377 5345 2662 5416 πονηρίας.
2696 5346 2883 5418 Τροφὴ
2914 5347 3023 5420 γάιρ
3066 5351 3184 5402 ἐστι
3219 5352 3563 5421 πνευματικὴ
3594 5352 3626 5421 ἡ

2054 5424 2215 5480 θυσία
2236 5444 2249 5457 ·
2276 5428 2371 5481 καὶ
2397 5429 2648 5501 καθάπερ
2674 5430 2707 5499 ἡ
2738 5432 3029 5502 σωματικὴ
3054 5434 3251 5505 τροφὴ,
3278 5434 3407 5488 ὅταν
3433 5436 3513 5498 είς
3535 5452 3631 5502 7a-

2057 5510 2224 5581 στέρα
2252 5513 2457 5582 χυμοὺς
2488 5512 2718 5583 ἔχουσαν
2747 5517 3017 5586 πονηροὺς
3044 5518 3283 5590 ἐμπέσῃ,
3315 5518 3477 5572 πλέον
3510 5521 3630 5571 ἐπι-

388 5580 550 5652 Ὀρᾷς
598 5583 713 5646 πῶς
747 5585 1030 5655 ἀκάθαρτα
1060 5585 1126 5638 τὰ
1160 5585 1375 5657 ἄζυμας
1424 5586 1541 5649 πῶς
1573 5586 1885 5656 παράνομος
1916 5589 1948 5658 ἡ
2055 5580 2220 5647 τείνει
2254 5580 2364 5666 -τὴν
2407 5580 2741 5668 ἀρρωστίαν,
2768 5598 2828 5651 οὑ
2871 5580 3029 5671 ’παρά
3076 5580 3178 5673 τὴν
3211 5580 3418 5657 σ’ίκείαν
3449 5602 3635 5673 φύσιν,

437 5767 463 5794 ⁸
484 5767 578 5815 Mli
599 5768 677 5812 καὶ
702 5769 1053 5828 σκιογςάςιονσι.

2058 5675 2192 5729 ἀλλὰ
2222 5677 2371 5749 παρὰ
2402 5679 2500 5748 τὴν
2526 5679 2805 5734 ἀσθένειαν
2833 5682 2931 5753 τῆς
2956 5684 3261 5756 γαστρόςιν
3293 5685 3434 5739 οὕτω
3458 5686 3523 5756 δὴ
3541 5687 3633 5740 καὶ

2123 5780 2150 5819 5
2171 5781 2267 5832 Alii
2290 5789 2371 5841 τῆς
2387 5784 2575 5847 σαρκός.
2604 5785 2723 5836 Infra
2753 5787 2938 5835 ἐπειδάν
2964 5789 3026 5843 εἷς
3048 5789 3252 5837 διάνοιαν
3275 5790 3631 5852 591501.602].
