3862 6232
274 246 396 302 5⁸79

276 374 415 430 erga
442 359 756 416 beneﬁcium
786 370 939 416 erant
962 361 1131 419 Judaei
1155 404 1170 428 ,
1200 372 1257 419 et
1292 366 1468 420 statim
1504 374 1625 436 post
1662 375 1880 436 accepta

278 448 550 505 beneﬁcia
594 453 842 520 prmcepti
884 453 1052 508 divini
1091 454 1564 511 obliviscebantur.
1599 455 1730 511 Nam
1760 472 1881 512 cum

274 545 492 612 egressi
533 553 656 598 sunt
702 560 765 599 ex
810 545 1082 617 Egypto,
1126 556 1406 617 postquam
1451 564 1600 604 mare
1635 549 1885 605 viderunt

278 636 516 691 scissum
546 644 599 690 et
631 652 817 691 rursus
843 639 1153 694 coalescens
1176 679 1192 705 ,
1224 640 1434 710 aliaque
1462 641 1742 697 innumera
1783 643 1885 695 mi-

279 727 493 790 racula,
527 726 774 783 dicebant
807 747 821 783 :
852 727 1127 783 Faciamus
1153 728 1295 784 nobis
1312 731 1452 797 deos,
1483 732 1570 801 qui
1599 733 1884 801 prtecedant
1917 724 1938 758 ⁷

280 833 385 871 nos
413 815 606 888 (Exod.
632 817 721 872 52.
751 818 829 889 l).
856 817 990 886 Quid
1017 818 1187 872 dicis?
1216 820 1467 875 miracula
1491 821 1667 876 adhuc
1691 822 1743 876 in
1771 837 1884 875 ma-

282 906 448 963 nibus
493 916 646 974 sunt,
689 916 745 963 et
782 909 892 978 jam
933 909 1160 964 beneﬁci
1200 910 1398 966 oblitus
1435 913 1533 967 es?
1559 912 1691 981 Quia
1726 914 1884 983 igitur

281 1012 459 1068 usque
477 998 612 1053 adeo
637 999 832 1067 stupidi
854 1008 910 1054 et
934 1000 1122 1071 ingrati
1148 1010 1320 1067 erant,
1348 1002 1696 1057 festivitatem
1722 1021 1884 1075 argu—

282 1099 473 1142 mento
505 1089 645 1143 Deus
674 1089 938 1145 donorum
973 1093 1539 1148 commemorationem
1564 1095 1878 1162 adstrinxit,

281 1177 519 1248 ideoque
550 1180 751 1234 Pascha
783 1182 1062 1236 immolare
1090 1182 1248 1252 jussit
1278 1201 1297 1238 :
1330 1183 1431 1249 Ut,
1458 1186 1505 1238 si
1529 1196 1577 1239 te
1603 1187 1883 1258 interroga-

279 1271 443 1336 νει-11,
475 1271 672 1341 inquit,
700 1273 837 1341 ﬁlius
867 1282 1011 1339 tuus,
1037 1273 1175 1342 Quid
1202 1283 1284 1329 est
1312 1273 1414 1330 boc
1440 1276 1682 1331 Pascha?
1704 1278 1879 1346 dicas,

282 1361 424 1427 Quia
465 1364 585 1433 agni
631 1365 892 1433 sanguine
934 1365 1129 1435 januas
1170 1377 1439 1423 unxerunt
1483 1370 1607 1424 olim
1653 1370 1883 1441 majores

283 1455 463 1509 nostri
502 1456 554 1508 in
599 1455 865 1527 Egypto,
899 1473 969 1513 ne
1007 1468 1247 1514 vastator
1289 1462 1509 1531 angelus
1547 1464 1767 1518 veniens
1800 1465 1882 1518 vi-

282 1547 530 1617 densque
553 1548 811 1603 insultare
830 1550 1070 1616 auderet,
1092 1560 1147 1606 et
1172 1552 1380 1622 plagam
1405 1553 1667 1623 indigeret
1687 1555 1878 1625 (Exod.

285 1638 381 1692 12.
425 1638 540 1707 27).
589 1640 818 1708 Eratque
857 1639 1109 1710 deinceps
1151 1641 1346 1697 festum
1394 1657 1649 1713 perpetua
1693 1646 1883 1700 salutis

282 1732 747 1790 commemoratio.
780 1731 890 1786 lmo
924 1748 1054 1789 vero
1085 1749 1191 1788 non
1223 1733 1276 1788 id
1307 1735 1477 1789 solum
1520 1737 1880 1802 lucrabantur,

286 1823 435 1892 quod
462 1823 541 1878 eis
576 1823 915 1893 antiquorum
957 1825 1336 1882 beneficiorum
1375 1829 1685 1883 memoriam
1727 1846 1882 1885 revo-

285 1923 475 1981 caret,
506 1915 600 1971 sed
628 1927 681 1971 et
704 1918 848 1971 aliud
877 1918 1046 1988 majus
1070 1961 1085 1986 ,
1118 1920 1259 1991 quod
1289 1921 1462 1977 futura
1496 1920 1881 1991 prmﬁguraret.

289 2005 388 2060 Ille
415 2007 608 2076 quippe
636 2022 804 2079 agnus
830 2007 995 2077 ﬁgura
1025 1988 1149 2064 erat
1173 2010 1393 2066 alterius
1420 1988 1539 2080 agni
1558 1988 1879 2080 ‘spivritualis,

284 2106 346 2151 et
368 2097 482 2151 ovis
507 2112 662 2153 ovem
691 2097 1038 2168 praenotabat.
1069 2100 1245 2170 Atque
1275 2099 1405 2154 illud
1434 2100 1645 2169 quidem
1676 2101 1881 2167 umbra,

292 2189 399 2244 hoc
422 2190 619 2244 veritas
640 2199 774 2244 erat.
797 2189 931 2245 Cum
964 2200 1141 2246 autem
1170 2191 1505 2260 apparuisset
1528 2190 1617 2245 Sol
1642 2191 1878 2259 justititc,

293 2279 483 2334 umbra
512 2280 740 2334 Cessavit
768 2298 782 2335 :
807 2281 1012 2335 oriente
1038 2281 1233 2350 quippe
1272 2280 1387 2334 sole
1424 2281 1647 2357 solvitur
1674 2282 1879 2335 umbra.

295 2373 422 2428 Ideo
452 2374 502 2427 in
535 2374 719 2429 eadem
756 2374 872 2445 ipsa
904 2390 1083 2428 mensa
1117 2385 1400 2445 utrumque
1432 2375 1634 2430 Pascha
1678 2377 1885 2446 perlici-

292 2474 404 2526 tur,
435 2474 488 2518 et
515 2465 620 2535 typi
644 2473 699 2518 et
722 2465 975 2519 veritatis.
1000 2465 1457 2533 Quemadmodum
1487 2466 1629 2520 enim
1658 2467 1886 2537 pictores

292 2554 348 2608 io
379 2555 566 2609 eadem
595 2555 705 2624 ipsa
739 2555 914 2610 tabula
950 2564 1004 2610 et
1044 2557 1218 2611 lineas
1246 2557 1654 2612 circumducunt
1680 2566 1735 2612 et
1763 2574 1883 2611 um-

292 2648 446 2703 bram
490 2648 813 2719 depingunt,
861 2656 1092 2717 tuncque
1128 2650 1367 2704 colorum
1407 2650 1683 2705 veritatem
1722 2665 1887 2720 appo-

293 2747 475 2792 nunt:
505 2737 583 2793 sic
618 2746 673 2794 et
712 2737 957 2794 Christus
998 2736 1124 2793 fecit
1161 2756 1172 2790 :
1219 2739 1271 2793 in
1312 2740 1499 2795 eadem
1545 2741 1658 2810 ipsa
1700 2754 1883 2794 mensa

284 2830 531 2903 typicum
560 2828 764 2883 Pascha
790 2827 1104 2899 descripsit,
1133 2837 1187 2883 et
1217 2843 1397 2883 verum
1434 2829 1654 2884 addidit.
1690 2827 1788 2883 Ubi
1814 2829 1887 2884 vis

294 2935 534 2989 paremus
569 2918 658 2973 tibi
698 2919 957 2973 comedere
998 2918 1241 2974 Pascha?
1270 2920 1419 2975 Tune
1457 2919 1733 2975 Iudaicum
1772 2929 1888 2975 erat

298 3008 502 3065 Pascha
521 3050 538 3074 ,
567 3009 662 3065 sed
690 3012 936 3066 veniente
965 3011 1077 3066 sole
1102 3053 1117 3079 ,
1151 3012 1367 3066 lucerna
1394 3026 1462 3067 ne
1492 3012 1663 3068 luceat
1690 3029 1703 3065 :
1731 3027 1885 3067 acce-

294 3101 461 3156 dente
488 3101 732 3167 veritate,
759 3114 933 3158 cesset
958 3102 1150 3158 deinde
1177 3102 1385 3157 umbra.

372 3195 426 3250 5.
445 3194 630 3249 Contra
648 3193 877 3250 Judwos.
898 3196 917 3266 (
936 3193 1058 3249 Vide
1081 3197 1133 3249 in
1164 3195 1211 3248 Η
1218 3196 1402 3250 omiliis
1417 3204 1590 3250 contra
1615 3195 1787 3258 eos,T.
1807 3194 1884 3266 1.)

294 3315 371 3326 -
399 3284 523 3340 Haec
546 3284 744 3340 Iudaeis
769 3285 912 3352 dico,
943 3286 1064 3356 quia
1097 3285 1340 3341 videntur
1364 3285 1568 3341 Pascha
1592 3286 1885 3352 celebrare,

293 3377 423 3447 quia
450 3376 740 3445 impudenti
765 3377 989 3432 consilio
1008 3391 1192 3448 azyma
1220 3376 1476 3447 objiciunt
1503 3376 1577 3430 illi
1605 3376 1890 3433 incircum-

295 3468 398 3521 eisi
421 3468 604 3523 corde.
631 3467 932 3536 Quomodo,
950 3483 1153 3538 quaeso,
1176 3467 1377 3523 Pascha
1397 3468 1654 3534 celebras,
1673 3467 1887 3524 Judzee?

297 3559 581 3629 Templum
609 3560 838 3615 dirutum
868 3567 952 3614 est
973 3599 990 3626 ,
1021 3559 1188 3614 altare
1217 3560 1480 3614 sublatum
1505 3601 1522 3625 ,
1551 3567 1733 3614 sancta
1762 3573 1888 3613 san-

295 3658 506 3705 ctorum
527 3650 856 3715 conculcata,
874 3664 1033 3704 omne
1055 3649 1300 3704 sacriﬁcii
1326 3664 1492 3721 genus
1513 3650 1742 3705 solutum
1762 3659 1844 3706 est
1871 3665 1887 3703 :

301 3746 402 3798 cur
420 3758 549 3814 ergo
564 3743 726 3799 audes
752 3743 866 3798 hzec
887 3743 1157 3812 illegitima
1189 3745 1535 3814 perpetrare?
1562 3744 1888 3815 Babylonem

298 3834 585 3904 aliquando
604 3834 911 3890 concessisti
935 3877 952 3900 ,
980 3845 1139 3905 atque
1168 3835 1275 3891 illic
1299 3835 1581 3904 dicebant,
1606 3836 1693 3906 qui
1722 3845 1773 3891 te
1797 3851 1889 3891 ca-

300 3926 506 3996 ptivum
558 3924 928 3992 adduxerant,
967 3925 1178 3980 Caritate
1219 3926 1364 3980 nobis
1402 3927 1466 3981 de
1504 3928 1711 3982 canticis
1760 3928 1890 3983 Sion

298 4016 487 4087 (Psal.
512 4016 633 4071 156.
664 4016 735 4087 5)
772 4034 786 4070 :
817 4026 870 4072 et
896 4027 949 4072 tu
971 4018 1252 4073 renuebas.
1286 4018 1409 4072 Haec
1432 4033 1591 4087 porro
1611 4018 1889 4073 declarans

300 4109 471 4165 David
495 4109 705 4165 dicebat
735 4128 749 4162 :
779 4108 950 4178 Super
972 4092 1189 4180 ﬂumina
1212 4108 1509 4180 Babylonis,
1541 4109 1648 4162 illic
1671 4111 1888 4164 sedimus

300 4208 350 4253 et
378 4200 605 4269 ﬂeuimus
627 4215 645 4254 :
666 4201 721 4253 in
749 4200 985 4254 salicibus
1012 4201 1065 4253 in
1093 4200 1256 4254 ntedio
1284 4201 1393 4266 ejus
1418 4199 1775 4269 suspendimus
1800 4216 1888 4253 or-

304 4306 439 4360 gana
468 4299 642 4344 nostra
669 4290 840 4364 (Ibid.
868 4306 916 4343 υ.
947 4292 997 4344 1.
1024 4290 1119 4361 2),
1150 4290 1201 4345 id
1228 4299 1330 4357 est,
1364 4290 1692 4360 psalterium,
1722 4289 1892 4344 citha-

301 4399 419 4438 ram
441 4424 456 4447 ,
480 4384 677 4454 lyram,
708 4394 762 4438 et
790 4392 1002 4438 czetera.
1035 4383 1126 4438 llis
1153 4384 1295 4438 enim
1327 4383 1453 4437 olim
1484 4383 1770 4438 utebantur
1792 4423 1807 4445 ,
1837 4394 1893 4438 et

301 4477 389 4531 bis
417 4477 649 4545 psalmos
673 4476 937 4532 canebant
961 4495 975 4531 :
1000 4476 1220 4545 ltmcque
1251 4477 1301 4530 in
1331 4477 1691 4544 captivitatem
1721 4476 1890 4530 abdu-

301 4567 374 4622 cti
394 4582 578 4623 secum
610 4568 856 4633 tulerant,
883 4579 939 4623 ut
967 4576 1368 4624 monumentum
1398 4569 1580 4638 patriai
1602 4578 1891 4624 consuetu-

301 4658 446 4714 dinis
471 4659 728 4715 haberent
746 4701 760 4727 ,
786 4676 891 4716 non
921 4670 978 4716 ut
1018 4660 1083 4715 iis
1107 4670 1403 4716 uterentur.
1434 4659 1549 4714 Illic
1574 4660 1714 4715 enim
1739 4702 1756 4726 ,
1783 4663 1889 4727 ait,

302 4753 734 4823 interrogaverunt
762 4769 853 4808 nos
877 4795 890 4817 ,
918 4753 1003 4823 qui
1040 4754 1261 4823 captivos
1304 4752 1557 4806 duxerunt
1585 4767 1677 4805 nos
1699 4793 1715 4819 ,
1746 4752 1896 4806 verba

302 4844 596 4898 curationum
629 4843 800 4915 (Ibid.
826 4860 873 4898 υ.
904 4845 938 4900 5
959 4843 1001 4916 ).
1032 4845 1098 4900 Ει
1132 4843 1396 4911 diximus,
1430 4843 1695 4909 Quomodo
1719 4857 1895 4898 canta-

303 4936 470 4990 bimus
503 4937 752 4990 canticum
792 4935 1000 4989 Domini
1040 4936 1094 4990 in
1134 4945 1269 4990 terra
1306 4934 1517 4989 aliena?
1552 4935 1691 5002 Quid
1717 4935 1893 4991 dicis?

303 5025 571 5080 canticum
596 5026 807 5082 Domini
829 5041 933 5082 non
959 5036 1142 5082 cantas
1162 5026 1215 5081 in
1239 5035 1379 5081 terra
1400 5026 1593 5093 aliena,
1616 5037 1670 5082 et
1690 5027 1892 5082 Pascha

304 5118 515 5172 Domini
537 5119 780 5175 celebras
804 5119 857 5174 in
884 5128 1021 5174 terra
1050 5119 1259 5174 aliena?
1283 5118 1469 5174 Viden'
1489 5121 1752 5191 ingratum
1773 5122 1892 5176 ani-

306 5209 495 5264 mum?
521 5210 697 5265 viden’
724 5210 1095 5280 iniquitatem?
1123 5211 1254 5267 Cum
1278 5212 1476 5267 inimici
1504 5223 1657 5268 erant
1680 5214 1773 5284 qui
1798 5230 1892 5270 co-

306 5309 518 5370 gerent,
547 5317 614 5355 ne
643 5302 904 5372 psalmum
933 5303 1147 5374 quidem
1173 5302 1352 5359 dicere
1379 5303 1644 5360 audebant
1672 5306 1723 5359 in
1753 5314 1894 5361 terra

305 5392 512 5458 aliena;
540 5409 679 5449 nunc
703 5402 882 5449 autem
907 5410 1002 5450 sua
1031 5404 1221 5465 sponte
1246 5437 1259 5460 ,
1282 5397 1495 5451 nemine
1519 5407 1741 5467 cogente
1760 5439 1775 5465 ,
1805 5415 1900 5454 ne-

311 5486 457 5540 mine
474 5485 579 5540 vim
602 5487 881 5553 inferente,
900 5487 1097 5542 bellum
1120 5487 1355 5544 inferunt
1376 5489 1505 5545 Deo.
1529 5489 1716 5545 Viden’
1735 5507 1894 5561 quam

309 5577 519 5647 impura
541 5579 646 5632 sint
666 5593 850 5650 azyma
872 5579 896 5632 ?
922 5594 1081 5651 quam
1107 5580 1440 5651 illegitimum
1475 5582 1666 5637 festum
1687 5583 1712 5634 ἲ
1740 5599 1895 5655 quam

311 5684 437 5726 vere
464 5684 565 5726 non
593 5671 665 5725 sit
687 5670 890 5727 Pascha
918 5671 1236 5728 Iudaicum?
1268 5673 1392 5729 Erat
1427 5675 1552 5731 olim
1586 5675 1786 5732 Pascha
1814 5676 1898 5731 Ju-

721 5760 731 5783 \

1375 249 1460 306 DE
1497 251 1918 311 PRODITIONE
1954 256 2151 313 JUDIE
2217 260 2443 318 HOMIL.
2488 265 2531 320 l..

3474 262 3579 317 580

1992 365 2225 439 daieum,
2254 372 2347 428 sed
2375 388 2518 430 nunc
2537 374 2768 430 solutum
2794 381 2906 434 est.
2936 372 3258 443 advertitque
3294 371 3579 442 Spirituale

1990 460 2215 530 Pascha,
2243 464 2387 534 quod
2418 474 2543 520 tunc
2585 463 2803 520 tradidit
2826 463 3094 519 Christus.
3127 463 3232 518 Illis
3265 465 3405 517 enim
3433 480 3582 518 man-

1987 551 2302 609 ducantihus
2336 569 2402 609 ac
2447 556 2784 621 bibentibus,
2833 555 3041 625 inquit,
3084 554 3351 624 accipiens
3389 570 3578 624 panem

1988 642 2143 713 fregit
2180 652 2235 698 et
2261 644 2393 699 dixit
2428 663 2441 699 :
2472 645 2586 699 Hoc
2613 657 2681 700 est
2710 663 2893 717 corpus
2923 660 3089 698 meum
3108 686 3124 709 ,
3156 644 3293 716 quod
3325 661 3418 714 pro
3445 648 3582 701 vobis

1986 734 2240 803 frangitur
2262 735 2314 788 in
2351 737 2698 790 remissionem
2726 747 3048 805 peccatorum
3074 735 3296 808 (Matth.
3325 733 3416 792 26.
3442 733 3514 791 36

1986 824 2171 878 Sciunt
2192 825 2247 889 ii,
2269 826 2358 895 qui
2384 826 2570 880 initiati
2595 836 2738 893 sunt,
2769 829 2854 882 illa
2880 844 2997 898 qua:
3023 827 3291 894 dicuntur,
3317 837 3372 883 et
3398 842 3583 883 rursus

1986 913 2205 967 calicem
2236 914 2421 970 dicens
2452 931 2466 969 :
2497 914 2597 969 Hic
2625 928 2697 970 est
2732 919 2939 988 sanguis
2966 934 3137 982 meus,
3173 917 3262 987 qui
3286 933 3379 987 pro
3408 916 3581 971 multis

1987 1004 2264 1073 eﬁumlitur
2286 1008 2339 1060 in
2367 1009 2707 1063 remissionem
2736 1021 3051 1082 peccatorum
3079 1010 3249 1080 (Ibid.
3276 1011 3388 1081 23)
3437 1009 3582 1067 Ade-

1988 1106 2069 1151 rat
2096 1097 2261 1152 Judas
2291 1098 2406 1154 haec
2431 1098 2646 1155 Christo
2672 1100 2906 1156 dicente.
2936 1101 3050 1156 lloc
3078 1110 3157 1157 est
3189 1118 3402 1172 corpus,
3435 1099 3580 1172 quod

1987 1188 2306 1256 vendidisti,
2335 1189 2469 1244 Juda
2492 1233 2507 1257 ,
2540 1191 2753 1261 triginta
2782 1194 3084 1263 argenteis;
3114 1192 3201 1247 hic
3224 1204 3304 1248 est
3323 1193 3536 1263 sanguis
3559 1233 3575 1254 .

1986 1293 2086 1348 pro
2110 1297 2215 1351 quo
2241 1298 2409 1352 nuper
2428 1291 2578 1352 pacta
2609 1284 2946 1353 impudenter
2969 1285 3140 1339 inibas
3169 1300 3288 1339 cum
3323 1283 3580 1353 improbis

1987 1370 2289 1427 Pharismis.
2313 1373 2356 1427 Ο
2374 1372 2572 1428 Christi
2598 1375 2973 1445 benignitatem
2992 1377 3006 1428 1
3035 1391 3067 1428 o
3087 1374 3236 1430 Jutlze
3253 1376 3575 1430 dementiam

1987 1472 2042 1516 et
2068 1463 2364 1518 insaniam!
2399 1464 2492 1519 llle
2532 1480 2759 1535 namque
2787 1465 3027 1520 vendidit
3060 1466 3204 1519 illum
3235 1469 3451 1535 triginta
3478 1465 3578 1522 de-

1989 1559 2174 1623 nariis,
2193 1557 2437 1614 Christus
2451 1575 2578 1614 vero
2603 1568 2783 1629 postea
2816 1577 2919 1614 non
2946 1560 3215 1614 recusavit
3241 1560 3381 1614 hunc
3404 1560 3579 1628 ipsum

1988 1651 2296 1719 sanguinem
2335 1650 2606 1703 venditum
2646 1650 2898 1704 vendenti
2941 1649 3070 1704 dare
3111 1650 3162 1704 in
3209 1650 3578 1705 remissionem

1991 1750 2350 1809 peccatorum,
2376 1741 2636 1810 siquidem
2660 1743 2942 1797 voluisset.
2974 1743 3171 1796 Aderat
3194 1741 3379 1805 ludas,
3412 1752 3467 1797 et
3487 1757 3580 1798 sa-

1990 1845 2095 1885 cra:
2132 1847 2327 1886 mensae
2357 1833 2620 1900 particeps
2655 1842 2789 1886 erat.
2817 1832 2965 1887 Sicut
2993 1834 3135 1887 enim
3169 1833 3332 1903 pedes
3357 1832 3474 1903 ejus
3500 1833 3580 1887 la-

1988 1921 2085 1983 vit,
2114 1931 2171 1975 ut
2198 1931 2253 1976 et
2279 1922 2505 1977 aiiorum
2544 1923 2927 1991 discipulorum
2949 1965 2965 1991 ,
2999 1925 3066 1978 ita
3106 1934 3158 1978 et
3190 1939 3355 1978 Sacra:
3383 1938 3582 1979 mensm

1983 2011 2255 2083 particeps
2281 2014 2370 2067 ille
2401 2012 2493 2068 fuit
2519 2055 2533 2078 ,
2565 2024 2622 2068 ut
2650 2014 2852 2069 nullum
2881 2015 3241 2069 excusationis
3272 2015 3446 2069 locum
3476 2014 3575 2068 ha-

1988 2106 2162 2172 beret,
2180 2106 2224 2159 si
2243 2104 2296 2158 in
2314 2105 2548 2174 nequitia
2572 2115 2958 2175 perseveraret.
2980 2104 3169 2161 Omnia
3187 2106 3327 2160 enim
3352 2121 3470 2176 quae
3492 2120 3586 2174 pe-

1991 2209 2089 2252 nes
2116 2210 2175 2250 se
2207 2206 2360 2251 erant
2387 2197 2647 2254 Dominus
2683 2197 2997 2253 exhibuerat
3031 2206 3087 2251 et
3125 2196 3420 2266 protulerat
3447 2211 3463 2249 :
3492 2196 3585 2252 ille

1992 2303 2121 2343 vero
2149 2290 2200 2344 in
2229 2290 2370 2345 malo
2396 2304 2494 2344 suo
2519 2291 2793 2360 proposito
2818 2289 3033 2344 mansit.

2063 2381 2115 2434 6.
2160 2379 2320 2434 Panis
2346 2382 2739 2451 transformatur
2765 2380 2817 2432 in
2848 2378 3193 2445 Eucharistia,
3222 2389 3268 2432 et
3294 2378 3351 2448 ﬁt
3378 2379 3584 2447 sacri/i-

1991 2471 2123 2523 cium
2142 2475 2440 2541 perfectum.
2461 2500 2536 2511 —-
2559 2468 2667 2525 Sed
2697 2480 2902 2538 tempus
2922 2469 3138 2523 demum
3168 2477 3250 2523 est
3268 2468 3334 2523 ad
3357 2468 3550 2524 horren
3564 2504 3584 2514 -

1991 2560 2113 2614 dam
2153 2560 2287 2614 hanc
2328 2576 2566 2616 mensam
2615 2559 2926 2615 accedendi.
2966 2560 3166 2615 Omnes
3210 2561 3384 2629 itaque
3427 2574 3584 2615 acce-

1992 2650 2181 2706 damus
2219 2666 2341 2706 cum
2385 2651 2695 2721 congruenti
2745 2651 3096 2720 temperantia
3143 2665 3208 2705 ac
3250 2651 3520 2722 vigilantia
3564 2668 3580 2707 :

1993 2739 2169 2795 nullus
2193 2742 2330 2795 ultra
2359 2740 2525 2795 Judas
2553 2750 2669 2795 esto
2688 2783 2703 2807 ,
2734 2741 2910 2795 nullus
2941 2740 3216 2811 improbus
3237 2780 3252 2806 ,
3289 2741 3466 2796 nullus
3490 2757 3585 2796 ve-

1994 2846 2134 2886 neno
2160 2830 2405 2898 infectus,
2433 2846 2606 2901 neque
2630 2831 2731 2885 alia
2757 2832 2808 2884 in
2829 2845 2923 2885 ore
2946 2845 3186 2896 versans,
3208 2831 3309 2884 alia
3333 2831 3385 2885 in
3406 2842 3586 2887 metite

1993 2924 2249 2978 retinens.
2281 2922 2447 2978 Adest
2474 2922 2719 2978 Christus
2737 2963 2752 2988 ,
2780 2932 2835 2978 et
2862 2937 3004 2979 nunc
3033 2924 3098 2988 is,
3131 2923 3222 2993 qui
3252 2939 3489 2978 mensam
3518 2925 3585 2979 ii-

1994 3016 2098 3070 lam
2120 3015 2414 3085 apparavit,
2436 3014 2526 3069 hic
2550 3016 2665 3085 ipse
2690 3015 2827 3069 hanc
2854 3029 2994 3069 nunc
3023 3023 3269 3070 exornat.
3298 3014 3414 3070 Non
3440 3016 3583 3070 enim

1993 3107 2155 3161 homo
2179 3114 2260 3161 est
2280 3147 2298 3174 ,
2320 3105 2410 3176 qui
2439 3103 2568 3160 facit
2600 3114 2655 3160 ut
2680 3105 2951 3177 proposita
2977 3104 3276 3161 efﬁciantur
3299 3120 3495 3175 corpus
3530 3116 3587 3161 et

1994 3197 2209 3267 sanguis
2237 3196 2431 3252 Christi
2457 3237 2471 3262 ,
2499 3195 2594 3250 sed
2620 3195 2734 3266 ipse
2758 3195 3003 3251 Christus
3029 3197 3120 3266 qui
3150 3212 3249 3266 pro
3276 3196 3429 3251 nobis
3458 3211 3555 3251 cru
3573 3227 3586 3238 -

1994 3288 2182 3342 cilixus
2210 3296 2313 3342 est.
2341 3287 2586 3358 Figuram
2619 3287 2845 3356 impiens
2871 3296 2977 3342 stat
3001 3287 3254 3342 sacerdos
3293 3288 3454 3342 verba
3495 3289 3585 3344 illa

1996 3379 2275 3451 proferens
2308 3397 2321 3432 :
2352 3379 2521 3434 virtus
2566 3389 2745 3435 autem
2789 3388 2843 3435 et
2881 3380 3050 3450 gratia
3090 3379 3183 3435 Dei
3226 3389 3328 3434 est.
3361 3379 3477 3434 Hoc
3511 3391 3588 3436 est

1995 3487 2178 3542 corpus
2216 3486 2419 3537 meum,
2451 3470 2640 3541 inquit.
2684 3470 2796 3527 Hoc
2833 3470 3053 3526 verbum
3100 3472 3440 3526 transformat
3480 3487 3589 3540 ea,

1994 3580 2114 3635 qua:
2135 3565 2402 3634 proposita
2429 3573 2573 3617 sunt.
2599 3565 2674 3618 Ac
2700 3562 3147 3633 quemadmodum
3170 3578 3273 3618 vox
3301 3564 3388 3617 illa
3421 3580 3434 3618 :
3466 3562 3586 3619 Cre-

1995 3656 2135 3722 scite,
2170 3666 2216 3709 et
2244 3654 2670 3726 multiplicamini,
2703 3664 2750 3709 et
2774 3655 2960 3725 replete
2985 3664 3170 3709 terram
3192 3653 3345 3724 (Gen.
3378 3656 3429 3709 1.
3454 3654 3548 3727 28)
3568 3698 3584 3721 ,

1997 3747 2164 3802 semel
2194 3746 2406 3817 quidem
2459 3746 2663 3814 prolata
2711 3755 2827 3811 est,
2866 3744 3014 3799 omni
3051 3759 3178 3799 vero
3214 3753 3455 3814 tempore
3490 3760 3590 3799 na-

1998 3848 2130 3893 turre
2160 3848 2358 3891 nostra:
2384 3837 2489 3890 vim
2518 3835 2716 3905 prmbet
2759 3834 2826 3889 ad
2858 3834 3086 3889 ﬁliorum
3120 3836 3543 3902 procreationem
3568 3853 3583 3903 ;

1998 3931 2069 3985 ita
2095 3938 2149 3985 et
2177 3946 2274 3983 vox
2318 3928 2433 3983 hmo
2471 3927 2636 3982 semel
2677 3928 2878 3996 prolata
2920 3926 2971 3980 in
3013 3926 3268 3980 Ecclesiis
3304 3926 3368 3981 ad
3402 3941 3588 3981 unam~

1996 4036 2263 4094 quamque
2293 4033 2531 4074 mensam
2556 4059 2572 4085 ,
2602 4019 2670 4077 ab
2700 4017 2792 4073 illo
2818 4016 2883 4071 ad
2917 4016 3227 4072 hodiernum
3259 4031 3426 4086 usque
3453 4026 3589 4071 tem-

1997 4129 2097 4184 pus
2116 4121 2171 4166 et
2192 4126 2360 4180 usque
2381 4109 2447 4164 ad
2474 4108 2764 4181 adventum
2791 4106 2925 4177 ejus,
2952 4107 3271 4161 sacrilicium
3295 4107 3586 4176 perfectum

1997 4204 2178 4261 efﬁcit.
2213 4203 2398 4257 Nullus
2424 4201 2582 4272 igitur
2607 4200 2884 4254 simulatus
2923 4197 3161 4265 accedat,
3196 4198 3373 4252 nullus
3401 4199 3590 4268 nequi-

1998 4296 2313 4366 tia-plenus,
2343 4294 2517 4349 nullus
2546 4301 2804 4348 venenata
2835 4301 3018 4347 mente
3043 4333 3056 4356 ,
3090 4307 3158 4346 ne
3181 4291 3234 4344 in
3259 4290 3587 4346 condemna-

1999 4390 2195 4444 tionem
2218 4390 2483 4460 particeps
2515 4386 2800 4443 efﬁciatur.
2828 4385 2978 4441 Tunc
3005 4385 3146 4439 enim
3175 4394 3294 4454 post
3310 4396 3587 4455 acceptam

1997 4480 2319 4536 oblationem
2339 4520 2354 4543 ,
2377 4478 2619 4533 diabolus
2657 4476 2842 4531 insiliit
2874 4475 2928 4530 in
2962 4475 3152 4530 Judam
3173 4516 3188 4539 ,
3220 4491 3323 4530 non
3354 4476 3591 4530 Domini-

1998 4586 2118 4627 eum
2140 4585 2331 4643 corpus
2348 4569 2764 4639 despiciens,sed
2786 4568 2972 4623 Judam
2991 4566 3454 4636 obimpudentiam
3469 4582 3591 4622 con-

2001 4673 2275 4730 temnens;
2305 4672 2363 4717 ut
2382 4663 2557 4717 discas
2588 4662 2640 4717 in
2669 4678 2763 4718 eos
2786 4661 3039 4724 maxime,
3071 4660 3158 4729 qui
3183 4659 3360 4715 divina
3391 4668 3593 4732 myste-

1999 4756 2075 4812 ria
2105 4756 2315 4826 indigne
2354 4754 2708 4825 participant,
2738 4752 3046 4823 frequenter
3080 4751 3282 4807 insilire
3309 4761 3364 4807 et
3390 4753 3591 4807 irrum-

1999 4864 2126 4919 perc
2144 4846 2435 4911 diabolum,
2461 4854 2519 4900 ut
2543 4854 2668 4900 tunc
2691 4843 2842 4900 Judie
2862 4842 3103 4914 contigit.
3130 4843 3339 4898 Etenim
3356 4838 3592 4899 honores

1999 4955 2093 4995 eos
2113 4940 2201 5008 qui
2239 4937 2384 5008 digiti
2427 4946 2551 4992 sunt
2591 4936 2811 5007 juvant,
2846 4950 2940 4991 eos
2968 4950 3098 4991 vero
3139 4936 3232 5007 qui
3274 4934 3485 5004 indigne
3526 4935 3593 4989 iis

2000 5031 2268 5095 fruuntur,
2301 5030 2356 5085 in
2381 5031 2555 5099 majus
2583 5028 2902 5100 supplicium
2941 5028 3250 5098 c0njiciunt.
3281 5027 3407 5081 llaec
3431 5039 3593 5094 porro

2002 5138 2108 5177 non
2136 5131 2194 5178 ut
2223 5137 2321 5177 vos
2344 5121 2672 5176 terroraciem
2690 5119 2829 5186 dico,
2860 5120 2955 5176 sed
2978 5131 3036 5175 ut
3054 5120 3322 5175 cautiores
3343 5116 3586 5177 reddam.

2000 5214 2170 5272 Nemo
2192 5216 2369 5286 itaque
2397 5215 2466 5269 sit
2489 5214 2674 5282 Judas,
2701 5229 2862 5270 nemo
2888 5213 3213 5282 ingrediatur
3235 5209 3480 5279 nequitia:
3500 5224 3595 5280 ve-

2004 5321 2144 5363 neno
2166 5306 2413 5362 infectus.
2445 5305 2576 5362 Nam
2616 5305 2932 5360 sacrilicium
2969 5311 3052 5357 est
3089 5298 3375 5372 spiritualis
3398 5299 3589 5357 cibus:

2003 5414 2068 5455 ac
2091 5397 2539 5470 quemadmodum
2578 5397 2728 5452 cibus
2756 5407 3046 5464 corporeus
3069 5432 3085 5458 ,
3117 5405 3239 5446 cum
3268 5389 3320 5444 in
3349 5399 3591 5444 ventrem

2005 5492 2187 5564 pravis
2210 5490 2527 5547 humoribus
2555 5489 2815 5559 repletum
2847 5484 3114 5549 inciderit,
3142 5491 3299 5552 auget
3322 5481 3590 5550 morbum,

2007 5600 2112 5638 non
2158 5592 2345 5638 natura
2389 5596 2482 5637 sua
2507 5620 2523 5647 ,
2563 5578 2658 5634 sed
2689 5577 2887 5633 ventris
2933 5574 3243 5629 inﬁrmitate
3276 5593 3288 5628 :
3319 5573 3390 5629 ita
3430 5573 3617 5653 etiam.

2010 5673 2266 5745 contingit
2293 5674 2344 5726 in
2368 5669 2726 5744 spiritualibus
2758 5666 3061 5739 mysteriis;
3092 5681 3213 5723 nam
3245 5681 3366 5724 cum
3394 5664 3446 5721 in
3472 5662 3589 5725 ani-
