3906 6224
356 288 452 342 ﬁlii

357 415 495 456 mam
523 397 806 453 inciderint
827 394 1055 465 nequitia
1083 393 1313 463 plenam,
1337 391 1480 444 illam
1509 387 1675 456 magis
1694 401 1932 441 corrum-

358 507 489 560 punt
513 499 566 544 et
598 489 951 551 labefactant,
988 484 1089 538 non
1132 494 1318 536 natura
1349 496 1474 543 sua,
1506 478 1599 533 sed
1629 476 1936 546 recipientis

356 584 548 636 animm
593 580 923 635 inﬁrmitate.
974 577 1140 630 Nemo
1184 575 1340 644 igitur
1385 571 1550 625 malas
1589 569 1935 639 cogitationes

357 675 497 727 intus
521 672 731 737 habeat,
761 670 853 724 sed
886 677 1116 722 mentem
1150 678 1432 733 purgemus
1467 679 1479 714 :
1509 661 1704 715 etenim
1735 659 1801 712 ad
1835 674 1935 728 pu-

355 779 475 818 rum
502 761 817 816 sacrificium
862 757 1194 819 accedimus;
1228 765 1463 808 sanctam
1506 751 1788 806 reddamus
1815 750 1935 802 ani-

356 871 496 909 mam
522 872 534 907 :
559 855 660 906 hoc
680 853 819 905 enim
846 850 929 904 vel
959 865 1063 902 uno
1090 848 1176 901 die
1204 846 1382 916 perlici
1415 852 1603 913 potest.
1634 841 1932 908 Quomodo,

353 962 456 1014 qua
491 943 730 999 ratione?
773 942 826 996 Si
857 941 982 1010 quid
1020 939 1214 993 habeas
1251 945 1435 992 contra
1466 935 1735 988 inimicum
1761 973 1775 997 ,
1811 933 1934 986 tolle

354 1037 510 1100 iram,
531 1035 735 1104 plagam
756 1033 900 1086 illam
927 1045 1072 1094 cura,
1101 1029 1248 1083 solve
1274 1026 1622 1087 inimicitiam,
1650 1034 1701 1078 ut
1728 1040 1756 1076 a
1781 1039 1934 1077 meu-

352 1140 409 1176 sa
435 1122 692 1177 medelam
721 1122 948 1190 accipias
973 1139 986 1174 :
1013 1119 1077 1172 ad
1107 1118 1429 1172 horrendum
1457 1117 1597 1170 enim
1621 1123 1674 1168 et
1693 1124 1932 1168 sanctum

352 1214 669 1268 sacriﬁcium
698 1213 923 1267 accedis.
956 1211 1260 1266 Revereare
1292 1209 1445 1276 hujus
1475 1206 1758 1260 oblationis
1777 1220 1934 1274 argu-

354 1315 609 1371 mentum,
643 1304 851 1360 occisus
887 1304 1032 1371 jacet
1061 1302 1324 1356 Christus.
1357 1299 1518 1368 Cujus
1544 1314 1668 1353 vero
1691 1313 1851 1352 causa
1881 1306 1934 1352 et

353 1412 518 1465 quare
540 1396 744 1450 occisus
767 1394 886 1449 est?
914 1393 983 1448 Ut
1008 1392 1314 1447 cmlestibus
1340 1390 1500 1444 simul
1525 1399 1577 1443 et
1599 1388 1822 1443 terrenis
1843 1402 1936 1456 pa-

350 1504 467 1542 cem
497 1489 741 1554 afl‘erret,
773 1496 830 1541 ut
856 1498 907 1540 te
932 1486 1236 1554 angelorum
1269 1483 1427 1537 etiam
1459 1483 1688 1536 amicum
1715 1481 1930 1546 faceret,

351 1589 410 1633 ut
425 1588 476 1634 te
501 1595 618 1634 cum
645 1580 751 1634 Deo
775 1579 1141 1632 universorum
1165 1574 1550 1639 reconciliaret,
1572 1583 1629 1627 ut
1649 1582 1699 1627 te
1725 1574 1934 1627 hostem

349 1681 404 1724 et
444 1671 805 1725 adversarium
847 1670 1075 1722 amicum
1121 1666 1340 1720 faceret.
1375 1665 1468 1719 llle
1510 1665 1741 1718 animam
1781 1679 1932 1718 suam

349 1762 495 1816 dedit
518 1777 614 1831 pro
637 1761 721 1826 iis,
745 1761 834 1831 qui
861 1775 918 1814 se
937 1759 1194 1822 oderant;
1227 1767 1280 1810 tu
1307 1771 1431 1811 vero
1459 1755 1786 1810 inimicitiam
1813 1769 1930 1808 ser-

348 1867 444 1906 vas
486 1861 670 1906 contra
712 1850 1068 1905 conservum?
1111 1858 1166 1903 et
1207 1862 1313 1917 quo
1353 1855 1508 1915 pacto
1546 1846 1693 1900 adire
1735 1846 1931 1915 poteris

349 1959 586 1998 mensam
610 1945 789 2013 pacis?
816 1953 870 1997 et
901 1943 989 1996 ille
1015 1957 1083 1996 ne
1109 1940 1243 1994 mori
1270 1939 1486 2008 quidem
1516 1953 1610 2008 pro
1643 1947 1692 1992 te
1714 1951 1930 1992 recusa-

350 2035 440 2097 vit,
475 2042 526 2087 tu
556 2050 682 2087 vero
721 2034 850 2087 iram
881 2047 1139 2086 conservo
1182 2032 1253 2083 tui
1287 2031 1450 2098 ipsius
1474 2043 1631 2082 causa
1659 2028 1932 2082 remittere

346 2126 572 2180 abnuis?
602 2140 765 2194 ecqua
794 2124 908 2177 haec
947 2123 1096 2178 venia
1133 2122 1290 2191 digna
1320 2120 1486 2176 sunt?
1525 2121 1646 2174 Mihi
1677 2121 1928 2174 damnum

349 2215 544 2279 intulit,
579 2215 785 2283 inquies
809 2255 824 2279 ,
853 2223 908 2269 et
948 2213 1234 2266 admodum
1267 2227 1354 2265 me
1383 2210 1540 2266 laesit.
1581 2211 1648 2264 Et
1672 2211 1797 2278 quid
1825 2210 1926 2266 hoc

345 2305 459 2358 est?
488 2305 836 2358 Pecuniarum
866 2314 947 2357 est
976 2302 1226 2356 damnum
1257 2319 1270 2354 :
1304 2302 1539 2357 nondum
1569 2303 1712 2356 enim
1739 2302 1929 2357 vulne-

346 2397 480 2450 ravit
501 2396 640 2448 sicut
666 2395 936 2449 ChriStum
965 2393 1161 2459 Judas;
1193 2402 1424 2448 attamen
1456 2395 1569 2462 ipse
1594 2393 1926 2462 sanguinem,

343 2488 435 2556 qui
462 2485 662 2541 ell‘usus
691 2495 794 2551 est,
819 2485 870 2538 in
902 2485 1159 2554 ipsorum,
1191 2483 1281 2554 qui
1313 2483 1670 2542 effundebant.
1703 2483 1928 2536 salutem

342 2579 507 2633 dedit.
531 2579 665 2644 Quid
687 2579 810 2632 huic
832 2577 906 2632 rei
932 2576 1216 2646 pardicere
1236 2575 1449 2631 valeas?
1472 2576 1525 2632 Si
1544 2591 1648 2631 non
1665 2576 1930 2631 dimiseris

343 2673 574 2735 inimico,
598 2685 702 2724 non
726 2671 872 2723 illum
897 2669 1068 2733 lazdis,
1095 2668 1188 2722 sed
1219 2669 1464 2738 teipsum.
1492 2669 1642 2723 Illum
1667 2667 1926 2737 siquidem

341 2779 486 2834 sepe
520 2764 574 2818 in
623 2763 722 2818 hac
747 2763 854 2816 vita
899 2762 1120 2827 laesisti,
1165 2761 1390 2830 teipsum
1435 2777 1563 2815 vero
1595 2761 1746 2814 venia
1787 2760 1925 2813 iudi-

343 2869 505 2923 guum
536 2853 850 2917 reddidisti,
882 2853 933 2906 in
966 2853 1170 2906 actione
1198 2851 1358 2905 futuri
1385 2851 1590 2920 judicii.
1618 2850 1756 2904 Nihil
1783 2851 1925 2904 enim

343 2945 413 2997 ita
445 2944 582 2998 Deus
611 2945 721 2997 odit
749 2953 807 2997 ut
849 2943 1116 2997 hominem
1165 2942 1479 3009 iujuriarum
1508 2956 1796 2995 memorem
1822 2983 1836 3006 ,
1870 2949 1927 2995 ut

341 3050 436 3091 cor
459 3045 667 3090 tumens
694 3045 748 3090 et
775 3037 1009 3089 animum
1038 3040 1113 3089 ira
1141 3034 1434 3088 ardentem.
1461 3033 1598 3088 Audi
1625 3033 1780 3101 igitur
1798 3033 1924 3102 quid

340 3127 485 3181 dicat
521 3143 533 3180 :
561 3125 687 3180 Cum
713 3125 950 3179 obtuleris
976 3141 1158 3178 munus
1185 3135 1325 3177 tuum
1354 3125 1422 3177 ad
1455 3125 1615 3178 altare
1639 3167 1653 3189 ,
1684 3137 1729 3177 et
1758 3123 1826 3176 ibi
1846 3141 1923 3177 re-

338 3219 576 3272 cordatus
615 3219 771 3288 fueris
799 3218 1007 3272 adstans
1045 3217 1228 3282 altari,
1259 3217 1393 3284 quod
1416 3221 1573 3286 frater
1603 3226 1716 3268 tuus
1745 3215 1923 3268 habeat

338 3309 533 3379 aliquid
561 3309 822 3362 adversum
849 3319 895 3361 te
926 3324 944 3361 :
971 3307 1194 3376 relinque
1231 3323 1412 3360 munus
1455 3317 1592 3358 tuum
1629 3307 1696 3358 ad
1721 3307 1882 3359 altare
1903 3348 1918 3372 ,

339 3407 386 3451 et
421 3400 591 3454 abiens
628 3400 952 3454 reconciliare
998 3399 1146 3468 fratri
1193 3411 1277 3452 tuo
1301 3441 1316 3464 ,
1357 3409 1403 3452 et
1434 3408 1552 3450 tunc
1589 3399 1714 3464 o/fer
1740 3414 1922 3451 manus

339 3502 481 3544 tuum
511 3489 739 3561 (Matth.
785 3492 838 3546 5.
883 3491 974 3546 25.
1003 3491 1131 3562 2i).
1165 3491 1302 3557 Quid
1344 3491 1474 3546 dicis
1496 3534 1510 3556 ,
1543 3491 1919 3546 Dimittamne?

1048 290 1105 346 S.
1145 287 1422 345 JOANNIS
1459 277 1931 339 CllllYSOSTOlll
1975 277 2291 334 ARClllEP.
2332 272 2855 333 CONSTANTINUP.

3519 268 3643 322 382

2043 383 2237 449 Etiam,
2262 382 2452 451 inquit,
2479 381 2548 436 ob
2571 396 2755 451 pacem
2785 381 2926 436 enim
2957 395 3076 436 cam
3104 380 3266 438 fratre
3293 392 3384 436 tuo
3411 383 3513 439 boc
3535 401 3642 439 sa-

2039 474 2294 528 crificium
2313 473 2605 527 institutum
2625 472 2794 526 est.Si
2827 472 2984 540 igitur
3007 473 3075 527 ob
3093 488 3275 542 pacem
3305 489 3426 528 cum
3459 475 3641 530 fratre

2040 572 2132 618 tuo
2157 563 2468 618 servandam
2508 565 2610 617 hoc
2639 561 2958 616 sacrificium
2989 563 3284 618 institutum
3310 574 3413 630 est,
3445 574 3499 620 tu
3528 582 3634 620 au-

2040 665 2148 710 tem
2176 669 2360 724 pacem
2407 670 2513 708 non
2557 653 2694 717 iuis,
2727 653 2918 708 frustra
2950 655 3268 709 sacrificium
3293 657 3577 726 participas
3617 673 3636 711 :

2039 745 2223 800 inutile
2263 759 2489 814 namque
2529 745 2623 798 tibi
2665 743 2766 799 hoc
2803 759 2941 813 opus
2981 744 3226 799 efficitur.
3269 745 3402 800 Illud
3446 750 3641 817 itaque

2042 839 2268 908 primum
2302 837 2492 902 facito,
2528 854 2623 907 pro
2661 852 2767 907 quo
2811 837 3128 892 sacrificium
3159 838 3394 892 oblatum
3423 851 3540 904 est,
3569 850 3642 894 et

2017 922 2166 982 'tuuc
2193 930 2281 982 illo
2313 927 2534 998 pulchre
2576 929 2788 982 frueris.
2832 927 2955 984 Ideo
2991 927 3269 983 descendit
3300 929 3462 984 Filius
3489 930 3586 983 Dei
3612 970 3637 997 ,

2038 1031 2095 1074 ut
2117 1031 2356 1074 naturam
2385 1030 2618 1075 nostram
2645 1019 2868 1074 Domino
2893 1033 2990 1072 suo
3013 1019 3381 1075 reconciliaret
3410 1037 3422 1071 :
3448 1036 3636 1090 neque

2039 1113 2156 1166 ideo
2177 1113 2348 1166 solum
2371 1113 2534 1178 venit,
2553 1111 2648 1166 sed
2677 1112 2836 1165 etiam
2869 1119 2926 1164 ut
2955 1125 3073 1177 nos,
3108 1111 3153 1166 si
3179 1126 3291 1165 rem
3318 1110 3637 1180 hujusmodi

2037 1204 2354 1269 faceremus,
2383 1219 2491 1258 sua:
2509 1202 2881 1272 appellationis
2907 1203 3187 1272 participes
3207 1200 3464 1256 efticeret.
3489 1201 3633 1255 Nam

2036 1295 2200 1361 Beati,
2230 1296 2415 1365 inquit,
2439 1295 2659 1365 paciﬁci,
2688 1295 2925 1358 quoniam
2949 1294 3045 1362 ipsi
3071 1292 3166 1360 ﬁlii
3191 1292 3287 1347 Dei
3317 1295 3637 1346 vocabuntur

2037 1391 2053 1459 (
2079 1387 2264 1441 Matth.
2293 1388 2346 1441 5.
2374 1386 2462 1457 9).
2494 1386 2646 1452 Quod
2672 1386 2812 1439 enim
2843 1384 2966 1439 fecit
2990 1384 3289 1454 unigenitus
3317 1384 3479 1438 Filius
3507 1383 3630 1448 Dei,

2036 1482 2087 1534 id
2121 1490 2174 1534 tu
2208 1495 2302 1550 pro
2331 1479 2469 1532 virili
2501 1487 2588 1531 tua
2617 1476 2778 1531 facito
2802 1517 2815 1540 ,
2849 1486 2905 1529 ut
2932 1477 3076 1545 pacis
3103 1475 3415 1528 conciliator
3442 1484 3494 1528 et
3528 1475 3635 1529 tibi

2034 1573 2110 1627 sis
2137 1581 2190 1626 et
2211 1571 2351 1630 aliis.
2378 1570 2502 1625 Ideo
2543 1580 2593 1624 te
2621 1570 2932 1638 pacificum,
2959 1568 3122 1622 lilium
3154 1568 3247 1622 Dei
3272 1578 3425 1621 vocat
3455 1584 3469 1620 :
3501 1566 3633 1622 ideo

2036 1675 2277 1734 tempore
2303 1663 2552 1718 sacriﬁcii
2591 1661 2794 1715 nullum
2823 1660 2963 1714 aliud
2993 1667 3312 1728 przeceptum
3341 1667 3631 1724 memorat,

2032 1773 2190 1827 (ιιιειηι
2237 1757 2725 1811 reconciliationem
2763 1770 2886 1808 cum
2928 1753 3089 1809 fratre
3112 1794 3128 1819 ,
3162 1751 3452 1808 ostendens
3491 1753 3630 1808 illud

2033 1847 2269 1902 omnium
2317 1848 2603 1900 maximum
2646 1861 2786 1900 esse.
2836 1845 3086 1900 Volebam
3132 1843 3467 1914 prolixiorem
3525 1845 3632 1897 lia-

2033 1938 2158 1992 bere
2185 1952 2523 2001 sermonem,
2557 1937 2649 1992 sed
2693 1938 2756 1990 iis
2797 1937 2884 2006 qui
2924 1935 3026 1991 sibi
3063 1933 3342 1988 attendunt
3370 1933 3482 1989 haec
3508 1935 3628 1989 sola

2033 2027 2291 2082 sufficiunt
2311 2067 2324 2089 ,
2358 2027 2401 2080 si
2427 2027 2736 2082 memoriam
2767 2027 3042 2080 retineant.
3073 2023 3276 2078 Horum
3299 2023 3506 2093 itaque‘,
3535 2023 3626 2078 di-

2033 2121 2190 2186 lecti,
2229 2120 2508 2174 verborum
2554 2135 2766 2188 semper
2805 2117 3176 2182 recordemur,
3222 2131 3321 2171 nec
3362 2131 3468 2171 non
3496 2131 3627 2171 san-

2032 2221 2240 2267 ctorum
2295 2213 2639 2278 osculorum,
2683 2212 3046 2282 tremendique
3096 2213 3411 2283 amplexus,
3455 2225 3626 2281 quem

2038 2315 2223 2360 mutuo
2250 2304 2457 2358 damus.
2505 2304 2616 2359 Hoc
2643 2305 2839 2374 quippe
2883 2305 3088 2357 animas
3117 2305 3331 2374 colligat
3371 2311 3582 2357 nostras
3601 2341 3624 2366 ,

2035 2407 2091 2453 ct
2118 2413 2306 2453 omnes
2345 2412 2510 2450 unum
2551 2411 2744 2466 corpus
2787 2396 2950 2450 efﬁcit
2973 2437 2986 2460 ,
3018 2394 3444 2466 quandoquidem
3474 2393 3624 2448 etde

2037 2507 2142 2545 uno
2168 2505 2394 2559 corpore
2423 2505 2610 2544 omnes
2652 2489 3050 2558 participamus.
3089 2488 3197 2544 Nos
3222 2504 3350 2557 ergo
3378 2487 3428 2540 in
3456 2502 3624 2540 unum

2034 2592 2088 2635 et
2119 2582 2258 2636 idem
2305 2597 2499 2650 corpus
2537 2581 2905 2636 coalescamus
2938 2595 2952 2634 :
2983 2596 3086 2634 nou
3129 2595 3353 2649 corpora
3393 2579 3620 2633 commi-

2034 2685 2264 2735 scentcs,
2298 2673 2390 2726 scd
2419 2672 2630 2726 animas
2659 2683 2844 2726 mutuo
2871 2672 3105 2726 caritatis
3131 2670 3340 2724 vinculo
3366 2670 3618 2740 copulan-

2035 2775 2132 2818 tes.
2157 2766 2244 2818 Sic
2262 2765 2553 2834 poterimus
2572 2765 2672 2820 hac
2693 2780 2874 2820 mensa
2901 2780 3020 2819 cum
3041 2763 3230 2818 fiducia
3248 2763 3348 2816 frui
3371 2781 3384 2816 :
3409 2762 3620 2817 etiamsi

2033 2860 2173 2909 enim
2203 2856 2474 2909 sexcentis
2503 2855 2837 2910 abundemus
2871 2855 3092 2925 justitia:
3132 2853 3405 2923 operibus,
3442 2854 3488 2907 si
3531 2853 3618 2906 in-

2029 2947 2288 3015 juriarum
2322 2949 2634 3001 memoriam
2672 2948 3019 3012 retineamus,
3049 2946 3227 3000 omnia
3257 2945 3309 2998 in
3341 2959 3533 2997 vanum
3561 2953 3618 2997 et

2032 3038 2224 3092 frustra
2255 3037 2484 3103 cedunt,
2518 3053 2580 3092 ac
2610 3039 2814 3092 nullum
2857 3037 2980 3092 inde
3019 3036 3246 3091 fructum
3284 3034 3348 3089 ad
3387 3035 3615 3088 salutem

2031 3142 2318 3196 excerpere
2345 3129 2654 3198 poterimus.
2685 3128 2810 3182 [hec
2839 3129 3014 3198 itaque
3042 3128 3222 3192 docti,
3254 3141 3464 3181 onmem
3503 3125 3616 3180 sol-

2030 3233 2216 3272 vamus
2246 3219 2399 3283 iram,
2432 3227 2755 3288 purgataque
2779 3219 3124 3285 conscientia,
3157 3233 3276 3273 cum
3302 3225 3612 3271 mansuetu-

2029 3308 2152 3363 dine
2188 3319 2242 3363 et
2280 3309 2540 3364 modestia
2574 3311 2720 3364 omni
2751 3310 3067 3364 accedamus
3091 3310 3158 3364 ad
3189 3325 3425 3364 mensam
3451 3308 3610 3362 Chri-

2029 3401 2116 3464 sti,
2141 3416 2261 3454 cum
2293 3416 2400 3469 quo
2426 3400 2566 3454 Patri
2591 3401 2778 3470 gloria,
2810 3401 2999 3467 honor,
3032 3401 3334 3470 imperium,
3359 3415 3460 3454 una
3488 3414 3608 3454 cum

2028 3502 2213 3546 saneto
2243 3491 2464 3561 Spiritu,
2496 3508 2638 3547 nunc
2659 3503 2714 3548 et
2733 3508 2964 3563 semper,
2997 3504 3102 3548 etc.

340 3745 401 3788 ΙΝ
446 3743 714 3788 υινιΝΑΜ
757 3743 838 3784 ΕΤ
879 3741 1198 3785 MYSTICAM
1242 3741 1490 3785 COENAM
1533 3740 1934 3798 SALVATORIS,
1979 3742 2060 3784 ET
2102 3744 2184 3784 DE
2228 3744 2610 3786 PRODITIONE
2653 3745 2832 3786 ,ιυυῶ
2863 3746 2878 3785 2
2913 3745 2976 3788 IN
3020 3745 3255 3788 PASCHA
3300 3747 3480 3800 ITEM,
3527 3747 3606 3789 IT

415 3843 480 3885 IN
524 3841 1062 3885 DISPENSATIONEM
1113 3840 1475 3885 υινιΝοιιωί
1517 3839 1922 3884 MYSTERIORU

2045 3843 2126 3885 ET
2168 3843 2251 3884 DE
2295 3845 2630 3887 OBLIVIONE
2701 3845 3118 3889 INJURIABUM.
3192 3848 3424 3890 ΗΔΒΙΤΔ
3495 3849 3606 3891 EST

415 3942 683 3985 HOMILIA
726 3941 790 3984 IN
832 3940 1067 3984 SANCTA
1102 3940 1182 3981 ET
1211 3940 1429 3984 MAGNA
1456 3941 1648 3983 FERIA
1677 3939 1936 3991 QUINTA.

957 4057 1179 4096 IIOIIILIA
1214 4056 1276 4098 11.

407 4137 461 4191 1.
490 4133 655 4188 Judas
683 4135 848 4204 potius
872 4150 1023 4205 quam
1063 4131 1234 4196 Jesus,
1263 4141 1308 4185 et
1343 4133 1616 4203 generatim
1640 4173 1656 4198 ,
1698 4131 1830 4186 male
1855 4150 1916 4187 a-

338 4241 504 4300 gentes
530 4230 693 4297 potius
714 4243 874 4296 quam
895 4226 1039 4280 mala
1055 4225 1200 4297 passi
1216 4225 1420 4294 lugendi
1456 4235 1592 4278 sunt.
1641 4255 1712 4265 —
1747 4225 1910 4280 Vole-

341 4321 484 4384 bam,
517 4318 718 4383 dilecti,
738 4317 805 4372 de
828 4318 1126 4387 patriarcha
1155 4331 1338 4370 rursus
1364 4329 1663 4370 sermonem
1693 4315 1907 4381 habere,

337 4417 393 4463 et
421 4407 544 4462 inde
575 4408 723 4461 vobis
774 4405 1050 4475 spirituale
1099 4405 1400 4460 convivium
1455 4421 1723 4475 apponere
1770 4407 1913 4461 :sed

340 4499 580 4568 ingratus
624 4498 906 4568 proditoris
937 4498 1145 4552 animus
1187 4497 1252 4551 ad
1302 4497 1440 4551 illius
1488 4497 1912 4567 pertractandum

336 4591 536 4644 facinus
566 4591 798 4660 linguam
821 4600 1055 4644 nostram
1075 4589 1352 4659 pertrahit,
1380 4599 1434 4645 et
1459 4589 1566 4644 diei
1591 4591 1912 4660 opportuni-

334 4694 438 4748 tas,
467 4691 524 4736 ut
543 4682 610 4736 de
637 4684 836 4737 insania
866 4683 1081 4736 sceleris
1106 4681 1222 4752 ejus
1263 4697 1479 4752 agamus
1501 4725 1515 4748 ,
1545 4698 1642 4736 nos
1666 4682 1912 4738 cohorta-

334 4783 441 4828 tur.
475 4773 644 4828 Hodie
687 4775 884 4845 quippe
926 4775 1182 4828 Dominus
1229 4783 1411 4829 noster
1436 4774 1592 4829 Jesus
1615 4772 1855 4829 Christus
1879 4790 1910 4829 a

336 4865 552 4935 proprio
567 4864 826 4934 discipulo
841 4865 1144 4921 Judazorum
1172 4866 1417 4920 manibus
1435 4865 1658 4920 traditus
1679 4873 1780 4920 est.
1804 4864 1912 4920 Ve-

334 4973 450 5011 rum
480 4967 534 5010 tu
579 4955 678 5010 hoc
707 4955 925 5010 audiens
947 4998 964 5023 ,
994 4957 1269 5011 carissime
1288 4997 1304 5022 ,
1335 4971 1400 5011 ne
1423 4955 1589 5011 tristis
1614 4967 1731 5012 esto
1753 4997 1767 5022 ,
1809 4970 1910 5010 nec

334 5048 572 5116 graviter
602 5047 761 5113 feras,
797 5047 936 5116 quod
965 5047 1220 5101 Dominus
1250 5047 1470 5102 traditus
1517 5048 1587 5101 sit
1617 5063 1630 5100 :
1663 5047 1771 5101 imo
1816 5061 1912 5115 po-

337 5140 438 5195 tius
469 5139 754 5210 ingeniisce
795 5148 850 5192 et
891 5138 944 5192 in
981 5136 1136 5192 ﬂetus
1161 5154 1401 5208 erumpe,
1435 5155 1538 5192 non
1566 5138 1634 5192 ob
1660 5137 1906 5191 traditum

332 5230 537 5298 Jesum,
564 5230 656 5286 sed
676 5231 746 5285 ob
776 5229 1082 5284 traditorcm
1111 5230 1320 5285 ludam.
1343 5231 1474 5284 Nam
1497 5230 1718 5284 traditus
1754 5228 1908 5283 Jesus

333 5323 589 5378 mundum
617 5324 868 5390 servavit,
889 5323 1129 5392 proditor
1153 5339 1282 5377 vero
1309 5323 1472 5377 Judas
1502 5321 1730 5376 animam
1756 5335 1906 5374 suam

333 5417 593 5484 perdidit;
623 5417 859 5485 proditus
881 5417 1036 5472 Jesus
1075 5417 1139 5471 ad
1171 5417 1442 5471 dexteram
1480 5416 1651 5470 Patris
1679 5413 1827 5469 sedet
1854 5415 1906 5468 in

329 5508 494 5571 caelis.
521 5510 758 5578 proditor
785 5510 947 5565 Judas
974 5511 1025 5565 in
1057 5510 1262 5564 inferno
1290 5521 1431 5561 nunc
1457 5516 1556 5572 est,
1572 5516 1729 5576 atque
1757 5505 1907 5560 inde-

333 5601 595 5667 precabile
616 5613 978 5671 :eterumnque
999 5611 1269 5669 exspectat
1297 5599 1633 5668 supplicium.
1676 5597 1800 5652 Ideo
1828 5596 1908 5650 in-

329 5688 563 5758 gemiscc
585 5730 600 5756 ,
633 5690 752 5745 ideo
782 5693 834 5745 in
887 5694 1040 5746 llctus
1079 5707 1299 5761 erumpe
1332 5709 1344 5743 :
1376 5689 1800 5760 quandoquidem
1851 5700 1904 5746 et

2029 4135 2142 4204 ipse
2159 4133 2413 4187 Dominus
2441 4143 2621 4189 noster
2645 4134 2799 4188 Jesus
2821 4133 3063 4190 Christus
3080 4135 3263 4190 videns
3279 4135 3463 4190 Judam
3490 4145 3602 4190 tur-

2026 4225 2182 4278 batus
2199 4233 2280 4278 est
2297 4235 2347 4277 et
2374 4223 2537 4277 ﬂevit.
2590 4222 2776 4276 Videas
2803 4226 2946 4279 enim
2978 4242 3089 4279 eum
3117 4267 3130 4289 ,
3172 4226 3358 4295 inquit,
3381 4225 3601 4280 turbatus

2021 4327 2112 4381 est,
2141 4325 2189 4369 et
2212 4314 2340 4368 dixit
2363 4357 2378 4381 ,
2417 4313 2558 4369 Unus
2588 4327 2802 4369 vestrum
2835 4317 2994 4370 tradet
3021 4333 3099 4370 me
3129 4317 3148 4384 (
3187 4317 3344 4371 Joan.
3380 4319 3462 4372 15.
3483 4318 3595 4382 21).

2023 4409 2200 4473 Quare
2231 4407 2471 4461 turbatus
2492 4407 2616 4461 est?
2643 4407 2892 4475 Cogitaus
2926 4408 3146 4472 scilicet,
3177 4423 3296 4462 cum
3325 4418 3445 4478 post
3481 4417 3599 4461 tan-

2022 4509 2129 4554 tam
2168 4499 2465 4554 doctrinam
2491 4541 2505 4564 ,
2539 4509 2658 4569 post
2696 4509 2802 4552 tam
2852 4500 3050 4554 multas
3075 4500 3472 4556 adhortationes
3494 4543 3509 4566 ,
3541 4501 3595 4555 in

2020 4603 2274 4662 quantum
2302 4607 2424 4647 sese
2446 4593 2794 4663 praecipitium
2819 4603 3018 4664 ageret,
3052 4611 3156 4648 non
3184 4596 3595 4664 presentiscere.

2020 4685 2218 4741 Videris
2245 4686 2402 4756 igitur
2427 4686 2680 4740 Dominus
2703 4685 2943 4755 discipuli
2971 4687 3228 4740 insaniam
3251 4729 3267 4752 ,
3294 4696 3348 4741 et
3386 4688 3598 4743 miseri-

2018 4775 2198 4830 cordia
2231 4777 2282 4830 in
2313 4792 2433 4830 eum
2457 4786 2650 4842 motus,
2669 4775 2909 4830 turbatus
2935 4785 3017 4831 est
3042 4787 3096 4831 et
3127 4776 3290 4831 ﬂevit.
3318 4777 3431 4833 Hoc
3455 4780 3597 4834 enim

2019 4865 2161 4918 ultro
2188 4867 2430 4934 citroque
2456 4874 2754 4919 memorant
2789 4866 3123 4936 evangelista:
3145 4905 3163 4931 ,
3205 4877 3262 4921 ut
3288 4869 3598 4922 (nconomia:

2017 4955 2224 5010 veritati
2253 4955 2410 5010 fidem
2452 4955 2665 5010 faciant.
2714 4957 2980 5012 Turbatus
3007 4958 3184 5027 itaque
3225 4969 3308 5014 est
3345 4961 3598 5015 Dominus

2015 5046 2256 5115 discipuli
2305 5047 2540 5101 animum
2569 5062 2906 5116 summopere
2951 5049 3213 5118 ingratum
3254 5051 3489 5118 intuitus,
3539 5063 3599 5107 ut

2017 5155 2115 5192 nos
2139 5138 2330 5193 doceat
2361 5139 2478 5192 illos
2520 5138 2751 5192 maxime
2793 5138 3050 5207 Iugendos
3093 5155 3213 5196 esse
3241 5141 3330 5210 qui
3372 5142 3509 5196 male
3534 5157 3595 5195 a-

2013 5240 2166 5300 gunt,
2206 5247 2311 5284 nou
2361 5241 2540 5285 autem
2591 5246 2684 5285 eos
2723 5231 2810 5300 qui
2847 5231 2981 5284 mala
3015 5233 3303 5300 patiuntur.
3349 5233 3478 5288 Nam
3505 5237 3594 5305 qui

2017 5321 2211 5389 injusta
2234 5331 2288 5374 et
2333 5320 2543 5390 indigna
2597 5321 2900 5390 patiuntur,
2932 5321 3074 5392 digni
3119 5323 3300 5391 potius
3337 5335 3460 5378 sunt
3505 5328 3594 5396 qui

2015 5411 2154 5466 beati
2218 5413 2592 5482 praediceutur.
2649 5413 2979 5482 Quapropter
3028 5413 3238 5470 dicebat
3280 5417 3524 5471 Christus
3580 5436 3594 5472 :

2012 5502 2157 5557 Beati
2183 5505 2269 5574 qui
2300 5507 2736 5575 persequutionem
2784 5510 3047 5576 patiuntur
3091 5518 3296 5578 propter
3312 5509 3592 5578 justitiam,

2010 5595 2246 5666 quoniam
2272 5595 2494 5664 ipsorum
2519 5606 2588 5650 est
2600 5613 2809 5667 regnum
2837 5597 3074 5651 calorum
3092 5598 3113 5664 (
3122 5597 3304 5652 Matth.
3322 5599 3597 5670 5.l0).\’i-

2011 5687 2129 5745 den‘
2154 5696 2410 5761 quantum
2435 5705 2554 5746 esse
2585 5692 2786 5746 lucrum
2826 5691 3055 5746 ostendit
3090 5707 3274 5748 corum
3297 5733 3312 5757 ,
3343 5693 3429 5759 qui
3457 5695 3597 5748 male
