3906 6224
432 265 538 321 385

430 376 597 442 ἔδειξε
638 374 747 429 τῶν
783 374 969 438 κακῶς
995 372 1340 444 πασχόντων;
1379 371 1550 424 Βλέπε
1581 373 1741 426 πάλιν
1770 372 2005 442 ἀλλαχοῦ

428 459 538 513 τῶν
579 458 765 523 κακῶς
816 458 1110 512 ποιούντων
1156 456 1255 526 τὴν
1308 456 1681 525 ἀπαραίτητον
1712 455 2011 527 τιμωρίαν·

430 543 594 596 ἄκουε
642 542 736 594 τοῦ
787 540 1055 612 μακαρίου
1115 537 1329 590 Παύλου
1380 537 1660 605 λέγοντος·
1703 537 1886 606 Ὑμεῖς
1922 538 2012 599 δὲ,

429 626 699 694 ἀδελφοὶ,
721 622 966 694 μιμηταὶ
1004 621 1326 692 ἐγενήθητε
1354 620 1473 675 τῶν
1515 619 1884 688 Ἐκκλησιῶν
1906 620 2015 674 τοῦ

431 708 578 762 Θεοῦ
598 706 714 761 τῶν
741 704 943 759 οὐσῶν
967 704 1035 757 ἐν
1067 702 1138 770 τῇ
1168 704 1450 769 Ἰουδαίᾳ,
1483 702 1571 757 ὅτι
1605 703 1677 757 τὰ
1705 704 1858 759 αὐτὰ
1879 703 2017 757 ἑπά-

429 793 561 844 υετε
588 788 685 842 καὶ
705 787 868 854 ὑμεῖς
894 785 1012 841 ὑπὸ
1050 784 1166 839 τῶν
1182 785 1347 839 ίδίων
1366 784 1790 854 συμφυλετῶν,
1818 783 2015 849 καθὼς

428 873 526 927 καὶ
567 869 738 925 αὐτοὶ
781 870 898 924 ὑπὸ
932 869 1052 923 τῶν
1083 868 1398 933 Ἰουδαίων,
1450 870 1569 922 τῶν
1615 869 1713 923 καὶ
1756 869 1862 922 τὸν
1898 868 2016 922 K13-

425 971 558 1022 ριον
610 950 1091 1007 ἀποκτεινάντων
1149 952 1415 1019 Ἰησοῦν,
1475 952 1571 1004 καὶ
1623 952 1760 1017 τοὺς
1823 951 2013 1018 ἰδίους

427 1036 757 1106 προφήτας,
780 1036 879 1089 καὶ
905 1035 1265 1089 κωλυόντων
1284 1034 1460 1104 ἡμᾶς,
1484 1035 1641 1105 φησὶ,
1667 1034 1790 1100 τοῖς
1811 1035 2014 1088 ἔθνεσι

426 1118 715 1187 λαλῆσαι,
743 1120 845 1171 ἵνα
872 1116 1170 1182 σωθῶσιν,
1215 1119 1297 1183 είς
1341 1116 1406 1170 τὸ
1432 1116 1864 1183 ἀναπληρῶσαι
1907 1117 2014 1169 αὐ-

426 1199 546 1254 τῶν
572 1202 675 1267 τὰς
706 1201 993 1270 ἁμαρτίας
1012 1216 1025 1229 ⁸
1061 1199 1289 1269 ἔφθασε
1323 1198 1391 1251 δὲ
1424 1199 1514 1252 ἐπ’
1541 1198 1761 1263 αὐτοὺς
1791 1200 1829 1266 ἡ
1864 1197 2010 1267 ὀργὴ

426 1285 532 1338 τοῦ
571 1283 718 1339 Θεοῦ
756 1286 845 1349 εὶς
889 1283 1083 1349 τέλος.
1135 1280 1310 1347 Εἶδες,
1360 1283 1443 1335 ὅτι
1495 1282 1737 1344 ἐκείνους
1777 1281 2010 1351 μάλιστα

424 1367 631 1422 δίκαιον
659 1369 876 1438 θρηνεῖν
919 1368 1011 1419 καὶ
1056 1365 1349 1418 κόπτεσθαι
1383 1367 1506 1428 τοὺς
1543 1362 2007 1429 κακοποιοῦντας;

425 1449 524 1503 Διά
558 1447 714 1502 τοῦτο
750 1448 842 1502 καὶ
894 1449 924 1500 6
973 1448 1353 1519 φιλάνθρωπος
1396 1447 1671 1516 Δεσπότης
1719 1446 1861 1518 ὁρῶν
1913 1445 2009 1498 τοῦ

429 1531 670 1602 μαθητοῦ
706 1532 805 1601 τὴν
853 1530 1077 1600 τόλμαν,
1112 1529 1437 1600 ἐταράττετο
1465 1530 1558 1582 καί
1590 1527 2006 1601 ἐδάκρυε,[587]

424 1615 524 1684 τὴν
575 1615 704 1682 περὶ
746 1613 836 1665 τὸν
875 1612 1118 1684 μαθητὴν
1164 1612 1505 1682 συμπάθειαν
1548 1611 2007 1681 ἐπιδεικνύμενος,

425 1697 519 1749 καὶ
547 1697 760 1758 δεικνὺς
790 1696 953 1749 αὐτοῦ
996 1696 1092 1765 τῆς
1141 1693 1547 1765 φιλανθρωπίας
1573 1695 1633 1747 τὸ
1658 1694 1904 1763 μέγεθος,
1927 1694 2009 1745 ὅτι

425 1780 519 1833 καὶ
549 1779 741 1849 μέχρις
761 1779 929 1848 αὐτῆς
959 1782 1055 1850 τῆς
1087 1778 1376 1849 προδοσίας
1402 1778 1501 1830 οὐκ
1526 1776 1758 1829 ἐπαύετο
1784 1776 1882 1846 τῆς
1913 1774 2007 1828 τοῦ

427 1861 671 1931 μαθητοῦ
715 1860 1049 1933 διορθώσεως
1096 1860 1508 1931 προνοούμενος.
1545 1859 1644 1912 Διά
1687 1859 1874 1912 τοῦτον
1914 1854 2009 1912 οῦν

422 1944 690 2015 δάκρυσον
732 1944 927 2013 πικρὸν
973 1945 1068 1995 καὶ
1128 1942 1381 2007 στέναξον
1420 1941 1641 2011 μᾶλλον,
1676 1942 1797 1993 ἐπεὶ
1846 1941 1941 1994 καὶ
1979 1941 2009 1993 6

423 2028 699 2097 Δεσπότης
724 2027 790 2079 δι’
811 2029 1016 2079 ἐκεῖνον
1038 2025 1319 2096 ἠθύμησεν
1338 2041 1350 2053 ·
1387 2024 1712 2091 Ἐταράχθη
1758 2022 1886 2091 γὰρ,
1911 2039 2013 2092 φη.

426 2112 531 2174 σὶν,
562 2113 595 2164 ό
627 2109 868 2176 Ἰησοῦς
893 2109 988 2162 καὶ
1014 2110 1182 2163 εἶπεν
1199 2126 1212 2139 ·
1247 2104 1353 2174 Εἷς
1376 2108 1445 2172 ἐξ
1475 2108 1640 2177 ὑμῶν
1668 2105 2008 2174 παραδώσει

423 2212 512 2263 με.
542 2195 606 2246 Ὦ
635 2195 771 2264 πόση
795 2193 1186 2264 εὐσπλαγχνία,
1218 2193 1358 2263 πόση
1398 2192 1670 2261 ἀγαθότης
1698 2192 2001 2244 Δεσπότουί

420 2282 450 2332 6
487 2277 764 2349 προδοθεὶς
786 2277 926 2348 ὑπὲρ
954 2276 1049 2330 τοῦ
1090 2276 1347 2346 προδότου
1379 2276 1553 2344 ἀλγεῖ.
1578 2276 1751 2347 Ὁρῶν
1773 2275 1882 2345 γὰρ
1910 2277 2009 2328 αύ-

419 2364 512 2415 τὸν
544 2362 866 2432 ἐπιμένοντα
895 2363 960 2431 τῇ
997 2359 1252 2432 πονηρίᾳ,
1294 2359 1624 2428 Ἐταράχθη
1673 2359 1771 2413 καὶ
1803 2359 2003 2413 εἷπενυ

424 2443 529 2510 Εἷς
552 2444 623 2508 ἐξ
654 2441 821 2512 ὑμῶν
853 2441 1191 2510 παραδώσει
1217 2459 1315 2509 με.
1356 2442 1577 2506 Σκόπει,
1618 2442 1756 2511 πόση
1797 2457 2005 2512 μακρο-

421 2528 619 2597 θυμίαί
658 2527 798 2596 πόση
850 2525 1259 2596 φιλανθρωπίαι
1294 2525 1411 2588 πῶς
1439 2525 1677 2594 φείδεται
1704 2523 1798 2577 τοῦ
1829 2523 2009 2591 ἀγνώ-

425 2627 604 2680 μονος,
646 2610 738 2662 καὶ
780 2609 840 2661 οὐ
888 2608 1134 2679 βούλεται
1176 2609 1339 2662 αὐτὸν
1381 2608 1733 2678 ἀναίσχυντον
1771 2607 2008 2678 ἐργάσα-

423 2692 564 2749 σθαι,
599 2692 731 2745 ἀλλά
780 2692 987 2754 πάντας
1026 2693 1104 2753 εἰς
1140 2691 1340 2744 δειλίαν
1383 2693 1567 2759 ἐνάγει
1603 2691 1731 2751 τοὺς
1760 2688 2005 2762 μαθητὰς

421 2777 515 2830 καί⁸
553 2775 876 2843 ἐναγωνίους
909 2776 1070 2833 ποιεῖ.
1102 2777 1237 2844 πρὸς
1269 2774 1328 2827 τὸ
1358 2774 1613 2844 ἀφορμήν
1652 2790 1773 2825 τινα
1813 2773 2004 2843 ἐκείνῳ

421 2861 720 2929 παρασχεῖν
757 2858 850 2911 τοῦ
893 2858 1232 2929 μεταγνῶναι
1271 2857 1372 2927 τῆς
1416 2855 1647 2926 μανίαςί
1694 2855 1829 2907 Ἀλλ’
1874 2857 2003 2909 ὅταν

419 2944 743 3014 ἀναίσθητος
766 2942 991 3013 γένηται
1019 2943 1051 3012 ἡ
1090 2939 1236 3011 ψυχὴ
1277 2940 1350 3011 μὴ
1383 2940 1645 3011 δεχομένη
1679 2939 1769 2994 τὸν
1806 2940 2005 3009 σπόρον

418 3027 517 3096 τῆς
559 3026 860 3089 εὐσεϐείας,
888 3025 948 3077 οὐ
985 3025 1303 3095 παραίνεσιν
1325 3023 1554 3093 δέχεται,
1580 3023 1641 3075 οὐ
1674 3022 1999 3094 συμϐουλὴν,

419 3110 555 3162 ἀλλὰ
609 3109 939 3162 σκοτωθεῖσα
978 3109 1082 3161 ὑπὸ
1143 3107 1236 3161 τοῦ
1294 3107 1501 3169 πάθους
1552 3105 1692 3160 κατὰ
1744 3105 2003 3177 κρημνῶν

418 3193 634 3245 ἄπεισι·
659 3192 849 3264 διόπερ
883 3190 1004 3245 οὔτε
1044 3184 1199 3253 οὗτος
1229 3190 1486 3263 ἐκέρδανέ
1520 3206 1571 3240 τι
1596 3190 1659 3241 ἐκ
1686 3188 1785 3258 τῆς
1805 3187 2002 3242 τοσαύ-

417 3292 517 3346 της
571 3274 967 3346 μακροθυμίας.
1015 3270 1119 3340 Εἶς
1168 3273 1237 3338 ἐξ
1298 3272 1466 3342 ὑμῶν
1520 3271 1858 3340 παραδώσει
1902 3288 1999 3341 με,

417 3358 570 3428 φησι.
604 3359 759 3422 Τίνος
802 3357 988 3411 ἕνεκεν
1025 3356 1302 3429 ἐταράχθη
1343 3357 1433 3410 καὶ
1479 3355 1790 3426 ὴθύμησεν;
1836 3356 2000 3426 Ὁμοῦ

417 3442 511 3494 καὶ
540 3442 638 3512 τὴν
670 3440 1047 3511 φιλοστοργίαν
1075 3440 1173 3510 τὴν
1201 3438 1395 3493 ἐαυτοῦ
1426 3438 1884 3508 ἐπιδεικνύμενος,
1907 3438 2002 3492 καὶ

415 3524 680 3577 διδάσκων
724 3524 900 3593 ἡμᾶς,
947 3523 1028 3575 ὅτι
1067 3523 1308 3584 ἐκείνους
1352 3522 1583 3592 μάλιστα
1624 3522 1711 3574 δεῖ
1760 3521 1997 3592 θρηνεῖν,

416 3609 541 3670 τοὺς
574 3606 759 3668 κακῶς
795 3605 872 3675 τῷ
904 3605 1130 3674 πλησίον
1174 3604 1696 3674 κατεργαζομένους.
1738 3605 1847 3658 Καὶ
1891 3605 1999 3677 γάρ

417 3693 614 3743 ἐκεῖνοι
643 3688 764 3741 καθ’
795 3688 1001 3742 ἑαυτῶν
1025 3689 1125 3758 τὴν
1173 3687 1341 3757 ὀργὴν
1374 3687 1724 3757 ἐπιφέρουσιν
1743 3705 1756 3718 ο
1787 3689 1906 3758 οὐχὶ
1941 3689 1998 3741 δὲ

415 3773 506 3825 τὸν
539 3773 814 3841 πάσχοντα
850 3770 1056 3835 κακῶς,
1084 3769 1220 3822 ἀλλὰ
1257 3770 1348 3822 τὸν
1395 3769 1649 3823 ποιοῦντα
1674 3771 1838 3832 κακὰ,
1869 3770 1997 3822 τοῦ·

415 3872 507 3909 τον
561 3854 776 3926 θρηνεῖν
822 3852 1097 3924 πανταχοῦ
1144 3852 1369 3909 δίκαιον.
1402 3853 1475 3905 Τὸ
1522 3853 1620 3923 μὲν
1663 3853 1772 3923 γάρ
1811 3854 1997 3917 κακῶς

416 3936 628 4002 παθεῖν,
655 3938 752 4010 τὴν
802 3936 1078 4007 βασιλείαν
1117 3937 1246 4006 ἡμῖν
1287 3934 1396 3989 τῶν
1431 3935 1676 4008 οὐρανῶν
1714 3937 1991 4007 προξενεῖ⁸

413 4022 475 4074 τὸ
500 4021 555 4074 δέ
581 4019 765 4083 κακῶς
790 4019 1011 4090 ποιῆσαί
1039 4036 1143 4072 τινι
1169 4020 1337 4072 αίτιον
1359 4021 1487 4090 ἡμῖν
1525 4018 1625 4089 τῆς
1652 4019 1875 4090 γεέννης
1901 4021 1993 4073 καὶ

412 4107 512 4176 τῆς
540 4105 810 4166 κολάσεως
838 4104 1064 4172 γίνεται,
1099 4102 1387 4170 Μακάριοι
1424 4102 1550 4174 γὰρ,
1586 4105 1769 4172 φησὶν,
1804 4107 1857 4155 οἱ
1896 4103 1990 4157 δε-

413 4189 721 4259 διωγμένοι
747 4188 955 4241 ἕνεκεν
981 4187 1390 4253 δικαιοσύνης.
1443 4187 1623 4256 Ὀρᾷς.
1652 4188 1768 4250 πῶς
1803 4187 1864 4240 τὸ
1896 4206 1994 4240 κα·-

414 4274 526 4338 κῶς
557 4272 749 4325 παθεῖν
779 4271 889 4341 ἔχει
919 4270 1108 4341 μισθὸν
1148 4271 1242 4324 καὶ
1285 4269 1537 4332 ἔπαθλον,
1570 4269 1669 4340 τὴν
1693 4270 1801 4322 τῶν
1830 4273 1995 4343 οὐρα-

414 4358 522 4412 νῶν
548 4355 859 4427 βασιλείανς
891 4355 1155 4406 ’Ἄκουσον
1194 4353 1308 4416 πῶς
1334 4354 1426 4406 καὶ
1467 4354 1528 4405 τὸ
1556 4354 1741 4418 κακῶς
1768 4356 1992 4425 ποιῆσαι

415 4441 633 4494 κόλασιν
680 4437 835 4508 φέρει
880 4437 973 4489 καὶ
1019 4437 1307 4507 τιμωρίαν.
1350 4435 1532 4489 Εἰπὼν
1570 4437 1678 4508 γὰρ
1720 4439 1748 4490 6
1783 4439 1990 4504 Παῦλος

413 4525 545 4596 περὶ
576 4522 681 4576 τῶν
715 4520 1005 4580 Ἰουδαίων,
1029 4519 1110 4572 ὅτι
1151 4519 1243 4571 τὸν
1290 4518 1491 4590 Κύριον
1523 4520 1866 4584 ἀπέκτειναν,
1897 4523 1991 4577 καὶ

410 4608 538 4668 τοὺς
583 4604 868 4676 προφήτας
912 4600 1156 4668 ἐδίωξαν,
1204 4601 1504 4672 ἐπήγαγεν·
1552 4597 1666 4656 *Ων
1709 4604 1774 4657 τὸ
1816 4604 1991 4671 τέλος

411 4687 543 4742 ἐστὶ
575 4687 725 4743 κατὰ
752 4686 820 4741 τὰ
843 4688 987 4755 ἔργα
1013 4683 1229 4740 αὐτῶν.
1257 4680 1408 4747 Εἶδες
1434 4686 1550 4750 πῶς
1581 4688 1629 4739 οί
1666 4688 1762 4758 μὲν
1802 4687 1989 4743 διωκό-

415 4787 567 4840 μενοι
616 4771 715 4841 τὴν
742 4769 1014 4840 βασιλείαν
1037 4767 1145 4822 τῶν
1167 4767 1414 4839 οὐρανῶν
1440 4767 1822 4840 λαμϐάνουσιν⁸
1854 4774 1904 4827 οί
1931 4772 1989 4826 δὲ

410 4852 711 4917 διώκοντες,
737 4853 835 4923 τὴν
861 4851 955 4906 τοῦ
984 4852 1118 4906 Θεοῦ
1147 4853 1316 4924 ὀργὴν
1346 4851 1776 4924 κληρονομοῦσις

481 4934 665 4990 Ταῦτα
704 4935 761 4988 δέ
808 4935 906 5004 οὐχ
949 4935 1135 4999 ἁπλῶς
1180 4933 1437 5005 κινοῦμεν
1468 4936 1560 4989 ἐπὶ
1598 4938 1693 5004 τῆς
1716 4938 1986 5009 ὑμετέρας

410 5020 648 5090 ἀγάπης,
693 5017 806 5071 ἀλλ’
852 5018 937 5070 ἴνα
980 5017 1359 5089 παιδευώμεθα
1402 5020 1538 5090 πρὸς
1581 5021 1707 5083 τοὺς
1758 5021 1987 5091 ἐχθροὺς

408 5103 566 5174 ἡμῶν
591 5103 665 5174 μὴ
687 5100 1020 5172 ὀργίζεσθαι,
1046 5100 1157 5153 ἀλλ’
1178 5101 1263 5154 ἵνα
1285 5101 1481 5172 μᾶλλον
1506 5102 1743 5174 ἐλεῶμεν
1767 5105 1982 5170 αὐτοὺς,

409 5188 504 5240 καὶ
521 5186 846 5258 δακρύωμεν
868 5184 960 5238 καὶ
979 5183 1234 5253 ἀλγῶμεν
1250 5185 1390 5256 ὑπὲρ
1404 5185 1601 5240 αὐτῶν.
1628 5187 1853 5240 Ἐκεῖνοι
1876 5190 1985 5260 γάρ

409 5272 544 5325 εἰσιν
565 5272 613 5324 οί
638 5268 823 5332 κακῶς
855 5268 1174 5339 πάσχοντες,
1207 5270 1257 5322 οί
1300 5268 1673 5341 ἐχθραίνοντες
1715 5271 1845 5340 ἡμῖν
1883 5271 1984 5341 μά-

407 5368 526 5423 την.
549 5356 646 5406 Ἂν
672 5353 815 5406 οῦτω
843 5353 1350 5424 παρασκευάσωμεν
1383 5352 1537 5422 ήμῶν
1564 5351 1660 5424 τὴν
1687 5351 1882 5423 ψυχὴν,
1909 5354 1984 5417 ὡς

412 5437 487 5508 μὴ
512 5437 846 5508 ὀργίζεσθαι,
885 5435 1020 5490 ἀλλά
1058 5436 1153 5489 καὶ
1182 5435 1367 5502 ἀλγεῖν
1412 5436 1551 5506 ὑπὲρ
1588 5435 1788 5501 αὐτῶν,
1827 5438 1985 5508 δυνη-

410 5519 612 5587 σόμεθα
657 5519 797 5572 κατὰ
838 5519 934 5590 τὴν
966 5518 1059 5572 τοῦ
1103 5518 1309 5590 Κυρίου
1354 5516 1536 5588 φωνὴν
1568 5518 1661 5571 καὶ
1690 5518 1984 5590 ὐπερεύχε-

410 5601 535 5654 σθαι
571 5602 769 5662 αὐτῶν,
793 5603 886 5655 καὶ
928 5601 1126 5673 πολλὴν
1164 5601 1253 5655 διὰ
1281 5599 1466 5655 τούτου
1509 5602 1608 5673 τὴν
1638 5601 1842 5656 ἄνωθεν
1865 5605 1983 5658 ἐπι-

410 5681 717 5737 σπάσασθαι
756 5686 942 5753 ῥοπήν.
996 5684 1089 5736 Διά
1140 5682 1248 5754 γὰρ
1286 5679 1442 5735 τοῦτο
1478 5683 1743 5755 τετάρτην
1770 5685 1978 5757 ἡμέραν

1184 260 1241 314 5.
1280 257 1566 313 JOANNIS
1601 258 2092 316 CHRYSOSTOMI
2133 254 2450 311 ARCIHEP.
2493 252 3029 313 CONSTANTINOP.

3594 256 3705 313 58!

2115 370 2221 442 ἔχω
2275 370 2656 441 διαλεγόμενος
2699 372 2826 441 ύμῖν
2875 370 3004 442 περὶ
3053 370 3216 441 εὐχῆς
3255 370 3354 440 τῆς
3404 372 3544 443 ὑπὲρ
3587 372 3709 425 τῶν

2114 452 2346 524 ἐχθρῶν,
2370 453 2457 507 ἵνα
2488 452 2711 524 μόνιμος
2735 453 2958 523 γένηται
2985 452 3085 520 τῆς
3111 452 3453 518 διδασκαλίας
3484 457 3512 509 6
3536 454 3705 523 λόγος

2111 539 2179 607 τῇ
2209 534 2455 607 συνεχείᾳ
2482 535 2582 605 τῆς
2611 536 3005 606 παραινέσεως,
3044 536 3132 588 ἴνα
3161 534 3361 607 ῥιζωθῇ
3395 535 3546 606 ὑμῶν
3575 539 3707 600 ταῖς

2112 621 2386 682 διανοίαις.
2420 620 2519 673 Διὰ
2549 619 2706 673 τοῦτο
2735 619 2970 688 συνεχῶς
3005 619 3371 689 ἐπαντλοῦμεν
3415 621 3544 690 ὑμῖν
3582 622 3706 683 τοῖς

2113 705 2179 775 ρή
2188 720 2371 771 μασιν,
2395 702 2534 757 ὥστε
2559 703 2620 755 τὸ
2644 703 2841 773 οἴδημα
2860 703 2959 772 τῆς
2982 703 3152 774 ὀργῆς
3184 703 3569 772 ὐπονοστῆσαι,
3601 704 3708 758 καὶ

2111 787 2515 857 κατασταλῆναι
2564 787 2663 858 τὴν
2709 787 3035 856 φλεγμονὴν,
3087 788 3180 840 καὶ
3237 787 3475 859 καθαρὸν
3522 788 3707 859 ὀργῆς

2112 865 2251 923 εἶναι
2278 869 2368 923 τὸν
2399 872 2529 941 εὐχῇ
2571 871 2883 942 προσιόντα.
2927 869 3061 924 Οὐδὲ
3088 868 3196 941 γάρ
3232 872 3261 923 6
3287 869 3520 940 Χριστὸς
3551 872 3712 942 ὑπὲρ

2109 955 2219 1008 τῶν
2254 954 2461 1026 ἐχθρῶν
2491 955 2662 1008 ταῦτα
2710 958 2965 1026 παραινεῖ
2999 954 3192 1025 μόνον,
3234 953 3369 1008 ἀλλὰ
3408 956 3504 1007 καὶ
3548 955 3709 1023 ὑπὲρ

2113 1037 2268 1107 ἡμῶν
2287 1037 2395 1090 τῶν
2418 1037 2683 1107 ἀφιέντων
2707 1039 2932 1100 ἐκείνοις
2951 1041 3017 1090 τὰ
3043 1037 3431 1109 ἁμαρτήματα.
3452 1037 3715 1101 Μείζονα

2111 1119 2391 1192 γάρ[588]
2434 1121 2731 1191 λαμϐάνεις
2778 1121 2810 1192 ἢ
2855 1121 3030 1186 δίδως,
3066 1122 3245 1189 ἀφιεὶς
3276 1121 3375 1190 τὴν
3411 1121 3580 1191 ὀργὴν
3622 1119 3708 1189 τῷ

2111 1204 2308 1274 ἐχθρῷ.
2365 1206 2473 1258 Καὶ
2504 1205 2619 1269 πῶς
2664 1205 2883 1275 μείζονα
2927 1205 3208 1275 λαμϐάνω.
3244 1204 3414 1274 φησί;
3448 1204 3706 1275 Πρόσεχε

2109 1286 2373 1359 ἀκριϐῶς.
2417 1288 2540 1341 Ἐὰν
2580 1289 2748 1360 ἀφίης
2776 1288 2954 1341 τοίνυν
2980 1287 3050 1340 τὰ
3073 1289 3153 1350 είς
3184 1286 3275 1340 τὸν
3299 1286 3485 1358 ἐχθρὸν
3509 1289 3705 1357 ἀμαρ-

2108 1371 2346 1439 τήματα,
2380 1371 2741 1442 συγχωρεῖταί
2767 1387 2849 1423 σοι
2876 1370 2945 1423 τὰ
2975 1373 3057 1434 είς
3087 1370 3179 1421 τὸν
3211 1370 3486 1441 Δεσπότην
3515 1369 3701 1441 πλημ·

2112 1450 2420 1521 μελήματα.
2486 1454 2699 1506 Ἐκεῖνα
2754 1452 2947 1505 ἅνίατά
3000 1454 3116 1504 ἐστι
3172 1453 3266 1504 καὶ⁵
3310 1450 3700 1519 ἀσύγγνωστα,
3812 1514 3824 1523 ⁸

2107 1534 2278 1587 ταῦτα
2318 1534 2375 1586 δὲ
2418 1535 2615 1607 πολλὴν
2680 1536 2791 1606 ἔχει
2815 1536 3168 1605 παραμυθίαν
3209 1536 3302 1587 καὶ
3337 1534 3699 1606 συγγνώμην.

2113 1618 2376 1671 ’Ἄκουσον
2416 1619 2546 1686 γοῦν
2583 1617 2677 1672 τοῦ
2721 1619 2839 1671 Ἠλὶ
2882 1618 3128 1686 λέγοντος
3186 1618 3317 1689 πρὸς
3364 1619 3489 1680 τοὺς
3540 1617 3706 1680 υἱοὺς

2110 1701 2304 1754 αὐτοῦ·
2354 1703 2489 1755 Ἐὰν
2513 1702 2789 1771 ἁμαρτὼν
2826 1702 3055 1771 ἁμάρτῃ
3105 1702 3412 1769 ἄνθρωπος
3457 1703 3537 1767 είς
3579 1700 3705 1756 ἆν-

2110 1787 2363 1849 θρωπον,
2400 1788 2431 1839 ό
2471 1785 2657 1853 ἱερεὺς
2716 1785 3108 1854 προσεύξεται
3154 1784 3291 1853 περὶ
3326 1784 3539 1838 αὑτοῦ·
3579 1784 3706 1838 ἐὰν

2108 1867 2177 1919 δὲ
2216 1871 2303 1933 είς
2334 1868 2441 1921 τὸν
2475 1869 2623 1922 Θεὸν
2665 1868 2920 1939 ἁμάρτῃ,
2970 1871 3063 1936 τίς
3108 1869 3503 1937 προσεύξεται
3552 1871 3702 1937 περὶ

2107 1952 2328 2015 αὐτοῦ;
2358 1953 2519 2006 Ὥστε
2550 1955 2724 2006 ἐκεῖνο
2755 1954 2895 2023 μέγα
2926 1951 3168 2024 τραῦμα,
3200 1954 3306 2007 οὐδ’
3329 1956 3459 2025 εὐχῇ
3493 1952 3704 2025 ῥᾳδίως

2107 2034 2309 2089 λύεται.
2350 2038 2460 2090 Καὶ
2498 2038 2627 2107 εὐχῇ
2681 2038 2777 2107 μὲν
2819 2038 2879 2090 οὐ
2923 2037 3106 2092 λύεται
3140 2039 3198 2091 τὸ
3234 2037 3467 2091 τοιοῦτον
3506 2037 3703 2109 παρὰ·

2108 2135 2328 2188 πτωμα,
2371 2122 2714 2191 συγχωρήσει
2756 2121 2812 2173 δὲ
2861 2121 2965 2173 τῶν
3012 2121 3421 2192 ἁμαρτημάτων
3456 2121 3563 2173 τῶν
3610 2122 3703 2183 είς

2104 2202 2196 2254 τὸν
2230 2202 2423 2272 ἐχθρὸν
2459 2201 2642 2255 λύεται
2674 2204 3004 2273 παραυτίκα.
3047 2205 3138 2257 Διὸ
3179 2206 3360 2258 ἐκεῖνα
3386 2203 3482 2274 μὲν
3517 2202 3700 2273 μύρια

2104 2285 2341 2340 τάλαντα
2372 2287 2629 2340 ἐκάλεσεν
2662 2290 2688 2340 ό
2717 2287 2869 2351 Θεὸς,
2897 2287 2964 2341 τὰ
2988 2289 3067 2351 είς
3090 2288 3179 2341 τὸν
3200 2288 3473 2356 Δεσπότην
3509 2289 3703 2357 ἁμαρ-

2104 2370 2339 2439 τήματα,
2385 2370 2559 2424 ταῦτα
2620 2371 2677 2423 δὲ
2731 2371 2924 2424 ἑκατὸν
2972 2370 3237 2443 δηνάριαο
3283 2371 3319 2425 ἃ
3365 2371 3460 2423 ἐὰν
3515 2370 3697 2441 ἀφῇς,

2106 2453 2443 2525 ἀφεθήσεταί
2481 2454 2657 2507 σοιτά
2690 2456 2858 2525 μύρια
2889 2454 3143 2511 τάλαντα.

2176 2606 2241 2677 β’.
2269 2608 2429 2663 Ἀλλά
2456 2609 2583 2681 περὶ
2619 2608 2718 2679 μὲν
2745 2612 2840 2680 τῆς
2867 2609 3033 2678 εὐχῆς
3070 2609 3267 2671 ἱκανῶς
3290 2610 3520 2680 εἴρηται.
3547 2607 3611 2661 El
3633 2607 3703 2661 δὲ

2102 2689 2267 2753 δοκεῖ,
2305 2693 2496 2763 μικρὸν
2530 2692 2784 2760 ἀνωτέρω
2833 2692 2921 2744 τὸν
2954 2691 3108 2759 λόγον
3136 2692 3454 2760 ἀγαγόντες,
3478 2692 3569 2743 ἐπὶ
3590 2690 3703 2744 τὸν

2101 2774 2201 2843 τῆς
2234 2776 2520 2843 προδοσίας
2554 2775 2936 2847 ἐπανέλθωμεν
2979 2776 3156 2844 λόγον.
3198 2777 3294 2828 καὶ
3329 2777 3528 2845 ἴδωμεν
3565 2775 3701 2838 πῶς

2104 2856 2373 2927 παρεδόθη
2403 2857 2559 2928 ἡμῶν
2588 2860 2615 2912 6
2647 2859 2942 2929 Δεσπότης.
2960 2859 3077 2912 Ἵνα
3100 2860 3156 2912 δέ
3184 2858 3278 2911 καὶ
3302 2857 3395 2911 τοῦ
3426 2857 3697 2928 προδότου

2100 2940 2199 3009 τὴν
2232 2941 2425 3009 μανίαν
2461 2942 2678 2996 ἃπασαν
2721 2941 3142 3013 καταμάθωμεν,
3185 2942 3279 2996 καὶ
3308 2942 3399 2995 τοῦ
3436 2940 3696 3011 μαθητοῦ

2102 3021 2198 3092 τὴν
2257 3024 2648 3096 ἀγνωμοσύνην
2691 3025 2930 3095 γνῶμεν,
2969 3025 3064 3079 καὶ
3112 3024 3205 3079 τοῦ
3259 3025 3526 3078 Δεσπότου
3583 3025 3698 3095 τὴν

2100 3102 2305 3171 ἄφατον
2333 3105 2758 3178 φιλανθρωπίαν,
2802 3108 3123 3178 ἀκούσωμεν
3152 3106 3244 3160 τοῦ
3272 3106 3698 3175 εὐαγγελιστοῦ,

2103 3187 2220 3251 πῶς
2248 3192 2381 3258 ἡμῖν
2409 3190 2572 3243 αὐτοῦ
2601 3191 2871 3260 διηγεῖται
2912 3193 3010 3264 τὴν
3051 3192 3277 3261 τόλμαν
3325 3195 3483 3254 Τότε,
3521 3191 3693 3262 φησι,

2101 3275 2409 3342 πορευθεὶς
2437 3273 2525 3343 εἷς
2560 3278 2680 3331 τῶν
2725 3277 2973 3344 δώδεκα,
3014 3279 3244 3343 Ἰούδας
3283 3282 3314 3332 ό
3358 3281 3697 3348 λεγόμενος

2113 3359 2514 3427 Ἰσκαριώτης,
2542 3361 2692 3428 πρὸς
2720 3362 2862 3428 τοὺς
2898 3362 3208 3432 ἀρχιερεῖς,
3236 3358 3408 3416 εἶπεν
3440 3361 3651 3428 αὐτοῖς
3672 3377 3690 3394 ο

2076 3444 2079 3447 ’
2106 3443 2169 3495 Τί
2193 3442 2399 3497 θέλετέ
2425 3463 2527 3514 μοι
2571 3445 2805 3510 δοῦναι,
2851 3444 3012 3516 κάγὼ
3037 3446 3180 3516 ὑμῖν
3204 3446 3533 3514 παραδώσω
3567 3449 3692 3501 αὑ-

2098 3535 2241 3591 τόν;
2284 3530 2442 3581 Δοκεῖ
2483 3529 2580 3598 μὲν
2615 3531 2723 3600 γὰρ
2769 3530 2935 3599 σαφὲς
2979 3526 3208 3583 εἶναιτὸ
3240 3530 3553 3599 λεγόμενον,
3586 3532 3693 3586 καὶ

2102 3609 2265 3679 μηδὲν
2299 3609 2457 3663 πλέον
2494 3610 2855 3665 αίνίττεσθαι·
2889 3615 2935 3666 εἰ
2982 3613 3038 3666 δέ
3086 3629 3168 3675 τις
3217 3613 3457 3683 ἀκριϐῶς
3496 3613 3694 3680 ἐξετά-

2100 3708 2240 3744 σειεν
2261 3692 2488 3745 ἕκαστον
2508 3692 2615 3745 τῶν
2636 3694 2960 3764 εἰρημένων,
2985 3694 3182 3767 πολλὴν
3204 3696 3317 3767 ἔχει
3342 3696 3569 3766 θεωρίαν
3582 3699 3691 3751 καὶ

2098 3773 2232 3827 πολὺ
2259 3774 2318 3827 τὸ
2354 3774 2516 3843 βάθος
2540 3776 2646 3828 τῶν
2676 3776 2980 3846 νοημάτων.
3023 3779 3130 3831 Καὶ
3162 3779 3378 3848 πρῶτον
3406 3781 3435 3832 6
3466 3781 3686 3850 καιρός.

2098 3857 2173 3908 Οὐ
2205 3857 2310 3928 γὰρ
2343 3858 2527 3921 ἁπλῶς
2554 3859 2717 3912 αὐτὸν
2752 3855 3168 3931 ἐπισημαίνεται
3200 3862 3228 3913 6
3253 3861 3688 3933 εὐαγγελιστής·

2096 3940 2158 3991 οὐ
2196 3940 2303 4012 γὰρ
2343 3936 2484 4004 εἶπε,
2531 3941 2860 4010 πορευθείς,
2904 3942 3118 4007 ἁπλῶςο
3166 3944 3301 3997 άλλά
3347 3944 3685 4015 προσέθηκε,

2102 4023 2238 4076 Τότε
2297 4028 2623 4093 πορευθείς.
2676 4025 2841 4077 Τότεσ
2902 4026 3065 4091 πότες
3127 4027 3236 4080 Καὶ
3296 4027 3439 4089 τίνος
3490 4027 3690 4080 ἕνεκεν

2096 4106 2442 4176 ἐπισημαίνει
2475 4106 2565 4158 τὸν
2598 4108 2818 4177 χρόνον;
2849 4109 2958 4177 Οὐχ
2993 4108 3176 4172 ἀπλῶς
3213 4111 3343 4179 ἡμῖν
3378 4110 3683 4180 ἐπισημαί-

2095 4204 2244 4240 νεται
2295 4189 2386 4241 τὸν
2442 4190 2631 4259 καιρὸν
2684 4191 2713 4241 ὁ
2767 4191 3156 4263 εὐαγγελιστὴς
3207 4193 3480 4262 Πνεύματι
3535 4194 3687 4266 ἁγίῳ

2095 4270 2489 4341 φθεγγόμενος·
2540 4275 2568 4325 6
2620 4273 2727 4343 γάρ
2775 4274 3054 4346 Πνεύματι
3103 4275 3488 4345 φθεγγόμενος,
3523 4276 3685 4332 οὐδὲν

2094 4353 2279 4417 ἁπλῶς
2325 4355 2442 4407 οὐδέ
2472 4356 2594 4426 εἰκῆ
2643 4356 2957 4425 φθέγγεται.
3001 4359 3066 4411 Τί
3104 4353 3196 4412 οὖν
3238 4361 3352 4411 ἐστι
3389 4358 3469 4420 τὸ,
3502 4360 3686 4427 τότε;

2095 4436 2206 4506 Πρὸ
2249 4436 2411 4489 αὐτοῦ
2451 4436 2546 4490 τοῦ
2590 4438 2803 4511 χρόνου,
2847 4440 2952 4511 πρὸ
2980 4440 3149 4510 αὐτῆς
3180 4440 3280 4509 τῆς
3323 4439 3468 4511 ὥρας
3506 4459 3689 4511 προσ-

2091 4520 2221 4590 ῆλθε
2277 4520 2413 4591 κόρη
2473 4521 2810 4594 ἀλάϐαστρον
2865 4522 3034 4594 μύρου
3091 4523 3320 4594 ἔχουσα,
3383 4525 3475 4576 καὶ
3538 4542 3687 4578 κατ·-

2091 4602 2210 4673 έχεε
2249 4604 2308 4657 τὸ
2336 4603 2513 4658 ἔλαιον
2546 4607 2719 4660 ἐκεῖνο
2758 4606 2850 4659 ἐπὶ
2882 4606 2978 4678 τὴν
3028 4606 3266 4677 κεφαλὴν
3306 4606 3398 4659 τοῦ
3441 4606 3679 4679 Κυρίου.

2103 4685 2438 4753 Ἐπεδείξατο
2471 4687 2666 4758 πολλὴν
2712 4688 2891 4742 πίστιν
2924 4691 2957 4760 ἡ
2995 4689 3154 4760 γυνὴ,
3197 4688 3505 4754 ἐπεδείξατο
3538 4689 3681 4743 πολ-

2089 4767 2187 4837 λὴν
2226 4767 2543 4840 θεραπείαν,
2577 4771 2886 4837 ἐπεδείξατο
2924 4771 3124 4843 πολλὴν
3170 4772 3413 4842 ὑπακοὴν
3451 4772 3544 4825 καὶ
3584 4773 3682 4824 εὐ-

2082 4847 2336 4905 λάϐειαψ
2387 4850 2742 4920 μετεϐάλλετο
2785 4854 2893 4908 ἀπὸ
2942 4853 3038 4907 τοῦ
3087 4854 3203 4926 βίου
3250 4854 3343 4909 τοῦ
3378 4855 3674 4927 προτέρου,

2083 4933 2178 4987 καὶ
2216 4934 2429 5001 ἐγένετο
2465 4932 2683 5005 βελτίων
2729 4937 2823 4989 καὶ
2865 4939 3298 5009 σωφρονεστέρα.
3348 4938 3459 4991 Καὶ
3502 4938 3592 4991 ὅτε
3636 4944 3679 5011 ἡ

2087 5017 2260 5088 πόρνη
2318 5017 2660 5088 μετενόησεν,
2711 5020 2797 5072 ὅτε
2831 5019 2923 5072 τὸν
2969 5022 3245 5093 Δεσπότην
3277 5021 3508 5089 ἐπέγνω,
3545 5022 3675 5079 τότε

2083 5102 2112 5153 6
2162 5098 2407 5170 μαθητὴς
2444 5100 2534 5154 τὸν
2574 5100 2887 5155 διδάσκαλον
2934 5104 3237 5174 παρέδωκε.
3288 5106 3420 5159 Τότε
3440 5121 3455 5137 ⁸
3489 5107 3664 5173 πότις

2086 5182 2214 5236 Ὅτε
2246 5183 2418 5253 πόρνη
2451 5184 2840 5254 προσελθοῦσα,
2871 5185 2932 5239 τὸ
2977 5187 3318 5256 ἀλάϐαστρον
3361 5188 3456 5242 τοῦ
3493 5192 3675 5263 μύρου

2084 5264 2400 5334 καταχέασα
2433 5266 2574 5320 κατὰ
2620 5266 2726 5320 τῶν
2747 5267 2920 5321 ποδῶν
2952 5269 3044 5323 τοῦ
3074 5271 3272 5341 Ἰησοῦ,
3303 5275 3421 5337 ταῖς
3439 5275 3675 5339 οίκείαις

2084 5345 2257 5417 θριξὶν
2273 5346 2522 5416 ἐξέμαξε,
2538 5348 2632 5402 καὶ⁵
2653 5349 2851 5420 πολλὴν
2864 5352 2961 5423 τὴν
2984 5354 3277 5425 θεραπείαν
3297 5356 3669 5420 ἐπεδείκνυτο,

2084 5429 2152 5484 τά
2178 5431 2236 5483 ἐν
2270 5431 2429 5484 παντὶ
2466 5430 2543 5502 τῷ
2576 5433 2753 5503 χρόνῳ
2795 5435 3165 5507 ἁμαρτήματα
3197 5437 3553 5508 ἐξαλείφουσα
3579 5439 3673 5494 διὰ

2082 5516 2182 5581 τῆς
2231 5513 2668 5584 ἐξομολογήσεως
2712 5516 2902 5587 αὐτῆς.
2956 5518 3089 5573 Τότε
3138 5515 3264 5586 οῦν,
3313 5524 3401 5578 ὅτε
3450 5522 3672 5592 ἐκείνην

2084 5594 2345 5649 ἐθεάσατο
2372 5597 2638 5669 τοσαύτην
2669 5597 2959 5673 θεραπείαν
2998 5601 3077 5672 τῷ
3118 5603 3420 5674 διδασκάλῳ
3458 5605 3668 5658 ἐπιδει-

2089 5676 2349 5748 ξαμένην,
2376 5682 2498 5734 τότε
2539 5683 2697 5747 αὐτὸς
2745 5686 2835 5738 ἐπὶ
2883 5685 2983 5757 τὴν
3022 5687 3331 5759 παράνομον
3375 5689 3675 5754 προδοσίαν
