3906 6224
119 254 228 309 583

121 367 434 442 patiuntur?
463 364 594 421 Vide
627 377 834 417 rursum
871 360 978 415 alio
1027 361 1080 414 in
1127 360 1246 414 loco
1273 357 1412 413 male
1440 356 1706 426 agentium

121 458 426 515 inevitabile
453 456 768 525 supplicium
811 473 823 507 :
871 453 994 507 audi
1046 455 1106 506 Β.
1140 451 1359 505 Paulum
1411 450 1708 503 dicentem:

132 552 235 606 Vos
255 559 445 617 autem,
479 545 683 620 fratres,
735 546 1012 599 imitatores
1038 545 1160 615 facti
1207 545 1324 597 estis
1374 543 1714 596 Ecclesim-um

123 643 242 709 Dei,
273 658 384 712 qua:
411 651 528 696 sunt
555 641 609 694 in
628 638 814 692 ludam
842 655 860 701 ;
889 639 1127 708 quoniam
1152 637 1324 691 eadem
1368 637 1504 704 passi
1527 637 1640 690 estis
1668 645 1714 688 et

123 753 212 791 vos
240 753 272 789 a
299 734 520 806 propriis
574 731 936 786 contribulibus
957 772 972 793 ,
1005 728 1430 800 quemadmodum
1471 736 1517 780 et
1557 729 1658 796 ipsi
1684 743 1714 778 a

123 829 342 893 Iudaeis,
368 826 454 897 qui
478 834 525 879 et
555 823 828 877 Dominum
858 822 1148 875 occiderunt
1177 820 1210 874 J
1216 838 1372 886 esum,
1402 830 1448 874 et
1478 821 1711 890 prOprios

124 938 247 976 suos
267 920 558 990 prophetas,
585 925 631 970 et
678 917 1012 985 impedierunt
1072 931 1163 969 nos
1193 915 1327 985 loqui
1375 913 1635 984 gentibus,
1660 921 1715 965 ut

129 1014 282 1067 salva:
311 1013 468 1080 ﬁant,
497 1017 552 1062 ut
590 1007 832 1074 impleant
875 1017 1080 1074 peccata
1111 1023 1204 1058 sua
1231 1022 1248 1059 :
1292 1005 1515 1074 pervenit
1549 1013 1715 1057 autem

128 1098 210 1150 ira
236 1096 329 1150 Dei
348 1110 499 1164 super
521 1093 636 1146 illos
658 1109 812 1162 usque
828 1093 878 1144 in
897 1093 1047 1159 ﬁnem
1073 1090 1118 1160 (l
1135 1130 1147 1142 .
1173 1089 1356 1143 Thess.
1373 1089 1430 1142 2.
1478 1087 1645 1144 14-16

134 1187 324 1241 Viden’
344 1200 438 1239 eos
467 1184 698 1241 maxime
727 1198 822 1252 par
847 1195 966 1234 esse
987 1182 1166 1250 lugere
1195 1187 1250 1233 et
1287 1179 1413 1233 ﬂetu
1445 1178 1715 1248 prosequi,

134 1281 228 1349 qui
280 1277 417 1331 mala
472 1275 824 1346 perpetrant?
885 1274 1220 1342 Quapropter
1271 1272 1720 1327 clementissimus

138 1369 422 1435 Dominus,
453 1383 576 1422 cum
623 1366 832 1421 videret
867 1365 1112 1434 discipuli
1163 1364 1386 1429 facinus,
1415 1363 1722 1417 turbabatur

126 1470 186 1516 et
234 1459 426 1526 flebat,
463 1457 982 1528 commiserationem
1022 1470 1152 1525 erga
1209 1455 1524 1524 discipulum
1571 1469 1725 1508 suam

90 1565 98 1569 '
123 1549 415 1606 ostendens
437 1590 450 1614 ,
486 1546 931 1618 benignitatisque
958 1561 1069 1600 sua:
1114 1545 1530 1615 magnitudinem
1559 1543 1720 1596 exhi-

132 1642 284 1705 bens,
319 1639 458 1710 quod
481 1639 565 1693 vel
607 1653 777 1707 usque
805 1635 871 1690 ad
903 1637 1069 1705 ipsam
1099 1635 1451 1706 proditionem
1482 1634 1720 1704 discipuli

128 1731 499 1788 emendationi
530 1730 839 1800 prospicere
885 1743 990 1782 non
1021 1737 1279 1782 cessaret.
1319 1727 1546 1797 Propter
1584 1726 1726 1780 hunc

129 1824 301 1894 igitur
327 1822 503 1892 potius
531 1821 725 1875 acerbe
751 1819 871 1889 lnge
891 1828 946 1873 et
973 1818 1284 1888 ingemisce,
1309 1818 1430 1887 quia
1465 1817 1721 1871 Dominus

132 1919 281 1973 illius
310 1931 470 1971 causa
501 1924 728 1970 maestus
771 1912 890 1968 fuit.
933 1911 1190 1965 Turbatus
1215 1921 1310 1975 est,
1331 1911 1531 1979 inquit,
1552 1909 1722 1974 Jesus,

129 2018 179 2062 et
205 2008 356 2072 dixit,
386 2005 532 2061 Unus
560 2015 778 2059 uestrum
831 2003 994 2057 tradet
1037 2018 1117 2056 me
1143 2002 1162 2072 (
1185 2003 1343 2055 Joan.
1387 2003 1475 2055 15.
1516 2001 1578 2054 2l
1614 2001 1654 2066 ).
1683 2000 1728 2054 Ο

133 2109 387 2170 quantam
411 2097 864 2154 misericordiam!
897 2103 1150 2166 quantam
1174 2093 1381 2148 Domini
1410 2092 1722 2148 bonitatem!

130 2192 238 2258 Qui
289 2189 533 2261 proditur
580 2187 868 2258 proditoris
907 2186 1075 2256 gratia
1128 2184 1297 2238 dolet.
1344 2183 1542 2237 Videtis
1585 2183 1726 2237 enim

137 2298 264 2336 eum
295 2281 348 2334 in
376 2279 609 2350 nequitia
641 2280 1015 2334 immorantem
1035 2318 1051 2343 ,
1079 2275 1329 2330 Turbatus
1366 2284 1440 2329 est
1467 2284 1514 2328 et
1547 2274 1676 2327 dixit
1709 2315 1724 2340 ,

138 2373 291 2430 Unus
317 2381 541 2428 vestrum
580 2371 743 2426 tradet
783 2387 884 2424 me.
932 2369 1088 2435 Vide,
1117 2378 1366 2438 quantam
1397 2368 1558 2422 animi
1600 2368 1731 2422 lolc-

137 2465 369 2519 rantiam
403 2464 417 2517 l
448 2471 698 2533 quantam
740 2461 1163 2516 humanitatem!
1198 2459 1467 2529 quomodo
1523 2459 1730 2528 ingrato

141 2557 336 2626 parcit,
366 2571 465 2610 nec
495 2555 606 2609 vult
630 2569 751 2609 eum
780 2550 1242 2621 impudentissime
1269 2565 1461 2619 agere:
1493 2549 1590 2607 sed
1611 2564 1730 2602 om-

143 2662 246 2702 nes
272 2646 560 2716 discipulos
592 2646 645 2700 in
680 2645 922 2699 timorem
955 2651 1008 2696 et
1031 2643 1353 2696 anxietatem
1382 2641 1597 2698 deducit
1625 2682 1640 2707 ,
1675 2652 1734 2696 ut

143 2740 228 2794 illi
279 2753 462 2792 ansam
491 2738 729 2808 praebeat
769 2735 1119 2806 resipiscendi
1149 2735 1216 2790 ab
1249 2735 1473 2789 insania.
1506 2735 1574 2789 At
1612 2749 1731 2788 cum

140 2831 324 2884 anima
353 2831 497 2884 omni
528 2831 749 2885 dimisso
790 2843 950 2884 sensu
1001 2844 1184 2884 semen
1213 2829 1422 2897 pietatis
1464 2842 1567 2882 non
1593 2828 1733 2882 acci-

141 2923 242 2990 pit,
282 2937 388 2976 non
415 2920 829 2976 admonitionem
854 2961 868 2984 ,
899 2936 1006 2974 non
1035 2919 1314 2974 consilium
1343 2919 1608 2983 admittit,
1641 2917 1734 2972 sed

142 3011 349 3066 atfectu
375 3011 538 3065 animi
567 3011 912 3068 obtcncbrata
944 3026 1038 3080 per
1068 3009 1354 3078 prmcipitia
1380 3010 1506 3064 abit.
1540 3008 1738 3075 Quam-

140 3104 337 3158 obrem
365 3117 538 3173 neque
577 3102 662 3156 hic
684 3116 750 3155 ex
777 3110 922 3154 tanta
952 3099 1153 3152 Christi
1183 3098 1433 3166 patientia
1465 3097 1736 3168 quidpiam

142 3196 380 3250 lucratus
401 3203 503 3248 est.
538 3192 682 3246 Unus
709 3200 927 3244 vestrum
954 3190 1113 3243 tradet
1141 3206 1238 3255 me,
1269 3191 1458 3259 inquit.
1487 3189 1596 3244 Cur
1626 3198 1739 3243 tur.-

143 3288 303 3343 batus
348 3297 404 3341 et
446 3299 678 3340 maerore
721 3283 944 3338 affectus
969 3282 1098 3337 est?
1133 3281 1204 3338 Ut
1229 3297 1383 3338 suum
1407 3283 1565 3338 simul
1589 3297 1740 3336 amo-

142 3395 263 3432 rem
292 3375 620 3438 ostenderet,
651 3389 856 3443 nosque
883 3373 1132 3436 doceret,
1166 3389 1258 3428 eos
1294 3373 1524 3428 maxime
1553 3374 1740 3444 lugeno

145 3471 250 3524 dos
282 3467 526 3536 csse,qui
558 3475 742 3521 contra
770 3465 1074 3534 proximum
1104 3465 1243 3519 mala
1282 3474 1606 3534 perpetrant.
1648 3465 1743 3520 Et-

145 3562 298 3619 enim
318 3562 392 3614 illi
413 3561 542 3614 iram
566 3568 750 3614 contra
773 3558 980 3628 seipsos
996 3558 1248 3612 excitant.
1275 3557 1590 3626 Neutiquam
1619 3573 1740 3612 eum

145 3657 244 3725 qui
273 3653 412 3708 male
430 3657 648 3723 patitur,
676 3651 770 3706 sed
799 3667 924 3706 cum
964 3651 1054 3720 qui
1078 3651 1214 3704 mala
1238 3658 1524 3721 perpetrat,
1548 3651 1744 3720 ubique

152 3750 344 3816 lugere
374 3761 469 3815 par
497 3755 598 3800 est.
625 3745 757 3799 Nam
786 3745 829 3798 si
862 3745 999 3798 male
1025 3745 1288 3812 patiamur
1310 3785 1325 3809 ,
1365 3744 1417 3798 id
1461 3745 1614 3799 nobis
1656 3761 1744 3799 re-

156 3854 323 3908 gnum
355 3839 615 3893 caelorum
647 3836 1000 3906 adipiscitur;
1045 3835 1126 3889 sin
1161 3836 1300 3889 male
1326 3835 1556 3904 cuipiam
1589 3835 1747 3889 facia-

159 3944 309 3992 mus,
333 3928 386 3981 id
442 3929 494 3982 in
541 3941 698 3981 causa
735 3934 894 3980 estut
929 3927 980 3979 in
1009 3926 1307 3994 gehennam
1334 3937 1388 3980 et
1430 3925 1744 3995 supplicium

155 4021 454 4076 mittamur.
483 4018 614 4072 Nam
639 4017 804 4083 Beati,
857 4017 944 4086 iuq
955 4017 1053 4082 uit,
1077 4017 1165 4080 qui
1193 4017 1623 4086 persequutionem
1650 4028 1746 4084 pa-

159 4116 362 4170 tiuntur
391 4125 602 4185 propter
611 4112 909 4185 justitiam(
941 4111 1128 4166 Matth.
1159 4113 1212 4168 5.
1242 4111 1310 4166 10
1337 4115 1380 4182 ).
1404 4110 1589 4166 Viden’
1614 4127 1748 4182 quo-

160 4205 325 4261 modo
355 4207 496 4260 male
524 4207 631 4274 pati
653 4207 706 4259 in
731 4203 1031 4260 mercedem
1062 4212 1117 4259 et
1146 4203 1426 4273 prtemium
1455 4202 1642 4258 all'erat
1665 4219 1752 4257 re-

159 4311 326 4368 gnum
353 4296 641 4349 caelorum?
671 4295 807 4348 Audi
839 4294 1110 4364 quomodo
1131 4295 1270 4349 mala
1299 4304 1610 4364 perpetrare
1632 4309 1748 4363 pte-

164 4403 291 4441 nam
318 4395 374 4440 et
394 4385 713 4455 supplicium
732 4384 920 4439 afferat
943 4401 956 4438 :
988 4401 1110 4439 cum
1136 4386 1280 4440 enim
1303 4386 1526 4439 dixisset
1554 4385 1753 4439 Paulus

165 4475 309 4547 quod
337 4474 506 4530 Judaei
536 4474 818 4529 Dominum
859 4475 1201 4536 occidissent,
1230 4484 1286 4530 et
1312 4475 1599 4544 prophetas
1628 4492 1753 4544 per-

163 4567 381 4637 'sequuti
410 4574 592 4621 essent
612 4606 628 4631 ,
678 4565 872 4634 adjecit
899 4582 913 4618 :
958 4566 1188 4632 Quorum
1218 4566 1338 4633 ﬁnis
1376 4575 1446 4619 est
1477 4566 1754 4621 secundum

167 4676 326 4728 opera
353 4676 524 4712 eorum
551 4658 630 4727 (2.
660 4656 778 4713 Cor.
808 4659 898 4712 11.
924 4659 1038 4729 15).
1069 4657 1256 4712 Viden’
1278 4658 1548 4725 quomodo
1570 4658 1636 4723 ii,
1663 4658 1756 4728 qui

173 4750 642 4821 persequutionem
677 4751 966 4820 patiuntur,
999 4764 1223 4818 regnum
1261 4749 1514 4804 czeloru’m
1543 4749 1757 4804 lucren-

180 4855 272 4899 tur
303 4861 316 4908 ;
349 4843 383 4897 ii
411 4859 539 4898 vero
570 4885 584 4908 ,
607 4844 696 4912 qui
725 4850 1132 4912 persequuntur,
1163 4842 1294 4896 iram
1338 4841 1427 4896 Dei
1456 4841 1510 4896 in
1533 4840 1761 4896 haeredi-

176 4945 340 4990 tatem
363 4935 621 5003 accipiant
646 4935 670 4988 ?

249 5025 515 5079 Orandum
557 5042 648 5096 pro
681 5025 916 5079 inimicis.
949 5054 1020 5066 --
1046 5025 1171 5081 llaec
1215 5039 1376 5093 porro
1419 5039 1522 5079 non
1561 5033 1764 5080 temere

174 5116 314 5185 apud
335 5117 608 5171 caritatem
625 5126 854 5172 vestram
880 5116 1161 5186 agitamus,
1184 5115 1276 5169 sed
1303 5123 1362 5169 ut
1387 5115 1654 5170 discamus
1670 5116 1765 5170 ad-

175 5221 368 5262 versus
392 5206 637 5263 inimicos
661 5218 872 5263 nostros
889 5222 992 5263 non
1024 5207 1214 5273 irasci;
1249 5207 1342 5262 sed
1370 5207 1545 5276 potius
1570 5215 1628 5262 ut
1666 5207 1764 5261 mi-

176 5299 467 5355 sericordia
508 5314 634 5370 erga
674 5300 793 5354 illos
834 5313 1183 5364 moveamur,
1237 5297 1552 5368 illorumque
1597 5298 1764 5367 gratia

177 5407 468 5450 mcerorem
494 5399 551 5446 et
577 5393 847 5460 planctum
886 5405 1239 5447 assumamus.
1281 5391 1357 5445 Illi
1397 5391 1593 5460 quippe
1625 5389 1766 5445 male

179 5486 472 5556 patiuntur,
488 5485 578 5554 ψ.ιί
597 5485 712 5539 sine
722 5498 883 5539 causa
899 5484 1054 5540 nobis
1069 5482 1442 5540 adversantur.
1458 5483 1514 5538 Si
1529 5482 1766 5538 animum

186 5588 427 5633 nostrum
459 5575 531 5632 ita
556 5589 952 5646 comparemus,
984 5582 1044 5631 ut
1061 5590 1166 5630 non
1193 5575 1500 5638 irascamur,
1532 5573 1624 5628 sed
1646 5572 1767 5628 illo-

187 5688 302 5728 rum
328 5672 494 5744 gratia
513 5669 812 5734 doleamus,
839 5669 996 5724 etiam
1024 5668 1314 5738 poterimus
1333 5666 1622 5725 secundum
1654 5668 1761 5723 Do-

510 5774 778 5832 ΡΑτηοι.
827 5772 940 5832 Gn.
992 5773 1212 5834 XLIX.

1156 247 1242 301 DE
1283 239 1690 300 i‘l'lOitiTlONE
1728 239 1952 298 ’UD/E.
1988 241 2217 297 HOMIL.
2262 243 2325 297 11.

3291 242 3394 298 3M

1823 353 1953 408 mini
1979 369 2161 409 vocem
2192 372 2288 424 pro
2319 356 2422 410 illis
2444 371 2618 421 orare,
2651 355 2846 427 illoque
2874 357 3032 411 modo
3058 357 3273 412 amitam
3303 377 3398 412 tm-

1821 446 1900 500 his
1933 461 2089 515 opem
2118 447 2320 501 carlitus
2349 447 2651 502 conciliare.
2674 446 2794 502 Ideo
2814 458 3000 517 quarta
3025 449 3133 517 jam
3157 450 3243 503 die
3263 452 3404 520 apud

1819 552 1912 591 vos
1939 552 2238 592 sermonem
2273 538 2444 593 habeo
2470 539 2539 594 de
2557 541 2798 594 oratione
2821 555 2916 608 pro
2947 542 3194 606 inimicis,
3223 552 3280 596 ut
3309 545 3372 596 ad
3391 575 3405 583 -

1821 631 2127 685 monitionis
2153 632 2448 701 frequentia
2481 633 2684 687 ﬁrmior
2708 634 2778 686 sit
2801 633 3043 687 doctrina
3066 677 3080 700 ,
3116 646 3170 688 ut
3198 636 3408 689 radices

1821 731 1941 790 agat
1972 724 2022 776 in
2055 722 2244 777 animis
2293 725 2503 777 vestris.
2542 724 2769 793 Ideoque
2799 723 3101 792 frequenter
3139 725 3278 794 apud
3311 743 3407 779 vos

1820 815 2161 868 sermonibus
2193 814 2471 874 instamus.
2505 825 2562 869 ut
2591 815 2682 869 iraa
2723 823 2987 870 tumorem
3020 816 3266 868 toilamus
3291 858 3308 882 ,
3354 827 3410 870 et

1825 903 2084 958 fervorem
2107 905 2379 970 sedemus,
2401 913 2561 974 utque
2583 906 2698 975 puri
2721 907 2785 961 ad
2801 906 3096 960 orationem
3117 906 3403 959 acccdatis.

1821 995 2005 1067 Neque
2033 997 2174 1051 enim
2201 996 2446 1052 Christus
2475 998 2807 1052 inimicorum
2835 1005 3038 1052 tantum
3068 999 3236 1066 gratia
3261 998 3328 1050 ad
3357 997 3411 1050 id

1832 1087 2098 1153 hortatur,
2129 1089 2223 1143 sed
2250 1089 2410 1142 etiam
2438 1089 2609 1143 nostri
2633 1103 2792 1143 causa
2821 1089 2909 1158 qui
2941 1089 3044 1144 illis
3088 1098 3300 1157 peccata
3333 1103 3412 1143 re-

1825 1182 2108 1234 mittimus.
2159 1181 2317 1234 Plura
2343 1181 2487 1233 enim
2517 1180 2714 1249 accipis
2736 1221 2750 1245 ,
2780 1195 2938 1250 quam
2969 1180 3066 1234 das
3116 1195 3234 1234 cum
3274 1180 3410 1234 iram
3507 1198 3511 1203 '

1827 1281 1970 1326 tuam
1995 1273 2208 1327 inimico
2233 1272 2474 1326 dimittis.
2495 1272 2774 1338 Quomodo
2797 1272 2916 1340 plus
2929 1272 3368 1341 accipio,inquics
3387 1271 3413 1323 2

1826 1367 2058 1420 Attende
2085 1367 2391 1436 diligenter.
2423 1366 2480 1420 Si
2509 1366 2726 1420 inimico
2753 1375 2970 1436 peccata
2995 1365 3230 1419 dimittas
3256 1406 3269 1427 ,
3315 1366 3414 1418 de-

1829 1455 1948 1509 licta
2003 1465 2090 1510 tua
2130 1457 2184 1510 in
2229 1456 2501 1511 Christum
2553 1463 2860 1526 perpetrata
2915 1457 3253 1510 dimittuntur
3297 1456 3409 1510 tibi.

1830 1547 1955 1602 Haec
1980 1564 2140 1616 porro
2160 1550 2245 1602 vix
2276 1549 2469 1603 dimitti
2497 1558 2551 1604 et
2571 1549 2775 1603 veniam
2807 1547 3004 1602 habere
3032 1555 3276 1618 possunt,
3325 1547 3415 1602 illa

1827 1658 1955 1697 vero
1975 1643 2184 1697 veniam
2215 1653 2269 1696 et
2287 1642 2532 1696 solatium
2561 1643 2787 1696 multum
2813 1640 3106 1710 reperiunt.
3128 1639 3264 1694 Audi
3299 1639 3416 1694 lleli

1831 1735 1955 1788 filiis
1986 1736 2098 1789 suis
2122 1734 2387 1790 dicentem
2419 1777 2434 1799 ,
2469 1733 2529 1788 Si
2558 1733 3057 1804 peccans'peccaven't
3083 1731 3230 1784 homo
3251 1732 3304 1784 in
3327 1731 3420 1783 ho-

1830 1827 2034 1890 minem,
2067 1826 2300 1880 sacerdos
2321 1825 2482 1879 orabit
2521 1843 2614 1895 pro
2632 1841 2720 1888 eo;
2742 1826 2787 1878 si
2813 1839 2927 1877 vero
2954 1825 3009 1876 in
3039 1822 3204 1876 Deum
3238 1839 3418 1892 pecca-

1830 1921 1974 1982 verit,
2007 1920 2120 1988 quis
2158 1936 2249 1990 pro
2279 1919 2369 1974 illo
2417 1919 2576 1972 orabit
2621 1919 2696 1990 (1.
2721 1917 2847 1988 Reg.
2871 1917 2927 1971 2.
2950 1917 3064 1987 25).
3093 1917 3273 1985 Itaque
3303 1931 3419 1968 ma-

1830 2026 1993 2081 gnum
2018 2019 2101 2065 est
2127 2011 2320 2064 vulnus
2345 2010 2492 2072 illud,
2523 2024 2695 2079 neque
2722 2007 2875 2062 facile
2897 2007 3135 2061 oratione
3158 2005 3382 2060 solvitur
3403 2021 3417 2065 ;

1833 2103 1940 2156 imo
1983 2117 2050 2156 ne
2088 2102 2330 2156 oratione
2374 2099 2587 2170 quidem
2638 2099 2860 2153 solvitur
2891 2098 2993 2152 tale
3023 2097 3299 2159 delictum,
3328 2095 3422 2148 sed

1833 2209 1931 2263 per
1970 2193 2179 2248 veniam
2224 2204 2559 2262 peccatorum
2619 2191 2833 2244 inimico
2883 2202 3194 2242 concessam
3243 2186 3421 2240 statim

1834 2286 2078 2341 solvitur.
2107 2285 2234 2340 Ideo
2268 2285 2354 2339 illa
2383 2283 2597 2352 quidem
2626 2283 2811 2337 decem
2850 2279 3013 2334 millia
3045 2279 3238 2333 talenta
3267 2291 3426 2331 voca.

1834 2377 1908 2432 vit
1933 2377 2092 2440 Deus,
2125 2391 2314 2443 nempe
2343 2375 2531 2430 delicta
2561 2373 2616 2427 in
2645 2372 2957 2434 Dominum;
2989 2371 3104 2425 haec
3127 2381 3255 2425 vero
3292 2384 3426 2424 cen-

1836 2479 1946 2524 tum
1973 2469 2220 2524 denarios
2245 2468 2454 2538 (Matth.
2500 2468 2588 2522 19.
2619 2468 2709 2522 25.
2741 2464 2896 2536 sqq.),
2917 2480 3048 2536 quos
3068 2466 3113 2520 si
3138 2464 3426 2531 dimiseris,

1835 2562 2166 2617 dimittentur
2193 2561 2287 2615 tibi
2321 2561 2506 2615 decem
2537 2559 2703 2614 millia
2731 2559 2944 2612 talenta.

1907 2654 1960 2709 2.
2003 2654 2202 2709 Verum
2232 2653 2300 2709 de
2326 2653 2565 2708 oratione
2591 2651 2738 2705 satis.
2771 2649 2826 2705 Si
2859 2649 3027 2718 placet
3053 2656 3252 2715 autem,
3275 2663 3431 2719 repo-

1840 2749 1936 2803 tito
1961 2747 2120 2818 paulo
2149 2746 2303 2802 altius
2328 2758 2594 2808 sermone,
2632 2741 2697 2796 ad
2729 2740 3082 2812 proditionem
3122 2739 3425 2800 redeamus.

1839 2841 2216 2910 videamusque
2253 2837 2520 2909 quomodo
2552 2835 2803 2890 Dominus
2845 2845 3028 2888 noster
3052 2831 3290 2901 proditus
3337 2831 3426 2885 sit.

1841 2932 1912 2988 Ut
1940 2948 2066 2988 vero
2098 2941 2260 2985 totam
2293 2927 2578 2999 proditoris
2603 2924 2861 2981 insaniam
2891 2923 3209 2987 ediscamus,
3242 2922 3432 2976 simul-

1840 3038 1944 3091 que
1971 3023 2235 3090 ingratum
2261 3019 2503 3087 discipuli
2534 3018 2768 3071 animum
2794 3025 2848 3072 et
2877 3014 3084 3069 Domini
3106 3012 3430 3068 ineffabilem

1841 3111 2178 3166 clementiam
2225 3121 2594 3179 agnoscamus,
2644 3107 2920 3160 audiamus
2962 3104 3230 3176 quomodo
3265 3118 3432 3158 cvan-

1842 3202 2029 3273 geiista
2070 3201 2224 3256 nobis
2250 3200 2365 3269 ejus
2390 3197 2595 3253 facinus
2624 3207 2854 3253 enarret.
2890 3197 3052 3263 Tunc,
3097 3199 3287 3268 inquit,
3313 3199 3437 3250 abiit

1844 3311 1975 3348 unus
2014 3293 2077 3347 de
2105 3292 2389 3356 duodecim,
2431 3289 2597 3344 Iudas
2621 3289 2782 3342 dictus
2824 3287 3112 3353 Iscariotes,
3149 3288 3216 3340 ad
3242 3288 3435 3357 princi-

1846 3401 1933 3455 pes
1961 3383 2299 3446 sacerdotum,
2324 3390 2369 3434 et
2395 3382 2524 3434 dixit
2564 3381 2634 3434 eis
2655 3396 2673 3433 .'
2702 3379 2839 3444 Quid
2867 3379 3014 3432 uultis
3059 3377 3182 3432 mihi
3210 3378 3347 3441 dare,
3390 3386 3438 3431 et

1847 3492 1937 3546 ego
1981 3474 2116 3529 vobis
2161 3473 2360 3526 tradam
2407 3488 2520 3525 eum
2559 3470 2772 3541 (Matth.
2806 3470 2897 3524 26.
2941 3467 3169 3537 14.15).
3217 3467 3440 3522 Videtur

1847 3567 2058 3638 quidem
2090 3565 2141 3620 id
2170 3565 2311 3636 quod
2341 3564 2538 3619 dictum
2565 3575 2647 3618 est
2675 3564 2876 3618 clarum
2904 3578 3023 3618 esse
3053 3563 3289 3632 nihilque
3318 3577 3438 3617 am-

1849 3659 1985 3728 plius
2027 3657 2392 3720 subindicare;
2445 3656 2537 3711 sed
2579 3657 2622 3710 si
2671 3657 2807 3725 quis“
2837 3656 3078 3725 singula,
3132 3672 3250 3726 quae
3299 3657 3438 3711 dicta

1851 3760 1976 3805 sunt
1995 3791 2010 3814 ,
2038 3749 2334 3812 examinet,
2376 3763 2622 3818 magnam
2651 3747 2888 3816 praebent
2910 3748 3303 3816 contemplandi
3331 3763 3443 3801 ma-

1852 3841 2392 3908 teriam,multamque
2406 3852 2658 3892 sensuum
2678 3837 3292 3903 profunditatem.Primo
3310 3846 3444 3890 tem-

1853 3949 1953 4002 pus
1982 3929 2425 3986 considerandum
2469 3935 2573 3983 est.
2614 3927 2728 3981 Non
2765 3927 2906 3982 enim
2961 3927 3270 3996 simpliciter
3313 3927 3441 3983 illud

1854 4023 2055 4079 indicat
2107 4021 2464 4092 evangelista;
2519 4035 2690 4088 neque
2712 4019 2853 4074 enim
2890 4019 3024 4073 dixit
3065 4018 3256 4084 solum,
3289 4017 3444 4083 abiit,-

1854 4117 1946 4172 sctl
1989 4115 2210 4186 adjecit,
2262 4115 2404 4169 Tunc
2431 4115 2572 4168 abiit.
2619 4112 2798 4174 Tunc,
2838 4111 3216 4182 quandonam?
3266 4113 3444 4180 Ecqua

1856 4208 1924 4263 de
1946 4221 2106 4262 causa
2129 4216 2337 4276 tempus
2359 4205 2589 4260 indicat?
2609 4203 2724 4258 Non
2751 4205 2866 4257 sine
2882 4217 3040 4258 causa
3065 4202 3216 4256 nobis
3239 4211 3446 4271 tempus

1858 4297 2119 4368 significat
2142 4298 2463 4368 evangelista
2490 4312 2554 4352 ex
2581 4296 2778 4364 Spiritu
2817 4303 3002 4348 sancto
3023 4295 3244 4366 loquens
3277 4311 3290 4346 :
3325 4309 3444 4348 nam

1858 4391 1946 4459 qui
1991 4405 2058 4444 ex
2108 4389 2308 4460 Spiritu
2353 4389 2607 4460 loquitur.
2634 4388 2768 4442 nihil
2798 4387 2913 4442 sine
2951 4402 3106 4442 causa
3133 4388 3216 4441 vel
3248 4397 3449 4441 temere

1861 4483 2112 4552 loquitur.
2161 4481 2298 4550 Quid
2323 4479 2481 4551 igitur
2505 4489 2588 4534 est
2612 4477 2762 4544 illud,
2825 4479 2982 4532 tunc?
3006 4480 3142 4532 Ante
3169 4476 3296 4531 illud
3315 4487 3448 4532 tem-

1862 4589 1991 4641 pus,
2036 4583 2161 4627 ante
2202 4572 2348 4626 illam
2393 4571 2577 4624 horam
2624 4568 2848 4623 accessit
2893 4568 3064 4637 puella
3105 4567 3304 4621 habens
3333 4567 3448 4620 aia-

1863 4665 2100 4719 bastrum
2129 4661 2423 4731 unguenti,
2478 4669 2534 4716 et
2577 4659 2760 4715 el'fudit
2784 4659 2966 4713 oleum
2989 4655 3118 4711 illud
3157 4671 3317 4727 super
3354 4671 3448 4711 ca-

1863 4768 1959 4828 put
2008 4755 2238 4810 Domini.
2295 4755 2510 4809 Multam
2560 4752 2716 4807 fidem
2763 4752 2997 4807 ostendit
3034 4752 3264 4818 mulier,
3306 4753 3452 4806 mul-

1866 4859 1971 4905 tam
2000 4847 2334 4904 ministrandi
2355 4861 2560 4912 curam,
2589 4845 2968 4910 obedientiam,
2996 4844 3246 4914 pietatem
3276 4861 3290 4897 :
3335 4860 3455 4900 mu-

1867 4949 1974 4994 tata
2004 4945 2139 4994 esta
2186 4938 2405 5006 pristina
2451 4937 2594 5000 vita,
2628 4936 2920 5006 meliorque
2967 4950 3030 4990 ac
3071 4936 3454 5006 temperantior

1867 5029 2052 5085 eﬁ‘ecta
2081 5039 2184 5084 est.
2210 5029 2281 5084 Et
2325 5043 2447 5084 cum
2504 5027 2754 5082 meretrix
2805 5026 3047 5096 resipuit,
3095 5043 3214 5082 eum
3268 5026 3456 5080 Domi-

1870 5136 1995 5174 num
2049 5120 2294 5190 agnovit,
2356 5129 2482 5174 tunc
2518 5119 2806 5188 discipulus
2858 5119 3169 5188 magistrum
3197 5117 3453 5187 prodidit.

1869 5208 2039 5277 Tunc,
2084 5209 2464 5280 quandonami
2509 5225 2632 5264 cum
2683 5209 2937 5264 meretrix
2973 5209 3250 5271 accedens,
3281 5205 3455 5261 effuso

1870 5315 2031 5368 super
2065 5301 2227 5370 pedes
2265 5299 2393 5356 Jestt
2440 5299 2692 5370 unguenti
2717 5300 3020 5363 alabastro,
3065 5296 3292 5366 propriis
3334 5295 3458 5349 illos

1871 5391 2078 5460 capillis
2107 5391 2393 5457 abstersit,
2417 5392 2747 5461 multumque
2784 5388 3138 5444 ministerium
3175 5384 3453 5453 exhibuit,

1874 5497 1970 5552 per
1995 5482 2296 5551 huiusmodi
2324 5483 2716 5538 confessionem
2746 5490 2934 5536 cuncta
2960 5477 3210 5548 praeteriti
3252 5485 3457 5546 tempo-

1876 5577 1950 5633 ris
1988 5585 2202 5645 peccata
2245 5576 2449 5632 dolens.
2500 5574 2649 5630 Tunc
2705 5574 2912 5642 itaque,
2956 5585 3078 5626 cum
3125 5569 3267 5624 iilaut
3325 5565 3462 5622 vidit

1879 5677 2083 5723 tantum
2110 5667 2340 5725 ofﬁcium
2367 5667 2618 5736 magistro
2643 5664 3145 5805 cxhibentem,t2u:c
3170 5664 3257 5720 ille
3272 5662 3336 5720 ad
3352 5663 3458 5718 ini¢
