3862 6232
462 234 566 288 3⁸5

460 364 620 416 quam
653 347 1003 418 proditionem
1054 347 1334 404 festinavit.
1365 349 1430 402 Et
1476 347 1562 401 illa
1585 343 1795 415 quidem
1825 358 1891 399 ex
1929 342 2046 410 ipso

463 439 712 510 nequitia:
761 438 926 495 fundo
969 440 1019 492 in
1064 439 1233 508 ipsum
1271 439 1458 493 caelum
1506 436 1776 498 ascendit;
1811 435 1893 487 hic
1919 448 2046 487 vero

462 543 577 602 post
607 534 882 588 innumera
935 532 1187 587 miracula
1222 540 1276 586 et
1318 531 1488 600 signa,
1533 538 1652 600 post
1699 539 1896 582 tantam
1945 527 2044 581 do-

460 624 728 688 ctrinam,
785 632 904 692 post
955 621 1274 677 ineffabilem
1302 622 1443 675 illam
1485 621 1688 676 Domini
1729 629 2049 688 attempera-

463 717 683 780 tionem,
735 716 785 770 itt
851 715 1030 768 tartari
1081 712 1300 768 fundum
1345 713 1559 768 decidit.
1593 713 1818 768 Tantum
1850 712 2046 766 malum

459 817 542 862 est
591 805 832 861 socordia
867 814 923 860 et
950 815 1199 875 corrupta
1235 805 1498 860 voluntas.
1533 805 1884 873 Quamobrem
1913 804 2047 858 Pan-

463 903 545 952 lus
579 896 933 964 diccbat:Qui
948 896 1143 951 videtur
1166 906 1318 964 stare,
1348 897 1509 950 uideat
1540 913 1600 949 ne
1628 899 1777 949 cadat
1807 897 1884 965 (l.
1919 893 2040 949 Cor.

463 989 550 1043 10.
585 990 672 1058 i2)
703 1006 714 1041 :
760 999 814 1044 et
868 988 1125 1059 propheta
1159 989 1420 1042 clamabat
1465 988 1589 1040 olim
1618 1006 1631 1042 :
1684 987 1933 1057 Numqui
1962 1004 2049 1040 ca-

461 1085 556 1143 dit.
587 1097 687 1133 non
730 1079 998 1150 resurget?
1039 1090 1086 1133 et
1135 1080 1220 1150 qui
1270 1080 1444 1132 avertit
1487 1096 1572 1143 se,
1623 1096 1723 1132 non
1778 1088 2050 1132 revertetur

462 1170 673 1236 (larem.
701 1169 753 1224 8.
775 1170 874 1240 4)?
926 1169 998 1225 Ut
1038 1185 1210 1239 neque
1268 1169 1313 1223 is
1355 1169 1443 1234 qui
1486 1179 1592 1222 stat
1635 1169 1897 1231 confidat,
1952 1168 2046 1223 sed

460 1277 676 1330 semper
702 1261 957 1316 certando
992 1261 1278 1326 consistat;
1311 1276 1408 1315 nec
1453 1261 1541 1330 qui
1571 1260 1804 1326 decidit,
1853 1261 2048 1329 despe-

463 1365 563 1414 ret.
585 1354 754 1408 Tanta
780 1354 921 1408 enim
950 1354 1030 1407 vis
1059 1363 1174 1408 erat
1195 1353 1450 1423 magistri,
1471 1363 1528 1407 ut
1554 1353 1711 1408 etiam
1740 1353 2049 1408 meretrices

463 1455 514 1499 et
547 1445 854 1512 publicanos
880 1444 1213 1513 pertraheret
1245 1444 1310 1498 ad
1337 1445 1604 1515 propriam
1625 1444 2047 1515 obsequentium.

534 1533 674 1589 Deus
705 1551 803 1588 non
843 1535 1134 1590 necessitate
1169 1537 1413 1605 pertraltit
1451 1537 1519 1589 ad
1557 1536 1741 1590 bonum
1775 1536 2044 1606 agendum.

461 1657 532 1668 --
578 1627 715 1695 Quid
757 1643 924 1697 ergo,
971 1628 1212 1698 inquies,
1256 1629 1344 1698 qui
1394 1630 1704 1684 meretrices
1752 1630 2045 1699 pertraxit,

461 1719 780 1790 discipulum
823 1735 928 1773 non
973 1721 1142 1789 potuit
1186 1719 1534 1789 pertrahere?
1574 1722 1741 1774 Etiam
1786 1721 1956 1789 potuit
1995 1730 2050 1774 et

461 1811 780 1881 discipulum
809 1811 1156 1881 pertrahere;
1184 1813 1277 1866 sed
1313 1812 1480 1866 noluit
1521 1812 1694 1880 ipsum
1731 1812 2048 1866 necessitate

463 1906 639 1956 facere
661 1903 857 1956 bonum
884 1944 898 1968 ,
930 1918 1100 1972 neque
1124 1903 1175 1956 vi
1204 1903 1352 1956 illum
1375 1903 1440 1956 ad
1462 1904 1692 1972 seipsum
1715 1903 2047 1972 pertrahere.

463 1993 588 2048 Ideo
614 1993 938 2062 evangelista
966 1994 1117 2048 nobis
1143 2008 1206 2062 ea
1235 2009 1457 2048 narrans
1481 2035 1495 2058 ,
1527 2010 1645 2064 quae
1677 1993 1744 2048 ad
1783 1995 2048 2063 ingratum

429 2084 779 2154 discipulum
820 2084 1168 2154 spectabant,
1215 2084 1388 2138 dixit:
1434 2083 1576 2139 Tunc
1627 2086 1788 2151 abiit,
1833 2085 1885 2140 id
1926 2094 2050 2153 est,

464 2191 570 2230 non
599 2175 666 2230 ab
691 2176 807 2230 aliis
837 2185 1054 2230 vocatus
1077 2218 1091 2241 ,
1127 2192 1300 2246 neque
1338 2186 1554 2232 coactus
1583 2177 1648 2231 ab
1686 2179 1791 2231 alio
1815 2218 1830 2243 ,
1875 2193 2049 2247 neque

462 2269 568 2322 alio
593 2281 650 2322 se
686 2267 971 2333 hortante;
1017 2267 1112 2321 sed
1153 2277 1343 2337 suapte
1382 2278 1526 2323 motu
1563 2270 1630 2323 ad
1670 2269 1721 2323 id
1759 2285 2055 2324 conversus

463 2368 546 2415 est
567 2402 582 2425 ,
614 2360 905 2414 ostendens
933 2374 991 2413 se
1028 2374 1123 2414 sua
1153 2368 1342 2430 sponte
1375 2370 1430 2414 et
1469 2361 1684 2430 preprio
1723 2361 1942 2416 arbitrio
1983 2361 2051 2416 ad

465 2452 702 2519 iniquum
752 2445 879 2504 illud
923 2449 1132 2506 facinus
1201 2466 1554 2521 properasse,
1603 2453 1744 2506 nulla
1804 2463 2052 2508 movente

459 2559 660 2609 causa;
706 2544 801 2598 sed
840 2560 869 2597 a
914 2543 1147 2613 nequitia
1185 2544 1326 2598 intus
1374 2544 1695 2600 scaturiente
1735 2545 1803 2599 ad
1845 2544 2049 2600 Domini

465 2635 803 2697 traditionem
855 2637 1089 2705 seipsutn
1137 2637 1361 2706 impulit.
1396 2638 1534 2692 Tum:
1589 2639 1760 2693 abiens
1811 2655 1940 2693 unus
1988 2639 2053 2693 de

463 2726 750 2780 duodecim.
777 2726 893 2781 Non
921 2742 1140 2796 parvum
1163 2729 1364 2783 crimen
1388 2729 1516 2782 illttd
1547 2739 1631 2784 est
1659 2730 1798 2798 quod
1823 2730 2045 2797 dicatur,

468 2817 614 2872 Unus
631 2819 693 2872 de
713 2818 998 2872 duodecim.
1029 2819 1161 2886 Quia
1189 2821 1329 2874 enim
1359 2830 1511 2875 erant
1530 2830 1584 2875 et
1607 2822 1694 2875 alii
1721 2823 2051 2893 septuaginta

467 2909 755 2978 discipuli,
787 2909 908 2964 ideo
937 2910 1108 2976 dixit,
1141 2909 1285 2965 Unus
1309 2911 1372 2965 de
1398 2913 1700 2978 duodecim;
1741 2914 1792 2968 id
1833 2925 1916 2969 est
1938 2955 1952 2979 ,
1984 2931 2050 2970 ex

465 3002 679 3056 selectis
703 3041 718 3066 ,
747 3000 839 3071 qui
867 3001 1102 3070 quotidie
1128 3016 1250 3056 cum
1277 3004 1367 3058 illo
1395 3005 1744 3060 versabantur
1766 3047 1781 3073 ,
1813 3008 1902 3076 qui
1934 3021 2050 3060 ma-

467 3109 571 3162 gna
626 3096 818 3152 fiducia
864 3097 1193 3153 fruebantur.
1241 3097 1308 3154 Ut
1351 3099 1507 3170 igitur
1543 3100 1719 3155 discas
1761 3101 1937 3171 ipsum
1984 3116 2052 3157 ex

467 3189 751 3258 prmcipuis
777 3189 1053 3260 discipulis
1081 3191 1282 3258 fuisse,
1329 3193 1440 3259 ait,
1487 3191 1629 3248 Unus
1658 3193 1721 3247 de
1763 3193 2047 3248 duodecim.

464 3277 648 3348 Neque
678 3278 730 3334 id
761 3289 898 3336 tacet
932 3283 1254 3354 evangelista
1281 3325 1295 3346 ,
1325 3293 1380 3337 ut
1411 3292 1463 3337 tu
1495 3285 1684 3340 credas
1707 3326 1722 3350 ,
1753 3285 1866 3340 haec
1887 3326 1902 3349 ,
1933 3301 2050 3355 quat

465 3370 712 3426 videntur
736 3374 996 3444 probrosa
1022 3389 1141 3429 esse
1165 3416 1182 3442 ,
1217 3376 1425 3430 Domini
1461 3392 1583 3447 erga
1613 3392 1709 3430 nos
1735 3378 2052 3432 sollicitudi-

467 3477 590 3516 nem
635 3463 923 3520 ostendere
947 3504 962 3529 ,
998 3465 1140 3534 quod
1186 3466 1388 3521 scilicet
1423 3467 1742 3536 proditorem
1785 3475 1840 3523 et
1879 3467 2052 3524 furem

465 3564 544 3608 tul.
579 3555 735 3610 bonis
770 3555 1050 3625 dignatus,
1095 3568 1150 3611 et
1189 3574 1353 3628 usque
1389 3559 1456 3614 ad
1496 3559 1734 3613 ultimam
1775 3576 2051 3630 vesperam

465 3648 774 3702 cohortatus
803 3649 894 3702 sit.
929 3649 1170 3704 Vidistin’
1201 3653 1572 3717 meretricem,
1616 3669 1735 3722 qua:
1768 3653 2010 3708 abluerat
2033 3696 2049 3722 ,

467 3738 690 3794 salutem
724 3749 935 3793 nactam
965 3754 1085 3795 esse
1109 3781 1126 3807 ,
1156 3741 1474 3810 discipulum
1508 3757 1634 3797 vero
1661 3784 1675 3808 ,
1714 3745 1836 3813 quia
1873 3748 2052 3815 segnis

467 3828 641 3882 fuerat
663 3869 678 3894 ,
705 3828 1008 3885 decidisse?
1026 3829 1106 3886 Ne
1135 3831 1290 3902 igitur
1311 3832 1378 3886 de
1399 3841 1451 3887 te
1471 3832 1723 3901 desperes
1747 3876 1762 3900 ,
1790 3834 1856 3888 ad
1881 3851 2055 3890 mere-

468 3921 654 3975 tricem
677 3921 998 3990 respiciens;
1027 3923 1470 3993 nequeconfidas,
1495 3925 1560 3979 ad
1581 3925 1822 3995 discipuli
1851 3927 2053 3981 facinus

465 4012 652 4068 oculos
687 4025 1048 4070 convertens:
1083 4014 1242 4069 ambo
1280 4017 1424 4071 enim
1463 4017 1759 4086 perniciosa
1799 4027 1941 4072 sunt.
1970 4020 2050 4074 Ad

468 4105 674 4174 lapsum
703 4106 844 4159 enim
883 4106 1130 4176 proclivis
1175 4118 1257 4161 est
1291 4107 1501 4161 animus
1540 4119 1760 4174 noster,
1806 4111 2052 4166 volubilis

465 4196 750 4250 voluntas:
782 4199 1130 4266 quamobrem
1172 4198 1402 4268 undique
1437 4214 1535 4253 nos
1564 4203 1864 4257 muniamus
1893 4218 2052 4270 opor-

469 4295 562 4341 tet.
599 4286 740 4341 Tunc
772 4288 941 4342 abiens
969 4307 1098 4344 unus
1133 4291 1196 4345 de
1231 4291 1494 4344 duodecim
1515 4331 1530 4358 ,
1561 4290 1592 4344 ,Ι
1601 4293 1727 4346 udas
1755 4294 2045 4348 lseariotes.

468 4379 658 4436 Viden’
683 4397 749 4436 ex
774 4391 972 4452 quanto
1006 4383 1172 4438 choro
1213 4385 1451 4440 decidit?
1487 4386 1660 4442 viden’
1695 4400 1891 4458 quanta
1930 4405 2048 4445 sese

467 4472 746 4543 disciplina
778 4474 1044 4544 privavit?
1071 4475 1242 4530 viden’
1267 4485 1520 4546 quantum
1551 4481 1621 4533 sit
1652 4480 1848 4534 malum
1873 4481 2050 4550 segni-

471 4564 616 4618 ties?
641 4563 840 4628 ludas,
874 4565 1043 4636 inquit
1069 4607 1084 4632 ,
1117 4565 1385 4621 lscariotes
1408 4610 1423 4636 ,
1455 4570 1577 4639 quia
1602 4570 1739 4624 alius
1777 4581 1892 4626 erat
1929 4571 2053 4627 huic

467 4657 800 4724 cognominis
823 4698 840 4725 ,
871 4657 958 4727 qui
980 4657 1255 4712 dicebatur
1276 4659 1480 4715 Jacobi.
1507 4662 1690 4719 Viden’
1711 4666 2052 4734 evangelistze

469 4747 822 4816 sapientiam,
856 4749 945 4818 qui
978 4749 1125 4804 illum
1153 4765 1256 4804 non
1281 4766 1310 4805 a
1334 4750 1568 4808 facinore
1591 4794 1607 4820 ,
1637 4755 1730 4810 sed
1758 4770 1786 4809 a
1813 4756 1932 4810 loco
1959 4773 2056 4812 no-

471 4846 582 4894 tum
613 4838 767 4893 nobis
794 4838 956 4906 facit,
983 4841 1072 4912 qui
1099 4842 1259 4896 alium
1287 4859 1393 4899 non
1421 4860 1452 4898 a
1495 4845 1613 4902 loco
1636 4888 1651 4915 ,
1691 4847 1785 4901 sed
1817 4863 1847 4902 a
1889 4850 2054 4918 patris

469 4928 687 4983 nomine
724 4933 1150 4999 cognoscendum
1192 4936 1344 4991 nobis
1390 4937 1611 5006 praebet.
1658 4939 1816 5008 Atqui
1861 4954 2052 4996 conse-

469 5032 698 5092 quenter
723 5023 946 5079 dixisset
973 5026 1162 5106 Jndam
1191 5030 1516 5097 proditorem
1541 5048 1555 5095 ;
1592 5042 1955 5089 verumtamen
1999 5043 2055 5088 ut

470 5131 569 5170 nos
594 5114 813 5172 doceret
840 5115 1072 5188 linguam
1095 5134 1312 5176 servare
1353 5137 1384 5175 a
1417 5124 1789 5180 criminatione
1829 5141 2011 5195 puram
2035 5167 2051 5192 ,

468 5226 498 5264 a
529 5209 818 5280 proditoris
848 5210 1064 5265 nomine
1099 5211 1348 5268 abstinet.
1379 5215 1654 5270 Discamus
1683 5218 1842 5288 igitur
1879 5218 2056 5272 inimi-

469 5316 655 5355 corum
698 5301 965 5356 neminem
1004 5316 1126 5357 cum
1171 5305 1414 5360 convicio
1453 5322 1770 5363 memorare.
1811 5306 1868 5362 Si
1912 5309 2054 5363 enim

472 5392 658 5450 beatus
685 5392 771 5448 hic
801 5395 881 5449 vir
905 5393 1228 5464 proditorem
1256 5397 1426 5451 noluit
1446 5398 1716 5452 criminari
1741 5439 1756 5464 ,
1796 5415 1916 5454 cum
1955 5400 2056 5457 hoc

472 5480 709 5553 iniquum
741 5483 943 5540 facinus
967 5494 1279 5554 enarraret,
1307 5487 1403 5543 sed
1430 5488 1532 5543 hoc
1553 5489 1766 5558 quidem
1794 5491 1956 5545 tacuit
1980 5533 1994 5556 ,
2022 5507 2053 5547 a

467 5577 794 5636 iamautem
832 5583 973 5637 unde
1010 5583 1283 5654 prodierat
1325 5591 1508 5639 notum
1549 5583 1696 5638 illum
1749 5584 1911 5639 fecit:
1949 5601 2051 5658 qua

467 5668 668 5724 erimus
696 5675 847 5727 venia
874 5674 1014 5744 digni
1041 5716 1055 5742 ,
1084 5691 1203 5732 cum
1236 5678 1533 5748 proximum
1559 5677 1903 5735 criminantur
1929 5727 1941 5746 ,
1990 5700 2050 5737 ac

1184 230 1240 285 S.
1281 228 1558 286 JOANNIS
1595 229 2075 287 CHRYSOSTOMI
2115 231 2435 291 ARCHIEP.
2475 234 3009 295 CONSTANTINOP.
3676 235 3775 290 πε

2159 354 2302 410 sa-pe
2331 357 2436 397 non
2463 343 2636 398 solum
2665 346 2906 401 inimicos
2946 361 3066 401 cum
3109 348 3452 403 contumelia
3503 362 3776 404 meritorii-

2162 447 2279 486 nms
2303 475 2318 498 ,
2340 434 2431 488 sed
2453 435 2613 488 etiam
2642 451 2734 490 eos
2760 477 2773 501 ,
2800 438 2889 504 qui
2919 453 3039 506 erga
3069 453 3167 492 nos
3195 441 3341 493 bene
3371 439 3568 494 affecti
3597 441 3781 494 viden-

2163 531 2265 576 tur.
2296 522 2374 578 Ne
2398 565 2414 591 ,
2443 539 2624 592 qumso
2650 568 2664 592 ,
2699 527 2749 580 id
2789 542 3025 596 agamus.
3075 528 3129 582 Id
3173 539 3228 583 et
3267 529 3486 584 Paulus
3539 534 3784 600 pmipi!

2159 615 2384 670 dicens:
2424 615 2600 670 Omnis
2627 634 2787 672 sermo
2833 620 2992 674 tttalus
3031 621 3092 673 de
3130 638 3216 674 ore
3253 633 3428 674 vestro
3465 638 3538 674 ue
3568 627 3784 690 prodeat

2163 703 2397 776 (Epltes.
2435 708 2469 761 4
2495 749 2510 773 ,
2556 707 2690 778 29).
2740 708 2864 763 Ideo
2906 710 2974 763 ab
3013 711 3318 781 hujusmodi
3365 713 3581 767 morbo
3628 715 3784 783 piam

2162 812 2326 866 purus
2357 798 2544 854 beatus
2568 799 2845 854 Matlltaeus
2871 801 3080 856 dicebat
3108 819 3121 855 :
3158 802 3298 856 Tum:
3326 804 3527 857 abiens
3560 821 3700 856 unus
3729 821 3784 856 ea

2164 889 2462 955 duodecim,
2490 892 2578 958 qui
2601 891 2860 945 dicebatur
2877 893 3044 946 ludas
3063 891 3337 948 Iscariotes
3363 935 3379 958 ,
3407 895 3491 946 ad
3519 897 3784 962 princip-rs

2160 981 2475 1034 sacerdotum
2502 982 2632 1035 dixit
2657 1023 2670 1046 ,
2713 982 2848 1047 Quid
2878 983 3028 1036 vultis
3075 985 3197 1037 mihi
3233 985 3384 1048 dare,
3414 995 3470 1037 et
3514 1003 3614 1056 ego
3653 987 3788 1038 tabis

2162 1071 2361 1123 trudam
2385 1088 2499 1124 eum
2522 1073 2547 1125 ?
2566 1073 2609 1126 Ο
2634 1073 3014 1126 exsecrandum
3040 1088 3222 1128 vocem
3247 1074 3262 1128 !
3285 1091 3319 1128 0
3344 1075 3624 1129 insanum
3650 1077 3779 1128 faci-

2162 1177 2260 1216 nus
2286 1164 2299 1217 Ξ
2333 1165 2464 1217 Dum
2494 1165 2606 1218 haac
2627 1166 2801 1235 cogito
2827 1206 2843 1232 ,
2870 1176 3044 1222 tremo
3065 1208 3081 1234 ,
3103 1167 3304 1221 dilecti.
3330 1167 3645 1235 Quomodo
3665 1169 3783 1221 talis

2163 1269 2268 1308 vox
2299 1270 2364 1309 ex
2395 1271 2489 1310 ore
2517 1258 2756 1312 exsiliit?
2795 1259 3060 1327 quomodo
3102 1260 3338 1328 tinguant
3384 1262 3620 1315 movit?
3649 1278 3784 1330 quo-

2162 1348 2322 1401 modo
2347 1348 2524 1403 anima
2550 1365 2581 1402 a
2609 1365 2834 1419 corpore
2859 1366 2965 1405 non
2991 1352 3292 1406 abscessit?
3319 1353 3628 1421 quomodo
3649 1354 3784 1407 labia

2163 1455 2269 1495 non
2301 1441 2734 1510 obtorpuerunt?
2761 1443 3027 1513 quomodo
3058 1459 3162 1498 non
3191 1455 3382 1498 mente
3410 1447 3707 1500 excessit!

2231 1534 2287 1588 5.
2328 1534 2462 1598 Quid
2487 1535 2634 1588 vultis
2658 1536 2782 1588 mihi
2808 1536 2948 1601 dare,
2973 1547 3017 1591 et
3034 1553 3123 1607 ego
3139 1537 3275 1590 vobis
3299 1539 3530 1591 tradam
3557 1555 3673 1592 eum
3691 1537 3786 1592 2-

2161 1623 2255 1678 Dic
2279 1624 2408 1679 mihi
2433 1667 2448 1691 ,
2475 1625 2646 1694 Juda,
2694 1627 2926 1682 hazccine
2960 1630 3213 1698 magister
3254 1637 3412 1685 tanto
3446 1641 3710 1699 tempore
3738 1641 3789 1686 te

2160 1714 2384 1770 docuit?
2413 1717 2554 1772 itane
2582 1718 2636 1771 in
2662 1718 2987 1774 oblivionem
3029 1719 3400 1789 frequentium
3443 1721 3788 1776 admonitio-

2157 1823 2286 1863 num
2317 1809 2507 1865 venisti
2533 1809 2555 1862 ?
2581 1825 2757 1865 nonne
2783 1809 2905 1864 ideo
2938 1810 3106 1876 dixit,
3160 1809 3339 1865 Nolite
3382 1814 3669 1881 possidere
3689 1831 3786 1865 au-

2161 1919 2312 1966 rum,
2344 1919 2502 1973 neque
2523 1913 2782 1973 argentum
2811 1903 2832 1973 (
2861 1902 3044 1957 Matth.
3071 1903 3137 1957 {0
3157 1944 3173 1968 ,
3202 1902 3236 1956 9
3260 1905 3301 1973 ),
3335 1913 3403 1958 ut
3424 1904 3554 1974 jam
3604 1906 3728 1959 inde
3757 1923 3784 1958 ει

2161 1995 2425 2065 principio
2454 2007 2600 2049 tttum
2631 2011 2755 2064 erga
2785 1997 3043 2065 pecunias
3071 1994 3304 2051 furorem
3336 1998 3784 2067 comprimeret?

2160 2104 2339 2144 nonne
2383 2089 2694 2144 hortabatur
2735 2089 2960 2144 dicens:
3011 2089 3072 2144 Si
3114 2091 3225 2161 quis
3271 2101 3319 2145 te
3365 2097 3692 2162 percusserit
3734 2097 3784 2146 in

2162 2184 2422 2237 maxillam
2449 2184 2704 2237 dexteram
2729 2225 2742 2249 ,
2765 2193 2898 2236 certe
2925 2184 3001 2236 illi
3021 2193 3067 2236 et
3095 2185 3247 2237 aliam
3281 2184 3528 2256 (Matth.
3563 2187 3600 2240 5
3623 2229 3641 2251 ,
3664 2187 3782 2253 59;?

2169 2272 2309 2341 Cur,
2339 2291 2520 2344 quaso
2545 2316 2560 2340 ,
2602 2276 2910 2345 magistrum
2940 2276 3164 2345 prodis?
3190 2293 3257 2331 an
3286 2280 3415 2348 quia
3451 2290 3780 2349 potestatem

2164 2363 2260 2417 tibi
2288 2364 2434 2419 dedit
2461 2365 2717 2419 adversus
2743 2364 3002 2419 dit-monia
3029 2406 3044 2430 ,
3075 2367 3144 2420 ita
3166 2376 3222 2420 ut
3249 2368 3482 2423 morbos
3517 2385 3776 2430 curares.

2161 2459 2402 2527 leprosos
2430 2458 2716 2513 mundares
2741 2500 2755 2526 ,
2785 2467 2839 2513 et
2868 2460 2968 2512 alia
2999 2460 3166 2514 multa
3195 2460 3464 2514 miracula
3497 2472 3772 2531 perpetra-

2162 2567 2249 2605 res
2273 2550 2296 2604 ‘l
2325 2566 2422 2620 pro
2449 2550 2601 2604 hisne
2625 2550 2898 2605 beneficiis
2925 2550 3038 2605 lucc
3084 2552 3155 2605 illi
3195 2552 3422 2622 prattnia
3474 2554 3780 2608 retribuist

2160 2640 2206 2696 Ο
2232 2639 2465 2696 furorem
2491 2682 2505 2706 ,
2536 2643 2644 2696 imo
2667 2647 2842 2711 potius
2867 2684 2880 2707 ,
2909 2643 3183 2697 avaritiam
3210 2645 3222 2698 !
3269 2643 3389 2696 ltzec
3435 2646 3600 2699 enim
3649 2647 3780 2699 mala

2162 2733 2337 2786 omnia
2367 2733 2584 2787 avaritia
2611 2735 2852 2802 peperit,
2879 2733 3024 2786 radix
3055 2733 3142 2787 illa
3170 2735 3442 2789 malorum
3470 2777 3485 2798 ,
3522 2753 3656 2804 qua:
3675 2739 3777 2790 ani-

2164 2836 2278 2877 mas
2307 2831 2516 2876 nostras
2542 2823 2854 2877 obtenebrat
2877 2863 2892 2886 ,
2917 2838 3123 2877 necnon
3152 2824 3294 2893 ipsas
3325 2825 3479 2895 leges
3517 2836 3740 2880 naturar
3762 2869 3776 2889 ,

2160 2930 2278 2985 quat
2307 2915 2357 2969 id
2387 2916 2581 2980 efficit,
2617 2927 2673 2970 ut
2703 2926 2880 2970 mente
2901 2916 3217 2971 excedamus
3242 2958 3256 2983 ,
3287 2933 3470 2986 neque
3500 2922 3779 2988 permittit

2165 3015 2223 3061 ut
2251 3007 2334 3061 vel
2361 3007 2607 3061 amicitia:
2631 3048 2646 3073 ,
2692 3007 2777 3062 vel
2805 3007 3132 3076 cognationis
3155 3049 3170 3074 ,
3215 3009 3301 3062 vel
3327 3009 3570 3064 alterius
3604 3013 3784 3080 cujus-

2159 3099 2300 3168 piam
2345 3097 2688 3152 recordemur
2718 3116 2730 3153 :
2762 3098 2855 3152 sed
2887 3099 3054 3152 semel
3098 3113 3379 3153 exczecans
3398 3100 3606 3155 oculos
3632 3117 3786 3155 men-

2161 3189 2230 3244 tis
2261 3198 2491 3256 nostrm,
2519 3204 2617 3243 nos
2649 3188 2703 3242 in
2731 3189 2966 3243 tenebris
2993 3188 3240 3244 incedere
3265 3188 3412 3244 facit.
3447 3191 3521 3245 Et
3567 3200 3631 3245 ut
3681 3193 3784 3246 hoc

2166 3282 2310 3337 clare
2361 3282 2576 3345 discas,
2618 3281 2739 3336 vide
2781 3292 2976 3351 quanta
3017 3288 3144 3334 tunc
3193 3281 3418 3350 ejeeerit
3463 3298 3540 3336 ex
3589 3283 3782 3338 anima

2160 3375 2331 3431 ευριπ.
2357 3373 2711 3444 Subingressa
2751 3371 2939 3426 istltmc
2964 3372 3188 3426 avaritia
3214 3414 3229 3438 ,
3269 3372 3548 3442 colloquia
3581 3415 3597 3438 ,
3647 3389 3786 3428 cor.-

2161 3467 2496 3522 suetudinem
2521 3507 2536 3532 ,
2559 3465 2991 3520 communionem
3008 3505 3022 3528 ,
3050 3463 3348 3518 mirabilem
3375 3464 3526 3517 illam
3560 3465 3785 3519 doctri-

2162 3576 2320 3625 nam,
2349 3561 2524 3614 omnia
2551 3600 2566 3624 ,
2617 3559 2830 3628 inquam
2858 3598 2872 3622 ,
2917 3557 3005 3611 illa
3043 3557 3095 3611 in
3141 3556 3461 3610 oblivioaem
3501 3557 3775 3612 adduxit.

2163 3651 2391 3706 Pulchre
2431 3650 2638 3704 dicebat
2679 3649 2894 3713 Paulus,
2936 3647 3108 3702 Radix
3138 3647 3360 3700 omnium
3391 3648 3663 3701 malorum
3708 3659 3783 3702 est

2160 3742 2374 3796 avaritia
2412 3743 2486 3812 (l.
2513 3739 2648 3794 Tim.
2670 3739 2865 3809 6,10).
2903 3738 3036 3804 Quid
3063 3739 3209 3790 vultis
3242 3738 3365 3790 mihi
3402 3737 3556 3800 dare,
3583 3749 3634 3791 et
3684 3755 3782 3808 ego

2159 3835 2292 3889 vobis
2335 3835 2532 3887 tradam
2579 3833 2743 3888 eum?
2787 3831 3008 3898 Tradis,
3049 3828 3222 3892 Juda,
3267 3845 3384 3883 eum
3432 3831 3531 3899 qui
3583 3834 3779 3886 omnia

2162 3929 2399 3984 continet
2426 3926 2632 3982 verbo?
2660 3926 2845 3980 vendis
2888 3922 3470 3992 incomprehensibilem
3496 3963 3511 3984 ,
3550 3933 3612 3977 et
3654 3928 3780 3994 Opi-

2162 4022 2316 4075 ficem
2347 4019 2462 4073 cteli
2495 4027 2550 4072 et
2577 4027 2734 4072 terra:
2757 4057 2773 4083 ,
2804 4027 3100 4070 creatorem
3147 4023 3347 4067 natura:
3373 4024 3583 4066 nosme
3610 4055 3625 4079 ,
3678 4017 3780 4084 qui

2162 4115 2326 4168 verbo
2354 4120 2410 4167 et
2435 4119 2568 4166 nutu
2606 4110 2782 4164 omnia
2825 4107 3145 4163 constituit?
3193 4106 3260 4161 Ut
3304 4105 3461 4174 igitur
3503 4107 3780 4162 ostendat

2161 4204 2303 4276 quod
2332 4203 2522 4257 lubens
2551 4201 2774 4257 traditus
2805 4201 2912 4264 sit,
2943 4199 3064 4253 audi
3094 4197 3220 4267 quid
3247 4196 3421 4251 faciat.
3465 4196 3596 4266 Ipso
3626 4213 3773 4266 pro-

2160 4293 2377 4348 ditionis
2404 4301 2643 4361 tempore
2668 4332 2681 4356 ,
2715 4290 2927 4360 quando
2958 4291 3267 4343 invaserunt
3308 4303 3431 4342 eum
3471 4303 3598 4342 cum
3642 4291 3779 4358 gla-

2167 4386 2270 4441 diis
2299 4393 2353 4440 et
2381 4385 2535 4454 lignis
2558 4425 2572 4449 ,
2605 4382 2938 4452 lampadibus
2961 4389 3016 4434 et
3060 4380 3279 4434 laternis
3309 4379 3552 4432 instructi
3583 4421 3598 4443 ,
3627 4379 3779 4434 dicit

2160 4477 2240 4532 eis
2269 4495 2282 4532 :
2334 4475 2494 4541 Quem
2529 4474 2749 4545 quaeritis
2793 4473 2812 4543 (
2841 4471 2998 4526 Joan.
3029 4471 3096 4525 l8
3120 4513 3134 4537 ,
3167 4471 3202 4524 4
3232 4470 3289 4538 )?
3331 4469 3400 4524 Et
3435 4470 3781 4537 ignorabant.

2168 4584 2288 4624 eum
2315 4607 2330 4635 ,
2373 4583 2529 4638 quem
2575 4565 2779 4635 capturi
2819 4572 2990 4620 erant.
3039 4563 3264 4617 Tantum
3308 4562 3492 4618 aberat
3529 4575 3594 4616 ut
3633 4580 3775 4619 eum

2162 4661 2391 4732 prodere
2435 4667 2655 4730 posset,
2684 4657 2772 4728 qui
2817 4672 2989 4727 neque
3026 4665 3346 4726 prmsentem
3397 4671 3520 4710 eum
3569 4658 3775 4714 videre

2162 4764 2408 4825 poterat,
2439 4768 2599 4823 quem
2627 4751 2914 4806 traditurus
2953 4757 3069 4804 erat
3093 4789 3106 4813 ,
3158 4749 3257 4803 etsi
3303 4757 3381 4802 tot
3418 4748 3772 4817 lampadibus

2163 4846 2554 4914 luminibusque
2582 4844 2890 4898 instructus.
2913 4841 3066 4908 Quod
3091 4841 3233 4895 enim
3259 4840 3373 4895 haec
3395 4840 3770 4896 subindicaret

2161 4953 2282 4993 cum
2337 4936 2472 4991 dixit
2514 4951 2609 4991 eos
2649 4945 2702 4989 et
2745 4932 3018 5002 lampades
3070 4939 3125 4985 et
3167 4931 3399 4985 laternas
3454 4930 3712 4986 habuisse
3744 4973 3762 4996 ,

2161 5045 2336 5099 neque
2364 5030 2442 5084 sic
2468 5045 2588 5084 eum
2618 5025 2882 5081 invenisse
2907 5065 2921 5089 ,
2961 5023 3013 5078 id
3043 5023 3216 5078 innuit
3241 5037 3363 5077 cum
3392 5024 3504 5086 ait,
3537 5019 3605 5074 Et
3645 5021 3760 5074 Ju-

2161 5122 2255 5176 das
2283 5120 2445 5176 stabat
2470 5135 2582 5173 cum
2605 5118 2708 5172 illis
2731 5158 2746 5183 ,
2779 5118 2822 5169 is
2851 5116 2938 5184 qui
2965 5115 3172 5169 dixerat
3195 5153 3211 5178 ,
3241 5111 3356 5184 Ego
3382 5112 3519 5166 nobis
3544 5111 3754 5166 tradam

2160 5233 2295 5271 eum.
2325 5216 2524 5270 Eorum
2547 5212 2743 5282 quippe
2763 5217 2996 5264 mentem
3017 5207 3303 5264 cretecavit
3325 5247 3339 5271 ,
3371 5214 3429 5260 ut
3454 5206 3749 5275 potentiam

2161 5323 2310 5364 suam
2340 5305 2684 5368 ostenderet,
2708 5311 2763 5356 et
2791 5301 2865 5355 illi
2886 5299 3153 5354 discerent
3174 5313 3235 5352 ea
3261 5313 3322 5352 se
3346 5295 3564 5367 aggredi
3589 5337 3605 5360 ,
3628 5312 3748 5365 qua:

2163 5401 2275 5457 fieri
2307 5416 2411 5455 non
2441 5405 2678 5468 possent.
2725 5394 2926 5449 Deinde
2959 5393 3139 5447 audita
3175 5391 3290 5460 ejus
3326 5405 3462 5446 voce
3504 5389 3746 5444 abierunt

2161 5490 2372 5563 supini,
2403 5498 2458 5546 et
2480 5488 2785 5545 ceciderunt
2812 5486 2867 5540 in
2897 5495 3114 5540 terram.
3144 5482 3336 5537 Vidisti
3376 5481 3644 5552 quomodo
3671 5495 3740 5535 ne

2161 5601 2344 5641 vocem
2365 5583 2579 5655 quidem
2608 5581 2747 5637 ferre
2776 5587 3097 5649 potuerunt,
3125 5575 3219 5631 sed
3243 5575 3497 5646 prolapsu
3526 5575 3745 5630 infirmi-

2165 5691 2324 5735 tatem
2367 5693 2517 5734 suam
2559 5670 3032 5730 demonstrarunt?
3085 5667 3217 5723 Vide
3265 5668 3480 5723 Domini
3515 5668 3736 5722 clemen-
