3862 6232
113 258 257 315 585

116 374 402 428 ξσπευσε.
429 372 673 441 Κάκείνη
718 371 817 444 μὲν
856 371 948 425 ἀπ’
993 370 1157 426 αὐτοῦ
1197 371 1291 425 τοῦ
1334 371 1609 443 πυθμένος
1638 371 1736 441 τῆς

116 458 347 520 κακίας
370 459 450 521 είς
474 451 636 510 αὐτὸν
660 456 752 509 τὸν
780 455 1009 528 οὐρανὺν
1038 455 1268 526 ἀνῆλθεν
1286 472 1301 488 ν
1331 446 1487 518 οὗτος
1507 454 1564 507 δὲ
1600 455 1737 525 μετά

124 540 322 614 μυρία
367 540 624 611 θαύματα
664 539 761 593 καὶ
795 542 1016 611 σημεῖα,
1048 544 1185 609 μετά
1223 538 1323 610 τὴν
1359 538 1628 609 τοσαύτην
1656 538 1737 591 δι-

119 623 466 686 δασκαλίαν,
491 623 630 693 μετά
659 622 758 694 τὴν
786 623 992 692 ἄφατον
1022 620 1454 691 συγητάὸασιν,
1475 622 1556 684 είς
1576 620 1737 673 αὐτὸν

121 710 241 763 τὸν
275 707 525 778 πυθμένα
554 707 663 760 τῶν
693 707 979 778 ταρτάρων
1008 708 1301 762 κατέπεσε.
1333 702 1598 758 Τοσοῦτόν
1624 701 1737 755 ἐστι

131 790 396 864 ῥᾳθυμία
435 790 604 845 κακὸν
653 790 747 843 καὶ
788 787 936 861 [589]
988 789 1304 861 προαίρεσις
1345 785 1734 858 διεφθαρμένη.

124 875 242 928 Διὸ
278 874 374 928 καὶ
412 871 624 937 Παῦλος
675 871 888 940 ἔλεγεν
931 872 994 925 Ὃ
1035 869 1232 926 δοκῶν
1274 869 1545 933 ἑστάναι,
1585 869 1736 933 ,ϐλε-

130 959 310 1014 πέτω
330 958 413 1032 μὴ
440 957 602 1028 πέσῃ
621 976 637 989 ·
667 958 761 1012 καὶ
789 960 818 1011 6
852 958 1139 1029 προφήτης
1176 958 1343 1011 πάλαι
1386 956 1545 1011 ἐδόα⁶
1574 954 1671 1023 Μὴ
1705 957 1739 1009 ὁ

131 1045 388 1098 πίπτων
429 1043 542 1096 οὐκ
587 1040 945 1105 ἁνίσταται;
1001 1041 1041 1108 ἡ
1094 1044 1127 1093 ὁ
1181 1038 1576 1108 ἀποστρέφων
1626 1038 1739 1092 οὐκ

129 1125 536 1195 ἐπιστρέφει;
568 1124 655 1178 ἵνα
690 1129 826 1196 μήτε
866 1125 896 1177 6
942 1122 1115 1188 ἑστὼς
1137 1122 1335 1195 θαρρῇ,
1366 1122 1481 1176 ἀλλ’
1528 1119 1736 1189 ἐναγώ-

131 1206 323 1280 νιος
349 1206 635 1280 διηνεκῶς,
666 1207 804 1279 μήτε
843 1207 873 1259 6
905 1204 1232 1260 καταπεσὼν
1262 1203 1484 1274 ἀπογνῷ
1519 1201 1735 1256 ἐαυτοῦ.

136 1290 400 1362 Τοσαύτη
424 1290 532 1361 γάρ
557 1290 591 1360 ἡ
627 1288 854 1359 δύναμις
884 1287 979 1343 τοῦ
1009 1287 1349 1351 διδασκάλου,
1375 1286 1451 1351 ώς
1475 1285 1570 1341 καὶ
1599 1285 1736 1356 πόρε

134 1387 248 1434 νας
274 1370 363 1426 καὶ
388 1371 626 1437 τελώνας
653 1371 1062 1427 ἐπισπάσασθαι
1089 1371 1227 1443 πρὸς
1247 1372 1346 1445 τὴν
1373 1368 1579 1425 οἰκείαν
1607 1369 1740 1423 ὐπο-

134 1457 330 1527 ταγήν

221 1572 294 1627 Τί
312 1567 405 1629 οὗν
431 1590 632 1646 φησιν;
674 1574 731 1630 '0
764 1574 966 1647 πόρνας
994 1576 1463 1647 ἐπισπασάμενος,
1487 1574 1738 1647 μαθητὴν

133 1656 256 1710 οὐκ
294 1655 510 1728 ἴσχυσεν
542 1658 994 1727 ἐπισπάσασθαις
1035 1660 1166 1724 Ναὶ,
1210 1657 1397 1730 ἴσχυεν
1425 1658 1739 1712 ἐπισπάσα-

141 1740 286 1795 σθαι
334 1740 429 1794 καὶ
477 1740 568 1795 τὸν
621 1741 871 1814 μαθητήν
897 1758 912 1774 ν
964 1742 1080 1796 ἀλλ’
1132 1743 1234 1796 οὐκ
1265 1741 1520 1796 ἐϐούλετο
1575 1741 1737 1795 αὐτὸν

137 1824 375 1897 ἀνάγκη
401 1825 625 1894 ποιῆσαι
664 1825 851 1890 καλὸν,
883 1825 1004 1880 οὐδὲ
1042 1825 1134 1898 βίᾳ
1159 1824 1387 1881 ἑλκύσαι
1414 1823 1577 1878 αὐτὸν
1602 1824 1739 1896 πρὸς

141 1907 372 1961 ἑαυτόν.
404 1907 505 1961 Διά
527 1906 687 1962 τοῦτο
722 1911 752 1962 6
782 1908 1175 1980 εὐαγγελιστὴς
1205 1907 1561 1980 διηγούμενος
1607 1909 1739 1979 ἡμῖν

140 1991 225 2045 τὰ
260 1992 404 2046 κατά
446 1991 541 2045 τὸν
593 1992 844 2065 μαθητὴν
886 1993 978 2047 τὸν
1006 1991 1301 2062 ἀγνώμονα
1346 1992 1535 2062 ἐλεγε-
1596 1991 1740 2048 Τότε

140 2075 490 2144 πορευθείς,
534 2079 832 2143 τουτέστιν,
866 2078 967 2149 οὐχ
1000 2078 1091 2148 ὑφ’
1111 2079 1314 2149 ἐτέρων
1346 2075 1589 2147 κληθεὶς,
1613 2074 1737 2130 οὔτε

146 2159 404 2231 βιασθεὶς
435 2160 567 2233 παρ’
582 2162 766 2229 ἄλλου,
792 2162 915 2216 οὐδέ
944 2162 1075 2234 παρ’
1110 2163 1297 2234 ἐτέρου
1326 2160 1619 2232 δεξάμενος
1639 2162 1741 2232 τὴν

144 2244 513 2316 προτροπὴν,
569 2246 686 2299 ἀλλ’
748 2245 964 2300 οἴκοθεν
1044 2246 1365 2317 κινούμενος
1428 2247 1521 2298 ἐπὶ
1582 2244 1742 2305 τοῦτο

144 2326 397 2399 ἐτράπη,
422 2327 637 2392 δεικνὺς
656 2329 738 2383 ὅτι
766 2329 1109 2400 αὐτομάτως,
1149 2328 1244 2383 καὶ
1272 2328 1331 2393 ἐξ
1357 2327 1564 2390 οἰκείας
1596 2325 1739 2396 γνώ-

150 2426 272 2480 μης
317 2412 409 2463 ἐπὶ
437 2410 497 2462 τὸ
540 2410 858 2483 παράνομον
904 2411 1064 2465 τοῦτο
1087 2411 1345 2483 τόλμημα
1372 2410 1653 2482 ὥρμησεν,
1680 2408 1740 2477 ἐξ

145 2491 416 2562 οὐδεμιᾶς
437 2493 617 2557 αἰτίας
637 2494 977 2566 κινούμενος,
1005 2495 1120 2549 ἀλλ’
1135 2495 1354 2565 ὑπὸτῆς
1384 2493 1739 2565 πηγαζούσης

146 2573 372 2628 ἔνδοθεν
405 2576 604 2639 κακίας
628 2577 722 2629 ἐπὶ¹
751 2578 852 2649 τὴν
873 2576 1162 2649 προδοσίαν
1190 2575 1285 2630 τοῦ
1315 2576 1586 2630 Δεσπότου
1618 2577 1740 2628 ἐαυ-

147 2656 251 2710 τὸν
288 2657 509 2729 ώθήσας
527 2677 540 2690 ·
581 2660 721 2713 Τότε
757 2659 1069 2728 πορευθεὶς
1093 2657 1181 2725 εἷς
1204 2657 1322 2712 τῶν
1353 2656 1600 2711 δώδεκα.
1631 2657 1741 2710 Καὶ

149 2741 318 2794 τοῦτο
344 2743 405 2794 οὐ
425 2742 622 2813 μικρὸν
650 2741 902 2814 ἔγκλημα
917 2743 979 2795 τὸ
1007 2744 1204 2809 εἰπεῖν,
1224 2737 1329 2808 Εἷς
1344 2740 1463 2794 τῶν
1489 2739 1736 2794 δώδεκα.

167 2822 391 2895 Ἐπειδὴ
423 2823 535 2896 γάρ
559 2820 701 2895 ἦσαν
727 2825 822 2879 καὶ
850 2825 1032 2897 ἐτεροι
1060 2825 1432 2896 ἐὸδομήκοντα
1473 2822 1736 2894 μαθηταὶ,

146 2904 251 2960 διὰ
278 2905 434 2959 τοῦτο
464 2904 638 2972 εἶπεν,
699 2902 802 2973 Εἷς
852 2906 971 2961 τῶν
1015 2906 1267 2973 δώδεκα,
1319 2905 1589 2969 τουτέστι,
1628 2903 1738 2959 τῶν

148 2988 451 3060 ἐγκρίτων,
479 2988 590 3043 τῶν
614 2991 711 3044 καὶ
742 2989 863 3044 καθ’
889 2990 1128 3062 ἑκάστην
1183 2989 1334 3059 αὐτῷ
1373 3005 1737 3058 συναναστρε-

150 3073 438 3145 φομίνων,
463 3072 573 3127 τῶν
603 3074 806 3144 πολλῆς
837 3074 1219 3128 ἀπολαυόντων
1260 3075 1360 3144 τῆς
1402 3071 1737 3143 παρρησίας.

152 3156 283 3210 Ἵνα
308 3152 399 3209 οὖν
428 3155 604 3230 μάθῃς
634 3157 715 3210 ὅτι
744 3157 993 3230 μαθητὴς
1023 3153 1092 3228 ἦν
1120 3156 1229 3210 τῶν
1258 3154 1520 3225 δοκίμων,
1551 3153 1735 3224 φησιν’

149 3235 264 3306 Εἷς
290 3238 408 3293 τῶν
432 3238 681 3294 δώδεκα.
723 3241 836 3294 Καὶ
855 3241 917 3294 οὐ
945 3241 1278 3311 παρασιωπᾷ
1308 3238 1482 3292 ταῦτα
1512 3237 1738 3308 γράφων

150 3324 186 3377 ὁ
201 3322 617 3395 εὐαγγελιστὴς,
633 3323 720 3377 ἵνα
741 3324 806 3376 σὺ
835 3322 1078 3387 πεισθεὶς
1103 3324 1186 3376 ὅτι
1206 3321 1379 3374 ταῦτα
1394 3321 1463 3375 τά
1480 3318 1740 3374 δοκοῦντα

153 3408 502 3462 ἐπονείδιστα
549 3404 691 3461 εἶναι
743 3406 985 3463 δείκνυσι
1018 3405 1114 3460 τοῦ
1148 3406 1418 3461 Δεσπότου
1467 3406 1567 3476 τὴν
1602 3404 1740 3475 πρὸς

153 3492 311 3562 ἡμᾶς
355 3491 697 3563 κηδεμονίαν,
745 3491 829 3544 ὅτι
878 3490 971 3544 τὸν
1018 3490 1309 3561 προδότην,
1357 3489 1453 3543 τὸν
1499 3488 1740 3558 κλέπτην

151 3573 432 3627 τοσούτων
465 3574 698 3644 ἠξίωσεν
745 3572 992 3643 ἀγαθῶν,
1040 3575 1137 3626 καὶ
1179 3573 1346 3646 μέχρι
1372 3573 1474 3643 τῆς
1501 3572 1740 3644 ἐσχάτης

152 3658 402 3730 ἐσπέρας
450 3659 702 3730 παρῄνει.
726 3653 883 3722 Εἶδες
928 3657 1047 3720 πῶς
1089 3659 1123 3729 ἡ
1170 3658 1346 3728 πόρνη
1383 3657 1482 3728 μὲν
1525 3656 1739 3728 ἐσώθη,

152 3742 354 3814 ἐπειδὴ
380 3742 561 3812 ἔνιψεν
583 3759 596 3772 ·
629 3744 659 3796 6
709 3742 957 3814 μαθητὴς
994 3742 1050 3794 δέ
1081 3742 1407 3814 ῥᾳθυμήσας
1434 3740 1737 3807 κατέπεσε;

154 3826 255 3898 Μὴ
274 3825 453 3879 τοίνυν
482 3823 739 3895 ἀπογνῷς
762 3824 956 3878 ἐαυτοῦ
978 3824 1115 3896 πρὸς
1143 3823 1239 3894 τὴν
1268 3823 1474 3895 πόρνην
1496 3822 1740 3892 ἀφορῶν,

161 3910 304 3986 μηδὲ
340 3908 621 3980 θαρσήσης
656 3907 820 3961 πάλιν
846 3907 986 3978 πρὸς
1012 3908 1112 3978 τὴν
1140 3906 1234 3959 τοῦ
1268 3905 1513 3977 μαθητοῦ
1533 3906 1743 3977 τόλμαν

152 3991 398 4050 ἀπιδών
426 3994 709 4063 ἀμφότερα
736 3991 845 4064 γάρ
870 3992 1111 4062 ὀλέθρια.
1147 3991 1437 4054 Εὐόλισθος
1455 3990 1565 4063 γὰρ
1583 3990 1743 4062 ἡμῶν

152 4082 192 4150 ἡ
223 4077 443 4151 γνώμη,
467 4077 891 4149 εὐπερίτρεπτος
930 4078 964 4147 ὴ
997 4077 1318 4149 προαίρεσις
1338 4091 1350 4105 ο
1373 4076 1455 4130 διὸ
1478 4076 1743 4132 πάντοθεν

157 4161 558 4232 ἀοφαλίζεσθαι
596 4161 726 4232 χρή.
766 4160 903 4213 Τότε
947 4160 1259 4229 πορευθεὶς
1287 4154 1378 4226 εἷς
1418 4160 1538 4213 τὼν
1566 4159 1744 4213 δώδε-

158 4260 263 4311 κα,
316 4243 544 4310 Ἰούδας
585 4247 618 4297 ὁ
660 4241 1054 4310 Ἰσκαριώτης.
1088 4244 1253 4316 Ὁρᾷς
1282 4243 1437 4297 ποίου
1463 4241 1623 4315 χοροῦ
1653 4242 1742 4308 ἐξ-

161 4331 396 4393 έπεσεν;
446 4330 579 4400 ὁρᾷς
616 4327 777 4390 ποίας
808 4326 1154 4390 διδασκαλίας
1187 4327 1379 4381 ἐαυτὸν
1402 4328 1699 4400 ἐστέρησεν
1725 4344 1740 4394 ς

158 4416 298 4487 ὁρᾷς
349 4413 513 4467 πόσον
566 4411 735 4467 κακὸν
784 4414 817 4482 ὴ
867 4410 1145 4484 ῥᾳθυμίῃ
1209 4411 1441 4477 Ἰούδας,
1481 4414 1676 4484 φησὶν,
1715 4413 1744 4465 6

174 4500 548 4571 Ἰσκαριώτης,
586 4497 776 4570 ἐπειδὴ
826 4497 1012 4568 ἔτερος
1059 4492 1128 4568 ἦν
1176 4497 1352 4568 τούτῳ
1391 4496 1680 4568 ὁμώνυμος
1716 4497 1746 4549 6

159 4585 456 4657 λεγόμενος
497 4582 776 4638 Ἰακώὸου.
828 4583 990 4656 Ὁρᾷς
1042 4581 1138 4635 τοῦ
1196 4581 1588 4651 εὐαγγελιστοῦ
1642 4581 1744 4653 τὴν

162 4670 385 4741 σοφίαν,
416 4671 500 4724 ὅτι
529 4670 631 4725 οὐκ
660 4669 771 4724 ἀπὸ
799 4669 895 4724 τοῦ
928 4668 1303 4740 τολμήματος,
1347 4666 1462 4722 ἀλλ’
1501 4669 1610 4722 ἀπὸ
1649 4668 1744 4722 τοῦ

159 4756 356 4821 τόπου,
380 4754 537 4826 δῆλον
576 4756 711 4824 ἡμῖν
737 4752 901 4808 αὐτὸν
936 4755 1098 4817 ποιεῖ,
1129 4753 1337 4806 ἐκεῖνον
1362 4752 1465 4806 οὐκ
1493 4752 1603 4805 ἀπὸ
1647 4749 1743 4804 τοῦ

161 4841 355 4903 τόπου,
387 4839 501 4892 ἀλλ’
532 4839 641 4893 ἀπὸ
666 4838 769 4909 τῆς
800 4838 1196 4909 πατρωνυμίας
1238 4835 1512 4910 γνώριμον
1540 4835 1743 4901 ποιῶν;

162 4930 361 4985 Καίτοι
416 4942 480 4995 γε
527 4923 820 4978 ἀκόλουθον
865 4921 935 4996 ἦν
987 4924 1181 4989 είπεῖν,
1239 4924 1436 4978 Ἰούδαν
1483 4921 1577 4976 τὸν
1607 4937 1744 4993 προ-

163 5015 326 5085 δότην
346 5030 361 5046 ·
393 5010 508 5066 ἀλλ’
550 5011 639 5065 ἵνα
672 5011 818 5083 ἡμᾶς
856 5009 1121 5083 παιδεύσῃ
1166 5009 1413 5081 καθαρὰν
1445 5008 1589 5081 ἔχειν
1616 5026 1748 5062 κατ-

164 5097 398 5171 ηγορίας
448 5093 549 5166 τὴν
605 5092 859 5164 γλῶσσαν
886 5132 901 5160 ,
954 5093 1051 5147 καὶ
1107 5093 1239 5147 αὐτὸ
1293 5092 1355 5145 τὸ
1400 5094 1575 5147 εἰπεῖν
1616 5110 1748 5163 προ-

166 5183 323 5238 δότου
382 5180 640 5251 φείδεται.
700 5177 1093 5249 Παιδευώμεθα
1144 5177 1323 5231 τοίνυν
1382 5179 1585 5250 μηδένα
1639 5178 1747 5234 τῶν

167 5265 381 5342 ἐχθρῶν
440 5263 628 5329 κακῶς
682 5262 1013 5335 μεμνῆσθαι.
1082 5262 1147 5316 Et
1205 5261 1315 5334 γὰρ
1383 5263 1413 5315 6
1481 5263 1746 5334 μακάριος

166 5346 323 5413 οὗτος
355 5347 451 5403 τοῦ
503 5347 762 5419 προδότου
794 5348 897 5401 οὐκ
948 5346 1209 5416 ⁴Ιιινέσχετο
1240 5348 1647 5418 κατηγορῆσαι,
1689 5348 1751 5400 τὸ

168 5436 489 5507 παράνομον
535 5432 695 5486 τοῦτο
725 5432 984 5504 τόλμημα
1014 5429 1391 5502 διηγούμενος,
1445 5430 1603 5487 τοῦτο
1651 5432 1751 5503 μὲν

164 5516 576 5588 ἀποσιώπησιν,
601 5515 709 5571 ἀπὸ
731 5515 789 5570 δὲ
822 5516 917 5570 τοῦ
946 5514 1133 5581 τόπου,
1169 5515 1291 5570 ὅθεν
1312 5514 1555 5588 ὥρμητο,
1592 5516 1752 5587 δῆλον

167 5606 333 5660 αὐτὸν
365 5604 539 5656 ποιεῖ·
576 5602 735 5666 ποίας
762 5601 831 5656 ἂν
859 5600 1051 5674 εἴημεν
1071 5603 1232 5674 ἡμεῖς
1255 5601 1399 5669 ἄξιοι
1423 5605 1753 5673 συγγνώμης

167 5689 296 5755 τοὺς
327 5686 555 5760 πλησίον
583 5686 1020 5760 κακηγοροῦντες
1039 5703 1053 5752 ;
1075 5688 1185 5742 Καὶ
1210 5685 1471 5751 πολλάκις
1497 5686 1560 5740 οὐ
1589 5684 1748 5757 μόνον

1207 252 1296 308 DE
1333 252 1764 331 I’RODITIONE.
1793 253 2010 311 JUDIE.
2056 255 2288 311 IIOMIL.
2331 253 2396 309 ll.

3310 258 3419 309 3'6

1850 370 1869 443 Ῐ
1874 370 2001 444 590]
2033 370 2139 426 τῶν
2166 369 2378 442 ἐχθρῶν
2415 366 2740 441 μεμνήμεθα
2765 366 2881 438 μεθ’
2920 365 3149 438 ὕϐρεως,
3170 367 3305 423 ἀλλά
3331 368 3444 422 καὶ»

1847 454 1954 508 τῶν
1979 454 2278 509 δοκούντων
2307 454 2442 525 πρὸς
2470 454 2619 524 ἡμᾶς
2657 451 2800 521 ἔχειν
2814 450 3074 504 διάθεσιν.
3102 451 3214 523 Μὴ,
3242 470 3423 525 παρα-

1850 536 2019 590 καλῶ.
2050 535 2221 590 Τοῦτο
2235 537 2328 589 καὶ
2345 535 2556 599 Παῦλος
2584 537 2840 607 παραινεῖ
2865 532 3039 604 λέγων
3057 550 3072 565 ·
3096 531 3221 600 Πᾶς
3242 536 3425 605 λόγος

1846 619 2081 689 σαπρὸς
2111 620 2180 674 ἐκ
2203 620 2309 675 τοῦ
2341 622 2640 690 στόματος
2665 616 2832 690 ὑμῶν
2853 617 2941 688 μὴ
2987 618 3423 687 ἐκπορευέσθω.

1846 703 1944 757 Διά
1995 701 2157 756 τοῦτο
2208 704 2411 766 παντὸς
2466 702 2711 758 τοιούτου
2770 701 2979 767 πάθους
3031 702 3352 775 καθαρεύων
3393 705 3425 758 ό

1850 786 2116 858 μακάριος
2139 785 2419 850 Ματθαῖος
2443 785 2629 855 ἔλεγε·
2671 787 2810 841 Τότε
2840 786 3155 854 πορευθείς
3185 780 3274 853 εἷς
3306 784 3424 839 τῶν

1846 868 2092 935 δώδεκα,
2121 871 2153 923 ὁ
2176 871 2500 940 λεγόμενος
2537 868 2768 936 Ἰούδας
2791 872 2824 923 ὁ
2852 867 3254 939 Ἰσκαριώτης,
3274 868 3426 937 πρὸς

1845 951 1988 1019 τοὺς
2026 952 2320 1022 ἀρχιερεῖς
2348 948 2499 1007 εἷπε·
2535 953 2596 1006 Τί
2622 951 2827 1007 θέλετέ
2860 969 2964 1023 μοι
3001 952 3232 1018 δοῦναι,
3262 952 3425 1023 κάγώ

1845 1034 1990 1104 ὑμῖν
2036 1034 2368 1105 παραδώσω
2425 1035 2645 1099 αὐτόν;
2705 1036 2772 1090 ‘0
2834 1037 3036 1109 μιαρᾶς
3100 1035 3324 1106 φωνῆςί
3373 1034 3437 1089 δι’

1843 1117 2051 1189 τόλμης
2088 1119 2272 1174 ἄνοιαί
2304 1119 2708 1191 ἐνθυμούμενος
2725 1119 2938 1192 τρέμω,
2967 1120 3269 1193 ἀγαπητοὶ,
3304 1119 3425 1183 πῶς

1845 1201 2144 1273 ἐξεπήδησε
2190 1201 2286 1256 τοῦ
2331 1203 2599 1273 στόματος
2624 1204 2660 1274 ή
2689 1202 2862 1273 φωνὴ,
2900 1202 3023 1267 πῶς
3049 1203 3151 1275 τὴν
3178 1202 3425 1272 γλῶτταν

1845 1285 2085 1357 ἐκίνησε,
2123 1285 2241 1350 πῶς
2274 1286 2375 1341 οὐκ
2410 1286 2621 1357 ἀπέστη
2653 1285 2750 1340 τοῦ
2773 1285 3023 1359 σώματος
3053 1288 3088 1360 ἡ
3127 1286 3293 1358 ψυχὴ,
3308 1285 3426 1351 πῶς

1845 1371 1947 1425 οὐκ
1993 1371 2305 1446 ἐνάρκησαν
2350 1371 2421 1427 τά
2451 1371 2626 1445 χείλη,
2654 1371 2774 1437 πῶς
2818 1372 2922 1427 οὐκ
2966 1371 3159 1444 ἐξέστη
3208 1374 3275 1443 τῇ
3307 1370 3427 1424 δια-

1845 1454 1983 1526 νοίᾳ.

1916 1611 1987 1682 γ’.
2027 1611 2090 1666 Τί
2116 1610 2318 1668 θέλετέ
2330 1630 2432 1683 μοι
2461 1612 2693 1680 δοῦναι,
2732 1612 2896 1685 κάγὼ
2917 1612 3062 1684 ὑμῖν
3094 1611 3426 1683 παραδώσω

1845 1694 2068 1759 αὐτόν;
2094 1694 2228 1749 Είπέ
2263 1713 2376 1768 μοι,
2414 1696 2604 1763 Ἰούδα,
2632 1695 2811 1751 ταῦτά
2832 1715 2913 1752 σοι
2941 1696 3261 1752 ἐπαίδευσεν
3284 1697 3315 1750 6
3344 1693 3427 1749 δι-

1845 1778 2110 1841 δάσκαλος
2149 1780 2209 1833 ἐν
2246 1779 2486 1851 τοσούτῳ
2519 1780 2736 1852 χρόνῳ;
2780 1780 2923 1834 οὕτω
2963 1779 3134 1853 λήθην
3179 1778 3427 1848 ἐποιήσω

1845 1861 1954 1914 τῶν
1984 1860 2224 1932 συνεχῶν
2248 1863 2664 1933 παραινέσεων;
2695 1865 2758 1918 οὐ
2792 1863 2881 1919 διὰ
2902 1863 3061 1917 τοῦτο
3091 1862 3245 1932 ἔλεγε
3263 1903 3280 1929 ,
3325 1858 3427 1930 Μὴ

1846 1942 2159 2011 κτήσησθε
2181 1944 2436 2013 χρυσὸν,
2459 1945 2615 2015 μήτε
2637 1946 2920 2016 ἄργυρον,
2953 1944 3160 2000 ἀνωθεν
3190 1959 3430 2016 προανα-

1848 2026 2083 2081 στέλλων
2109 2044 2204 2080 σου
2231 2027 2332 2098 τῆς
2378 2028 2506 2100 περὶ
2534 2028 2603 2082 τά
2625 2030 2883 2100 χρήματα
2905 2027 3100 2099 μανίας
3122 2026 3222 2099 τὴν
3261 2026 3428 2099 ὕπερ-

1848 2108 2038 2180 δολήνς
2071 2110 2133 2162 οὐ
2161 2111 2392 2185 παρῄνει
2424 2109 2617 2178 λέγων,
2665 2109 2808 2165 Ἐάν
2836 2112 2930 2178 τίς
2958 2125 3033 2164 σε
3063 2111 3302 2180 ραπίσῃ
3339 2111 3425 2175 εὶς

1847 2191 1963 2260 τὴν
2008 2193 2218 2257 δεξιὰν
2274 2194 2563 2265 σιαγόνα,
2612 2192 2883 2262 στρέψον
2939 2191 3101 2258 αὐτῷ
3158 2193 3257 2247 καί
3313 2192 3429 2260 τὴν

1847 2276 2080 2345 ἇλλην;
2113 2276 2268 2340 Τίνος
2307 2276 2513 2343 ἕνεκεν,
2564 2278 2686 2331 εἰπέ
2727 2294 2837 2346 μοι,
2878 2275 3189 2347 παραδίδως
3226 2275 3317 2328 τὸν
3351 2276 3428 2328 δι-

1846 2356 2148 2424 δάσκαλον;
2174 2360 2375 2431 δτιτὴν
2421 2358 2564 2412 κατά
2588 2358 2697 2413 τῶν
2727 2358 2996 2425 δαιμόνων
3040 2353 3289 2422 ἐξουσίαν
3341 2372 3426 2411 σοι

1849 2440 2184 2513 παρέδωκεν,
2215 2442 2291 2506 ώς
2314 2443 2407 2496 καὶ
2421 2443 2703 2513 νοσήματα
2728 2439 3072 2512 θεραπεύειν,
3087 2440 3183 2494 καὶ
3193 2440 3429 2511 λεπροὺς

1846 2522 2152 2594 καθαίρειν,
2172 2526 2268 2577 καὶ
2290 2524 2376 2576 ἒτε
2386 2540 2455 2594 ρα
2478 2523 2647 2577 πολλά
2674 2523 2900 2577 τοιαῦτα
2940 2521 3196 2594 θαύματα
3222 2523 3426 2576 ἐπιδεί-

1846 2606 2112 2671 κνυσθαι;
2178 2608 2301 2662 ἀντὶ
2344 2602 2438 2661 οὖν
2466 2607 2577 2662 τῶν
2618 2606 2951 2678 εὐεργεσιῶν
2977 2606 3185 2660 τούτων
3228 2605 3429 2669 ταύτας

1846 2688 1997 2759 αὐτῷ
2028 2687 2293 2752 ἀποδίδως
2319 2686 2420 2752 τάς
2449 2688 2717 2758 ἀμοιϐάςς
2757 2690 2822 2741 Ὢ
2849 2688 2949 2759 τῆς
2973 2688 3187 2759 μανίας,
3225 2687 3428 2758 μᾶλλον

1844 2771 1904 2825 δὲ
1932 2772 2031 2843 τῆς
2061 2770 2457 2841 φιλαργυρίαςί
2488 2770 2673 2824 Πάντα
2719 2769 2828 2841 γάρ
2873 2770 3051 2824 ταῦτα
3094 2770 3165 2823 τά
3217 2770 3364 2824 κακά
3389 2771 3424 2839 ἡ

1848 2854 2183 2928 φιλαργυρία
2213 2855 2540 2925 πεποίηκεν,
2567 2855 2603 2925 ἠ
2638 2854 2763 2926 ῥίζα
2787 2852 2898 2908 τῶν
2940 2853 3150 2918 κακῶν,
3175 2853 3298 2924 ἥτις
3325 2852 3426 2916 τάς

1845 2937 2024 3009 ψυχὰς
2075 2937 2232 3009 ἡμῶν
2284 2940 2468 2991 σκοτοί
2521 2939 2617 2992 καὶ
2654 2937 2853 3001 αὐτοὺς
2900 2937 3028 3000 τοὺς
3066 2935 3169 3004 τῆς
3210 2933 3427 3005 φύσεως

1846 3020 2066 3090 νόμους,
2098 3021 2190 3073 καὶ
2217 3020 2396 3073 αὐτῶν
2425 3023 2572 3090 ἡμᾶς
2601 3019 2854 3074 ἐκϐάλλει
2894 3019 3002 3074 τῶν
3045 3017 3288 3090 φρενῶν,
3332 3018 3429 3072 καὶ

1847 3105 1948 3158 οὐκ
1970 3104 2195 3175 ἀφίησιν
2215 3101 2338 3157 οὔτε
2378 3103 2560 3171 φιλίας
2597 3102 2723 3156 οὐτε
2757 3104 3077 3173 συγγενείας
3112 3101 3236 3156 οὐτε
3267 3100 3429 3157 ἀλλου

1845 3188 1991 3251 τινὸς
2024 3186 2332 3257 μεμνῆσθαι
2351 3199 2365 3214 ⁸
2408 3184 2549 3239 ἀλλά
2570 3185 2827 3251 καθάπαξ
2857 3185 3164 3258 πηρώσασα
3187 3183 3345 3256 ἡμῶν
3362 3186 3432 3238 τά

1847 3271 2068 3342 ὄμματα
2117 3268 2219 3339 τῆς
2252 3267 2520 3333 διανοίας,
2562 3267 2737 3332 οὓτως
2788 3269 2845 3320 ἐν
2901 3271 3083 3322 σκότει
3140 3269 3286 3321 ποιεῖ
3336 3264 3433 3338 Ba-

1846 3354 2034 3419 δίζειν.
2068 3354 2179 3409 Καὶ⁵
2210 3353 2299 3407 ἵνα
2333 3352 2513 3425 μάθῃς
2549 3352 2710 3406 τοῦτο
2751 3351 2960 3422 σαφῶς,
2990 3352 3092 3423 ὅρα
3130 3351 3252 3404 τότε
3288 3351 3433 3405 πόσα

1848 3437 2101 3504 ἐξέϐαλεν
2126 3439 2190 3490 ἐκ
2211 3435 2307 3507 τῆς
2327 3434 2421 3489 τοῦ
2447 3433 2618 3490 Ἰούδα
2632 3435 2831 3506 ψυχῆς.
2864 3433 3012 3505 Αὕτη
3042 3431 3433 3487 ἐπεισελθοῦσα

1846 3521 1947 3592 τὴν
1974 3518 2214 3591 ὁμιλίαν,
2243 3517 2341 3590 τὴν
2365 3518 2677 3589 συνήθειαν,
2712 3517 2813 3589 τὴν
2842 3515 3150 3579 κοινωνίαν,
3175 3515 3274 3586 τὴν
3299 3514 3432 3569 θαυ-

1852 3603 2062 3676 μαστὴν
2083 3602 2452 3665 διδασκαλίαν,
2479 3602 2657 3655 πάντα
2690 3600 2864 3654 ταῦτα
2891 3601 2972 3665 είς
2995 3599 3164 3671 λήθην
3181 3598 3435 3654 ἐνέϐαλεν

1850 3681 1884 3761 ἢ
1915 3686 2270 3758 φιλαργυρία.
2301 3685 2500 3750 Καλῶς
2523 3685 2680 3752 ἔλεγε
2708 3683 2944 3749 Παῦλος,
2978 3684 3063 3738 ὅτι
3100 3680 3251 3744 Ῥιζα
3284 3681 3435 3737 πάν.

1850 3790 1968 3827 των
1990 3772 2110 3826 τῶν
2133 3769 2337 3825 κακῶν
2362 3770 2536 3824 ἐστιν
2559 3769 2599 3836 ή
2640 3768 3024 3838 φιλαργυρία.
3045 3796 3118 3808 -
3140 3767 3203 3821 Τί
3227 3763 3435 3821 θέλετέ

1843 3872 1947 3926 μοι
1975 3853 2204 3917 δοῦναι,
2236 3850 2398 3922 κάγὼ
2415 3851 2562 3920 ὑμῖν
2587 3849 2921 3918 παραδώσω
2947 3849 3136 3903 αὐτόν
3150 3864 3171 3913 ;
3204 3846 3438 3918 Παραδί-

1849 3938 1974 4002 δως,
1992 3935 2182 3999 Ἰούδα,
2199 3935 2290 3988 τὸν
2315 3935 2384 3987 τά
2411 3933 2591 3987 πάντα
2612 3933 2901 4004 συνέχοντα
2922 3932 3096 4003 λόγως
3123 3931 3323 3994 πωλεῖς
3340 3930 3437 3983 τὸν

1849 4022 2254 4092 ἀκατάληπτον,
2289 4018 2381 4072 τὸν
2418 4018 2643 4088 κτίστην
2680 4015 2909 4087 οὐρανοῦ
2950 4033 3012 4069 τε
3050 4015 3147 4070 καὶ
3191 4014 3318 4086 γῆς,
3342 4012 3436 4066 τὸν

1850 4102 2183 4176 δημιουργὸν
2207 4101 2305 4172 τῆς
2328 4100 2606 4173 ἡμετέρας
2638 4098 2877 4169 φύσεως,
2910 4098 3005 4153 τὸν
3030 4098 3175 4170 λόγῳ
3204 4098 3302 4151 καὶ
3322 4095 3436 4149 νεύ-

1855 4205 1988 4259 ματι
2005 4186 2074 4240 τὰ
2089 4185 2270 4242 πάντα
2295 4183 2707 4254 συστησάμενον
2727 4200 2742 4250 ;
2764 4184 2882 4236 Ἵνα
2910 4177 3004 4236 οὖν
3023 4180 3171 4253 δείξῃ
3190 4180 3272 4233 ὅτι
3292 4177 3434 4234 ἑκὼν

1853 4271 2146 4345 παρεδόθη,
2192 4271 2422 4325 ἄκουσον
2449 4266 2504 4321 τί
2543 4269 2709 4320 ποιεῖ.
2759 4267 2894 4321 Κατ’
2921 4267 3084 4322 αὐτὸν
3114 4266 3206 4319 τὸν
3245 4263 3435 4337 καιρὸν

1851 4357 1952 4427 τῆς
2003 4353 2315 4427 προδοσίας,
2352 4352 2441 4405 ὅτε
2475 4350 2708 4420 ἐπῆλθον
2760 4349 2910 4422 αὐτῷ
2964 4349 3100 4421 μετά
3152 4346 3438 4420 μαχαιρῶν

1853 4438 1950 4495 καὶ
1979 4437 2173 4505 ξύλων,
2213 4433 2504 4506 λαμπάδας
2531 4433 2627 4487 καὶ
2665 4433 2871 4502 φανοὺς
2898 4432 3136 4504 ἔχοντες,
3162 4431 3312 4500 λέγει
3334 4430 3434 4484 αὐ-

1850 4526 1994 4588 τοῖς’
2034 4522 2179 4578 Τίνα
2208 4519 2459 4589 (utsin;
2490 4518 2601 4572 Καὶ
2624 4517 2901 4588 ἠγνόησαν
2938 4517 2999 4571 ὃν
3042 4515 3274 4588 ἤμελλον
3304 4513 3434 4569 συλ-

1852 4606 2170 4679 λαμϐάνειν.
2194 4602 2461 4657 Τοσοῦτον
2497 4602 2723 4672 ἀπεῖχεν
2759 4603 2969 4666 ἐκεῖνος
3002 4600 3100 4654 τοῦ
3133 4598 3432 4673 δυνηθῆναι

1853 4687 2193 4761 παραδοῦναι
2222 4686 2406 4750 αὐτὸν,
2434 4685 2519 4739 ὅτι
2541 4685 2664 4739 οὐδὲ
2682 4684 2815 4756 ὁρᾷν
2843 4683 3008 4738 αὐτὸν
3037 4682 3270 4754 ἠδύνατο
3293 4699 3434 4753 παρ-

1851 4775 1979 4827 όντα
2000 4811 2016 4836 ,
2046 4772 2105 4826 ὃν
2134 4769 2338 4842 ἠμελλε
2376 4766 2757 4840 παραδιδόναι,
2802 4768 2899 4823 καὶ
2931 4766 3108 4821 ταῦτα
3133 4765 3435 4838 λαμπάδων

1852 4856 2029 4910 οὐσῶν
2081 4855 2176 4909 καί⁵
2225 4852 2404 4923 φωτὸς
2434 4851 2714 4906 τοσούτου.
2745 4851 2870 4906 Ὅτι
2917 4851 3029 4924 γάρ
3068 4849 3230 4906 τοῦτο
3261 4851 3435 4906 αἰνιτ-

1852 4939 2078 5010 τόμενος
2127 4933 2303 5002 εἶπεν,
2347 4938 2431 4991 ὅτι
2456 4936 2748 5007 λαμπάδας
2776 4935 2870 4990 καὶ
2898 4934 3102 5006 φανοὺς
3142 4928 3310 5006 εἶχον,
3343 4934 3437 4987 καὶ

1854 5022 1974 5076 οὐδέ
1990 5020 2165 5085 οὔτως
2188 5021 2355 5075 αὐτὸν
2385 5019 2672 5091 ηῦρισκον,
2690 5022 2825 5091 φησὶ
2856 5019 3036 5094 [γάρ],
3064 5019 3176 5075 Καὶ
3206 5016 3439 5083 Ἰούδας

1853 5102 2119 5171 εἱστήκει
2134 5104 2262 5174 μετ’
2291 5103 2510 5169 αὐτῶν,
2541 5106 2747 5170 ἐκεῖνος
2775 5103 2964 5160 είπών·
2992 5104 3134 5175 Ἐγὼ
3161 5101 3303 5173 ὑμῖν
3332 5116 3438 5154 πα-

1847 5190 2101 5261 ραδώσω
2133 5190 2340 5243 αὐτόν.
2386 5188 2671 5260 Ἑπήρωσε
2701 5189 2810 5260 γάρ
2832 5189 3016 5244 αὐτῶν
3046 5189 3146 5258 τὴν
3172 5186 3434 5245 διάνοιαν,

1858 5273 2180 5346 βουλόμενος
2206 5270 2374 5339 δεῖξαι
2400 5271 2499 5344 τὴν
2525 5271 2731 5327 οἰκείαν
2758 5272 3004 5344 δύναμιν,
3025 5273 3118 5325 καὶ
3133 5271 3221 5324 ἴνα
3254 5267 3437 5340 μάθωσ-
3547 5324 3551 5333 ,

1857 5374 1943 5412 σιν
1970 5358 2053 5411 ὅτι
2074 5356 2351 5413 ἀδυνάτοις
2378 5356 2766 5429 ἐπιχειροῦσιν.
2792 5353 2923 5411 Εἶτα
2938 5354 3267 5417 ἀκούσαντες
3282 5350 3432 5423 [τοι]

1858 5441 1957 5515 τὴν
1991 5440 2174 5513 φωνὴν
2199 5438 2365 5494 αὐτοῦ
2398 5439 2642 5511 ἀπῆλθον
2671 5439 2874 5504 ὕπτιοι,
2903 5439 2997 5491 καὶ
3022 5436 3217 5490 ἔπεσον
3235 5433 3433 5507 χαμαί.

1858 5520 2013 5588 Εἶδες
2030 5523 2149 5587 πῶς
2176 5521 2301 5577 οὐτε
2325 5522 2423 5594 τὴν
2446 5524 2631 5595 φωνὴν
2656 5523 2900 5590 ἐνεγκεῖν
2918 5518 3284 5591 ἠδυνήθησαν,
3301 5517 3437 5573 ἀλλά

1858 5607 1947 5661 διὰ
1968 5607 2068 5676 τῆς
2095 5606 2497 5669 καταπτώσεως
2514 5606 2612 5675 τὴν
2640 5604 2849 5660 ἑαυτῶν
2871 5603 3157 5659 ἀσθένειαν
3189 5600 3437 5673 ἐναργῶς

1861 5683 2181 5755 ἀπέδειξανς
2233 5688 2374 5757 Ὅρα
2428 5688 2701 5742 Δεσπότου
2758 5683 3182 5761 φιλανθρωπίαν.
3220 5679 3440 5751 Ἐπειδὴ
