3862 6232
469 214 579 271 $87

468 329 590 385 οὐδὲ
621 326 765 381 οὕτω
802 327 1060 383 καθίκετο
1092 327 1193 399 τῆς
1224 328 1612 398 ἀναισχυντίας
1628 326 1724 393 τοῦ
1756 326 2037 398 προδότου,

466 412 592 467 οὐτε
637 412 738 482 τῆς
779 410 891 466 τῶν
942 409 1212 464 Ἰουδαίων
1241 410 1656 480 ἀγνωμοσύνης,
1681 409 1874 463 ἐαυτὸν
1902 408 2044 462 ἐκδί-

467 496 622 557 δωσι,
646 492 743 549 καί
767 509 933 564 φησιν
962 492 991 543 6
1016 490 1238 563 Κύριος·
1272 491 1404 546 Ὅτε
1432 491 1609 559 ἔδειξα
1644 492 1721 556 ὡς
1757 491 2042 561 ἀδυνάτοις

467 576 854 650 ἐπιχειροῦσιν,
884 574 1192 646 ἠϐουλήθην
1221 575 1400 629 αὐτῶν
1423 575 1736 629 ἀναστεῖλαι
1785 576 1886 648 τὴν
1940 592 2044 645 μα-

472 664 621 716 νίανο
653 662 714 715 ού
750 660 1052 731 βούλονται,
1074 658 1190 721 ἀλλ’
1220 657 1301 714 ἐτι
1333 659 1654 730 ἐπιμένουσι
1675 662 1741 730 τῇ
1770 657 2005 731 πονηρίᾳ
2024 675 2040 691 ο

472 745 581 799 ἰδοὺ
602 743 836 814 ἐμαυτὸν
867 742 1232 813 παραδίδωμι.

494 864 499 869 ~
541 826 725 885 Ταῦτα
761 826 906 895 λέγω
928 825 1079 895 ύμῖν,
1103 825 1191 879 ἵνα
1224 824 1299 897 μὴ
1333 824 1751 897 κατηγορήσωσί
1782 840 1927 886 τινες
1946 823 2040 878 τοῦ

471 911 727 982 Χριστοῦ,
763 910 1035 979 λέγοντεςο
1073 910 1173 965 Διὰ
1203 910 1256 965 τί
1280 911 1339 963 οὐ
1375 910 1638 981 μετέϐαλε
1676 908 1766 963 τὸν
1799 908 2038 975 Ἰούδαν;

470 993 552 1049 διά
592 995 645 1057 τί
673 995 773 1048 οὐκ
809 994 1067 1063 ἐποίησεν
1094 992 1256 1047 αὐτὸν
1301 992 1582 1063 βελτίονα;
1631 990 1742 1045 Καὶ
1792 991 1910 1054 πῶς
1936 990 2043 1045 ἔδει

471 1078 692 1148 ποιῆσαι
725 1076 815 1131 τὸν
850 1076 1050 1137 Ἰούδαν
1074 1076 1325 1148 σώφρονα
1354 1075 1450 1130 καὶ
1468 1075 1717 1146 Emam-71;
1742 1074 1974 1147 ἀνάγκῃ,
2007 1072 2041 1145 ἢ

471 1159 702 1233 γνώμῃ;
755 1161 818 1214 Εἰ
849 1160 947 1232 μὲν
988 1160 1099 1232 γὰρ
1153 1160 1388 1231 ἀνάγκῃ,
1427 1159 1549 1213 ούδέ
1604 1158 1774 1220 οὕτως
1819 1156 2043 1228 ἔμελλεν

470 1243 687 1296 ἔσεσθαι
713 1243 934 1312 βελτίων
960 1260 977 1279 ο
996 1244 1171 1308 οὐδεὶς
1187 1242 1295 1314 γὰρ
1317 1242 1531 1314 ἀνάγκῃ
1555 1240 1765 1310 γίνεται
1794 1239 2039 1309 βελτίων·

471 1327 520 1379 εί
563 1325 621 1379 δὲ
661 1325 857 1399 γνώμῃ
892 1327 985 1380 καὶ
1029 1327 1381 1398 προαιρέσει,
1430 1326 1609 1379 πάντα
1663 1325 1926 1394 εἰσήγαγε
1972 1322 2043 1376 τὰ

471 1408 742 1478 δυνάμενα
800 1410 962 1463 αὐτὸν
1016 1411 1331 1479 ἀναγαγεῖν.
1385 1409 1449 1461 El
1502 1408 1559 1461 δέ
1627 1407 1701 1477 μὴ
1766 1405 2040 1477 ἠϐουλήθη

472 1490 723 1556 δέξασθαι
773 1493 979 1555 ἐκεῖνος
1028 1493 1097 1546 τά
1149 1493 1434 1562 φάρμακα,
1488 1490 1549 1543 οὐ
1596 1488 1689 1542 τοῦ
1749 1486 1933 1558 ἰατροῦ
1981 1487 2045 1540 τὸ

472 1573 742 1643 ἐγκλημα,
779 1574 914 1633 ἀλλὰ
944 1572 1035 1631 τοῦ
1066 1574 1167 1642 τὴν
1215 1572 1509 1644 θεραπείαν
1542 1571 1961 1642 διακρουομένου
2007 1571 2041 1641 ή

470 1657 793 1728 κατηγορία.
811 1657 997 1721 Θέλεις
1034 1657 1225 1726 μαθεῖν
1259 1656 1400 1710 πόσα
1428 1654 1703 1726 ἐποίησεν,
1722 1653 1861 1707 ὥστε
1880 1652 2042 1706 αὐτὸν

475 1739 912 1810 ἀνακτήσασθαις
961 1740 1302 1811 Ἐδωρήσατο
1346 1738 1497 1808 αὐτῷ
1547 1735 1720 1791 πολλά
1750 1735 2041 1805 θαύματα,

473 1825 732 1892 προεῖπεν
778 1822 929 1892 αὐτῷ
958 1823 1086 1893 περὶ
1121 1821 1223 1891 τῆς
1252 1820 1560 1892 προδοσίας,
1592 1820 1744 1873 οὐδὲν
1771 1818 2044 1873 ἐνέλειπεν

473 1898 548 1957 ὧν
574 1905 740 1976 ἐχρῆν
775 1907 854 1967 εἰς
881 1903 1126 1974 μαθητὴν
1158 1902 1543 1970 ἐπιδείξασθαι.
1574 1903 1684 1958 Καὶ
1712 1903 1798 1955 ἵνα
1830 1901 2043 1974 μάθῃς,

473 1986 555 2039 ὅτι
581 1985 800 2049 δυνατὸς
828 1986 903 2040 ῶν
929 1985 1323 2057 μεταϐαλέσθαι
1354 1985 1453 2039 οὐκ
1474 1984 1755 2056 ὴθέλησεν,
1787 1984 1925 2038 ἀλλά
1944 1985 2044 2054 τῆς

473 2068 637 2123 αὐτοῦ
668 2068 941 2140 ῥᾳθυμίας
982 2069 1043 2122 τὸ
1096 2069 1203 2122 πᾶν
1236 2068 1466 2136 ἐγένετο·
1511 2067 1698 2138 ἐπειδὴ
1728 2067 2044 2140 παρέδωκεν

473 2153 653 2219 αὐτὸν,
669 2155 760 2207 καὶ
774 2154 872 2226 τὴν
892 2155 1089 2224 μανίαν
1103 2150 1266 2205 αὐτοῦ
1284 2154 1364 2214 εἰς
1381 2152 1531 2215 τέλος
1551 2152 1777 2222 ἤγαγεν,
1796 2154 2046 2221 Ἔρῤιψε

474 2235 544 2290 τὰ
564 2235 891 2304 τριάκοντα
943 2236 1212 2304 ἀργύρια,
1267 2236 1480 2303 λέγων·
1529 2234 1823 2304 Ἥμαρτον
1856 2250 2043 2303 παραυ

473 2317 615 2384 δοὺς
636 2312 780 2388 αἷμα
807 2317 1018 2374 ἀθῶον.
1055 2316 1168 2387 Πρὸ
1193 2316 1380 2369 τούτου
1404 2317 1606 2385 ἔλεγες·
1635 2319 1696 2371 Τί
1716 2316 1919 2372 θέλετέ
1943 2334 2047 2387 μοι

472 2397 703 2465 δοῦναι,
960 2399 1102 2468 ὑμῖν
1157 2399 1491 2467 παραδώσω
1540 2401 1767 2463 αὺτόνς
1824 2400 2043 2472 Ἐπειδὴ

473 2482 726 2555 ἐτελέσθη
760 2485 795 2553 ή
826 2482 1091 2553 ἁμαρτία,
1128 2483 1248 2536 τότε
1274 2483 1417 2552 ἔγνω
1441 2484 1540 2555 τήν
1568 2484 1861 2554 ἁμαρτίαν.
1928 2484 2046 2535 Ἐν-

470 2565 661 2622 τεῦθεν
718 2566 1075 2637 μανθάνωμεν
1126 2567 1210 2620 ὅτι
1237 2605 1255 2630 ,
1308 2568 1435 2620 ὅταν
1496 2567 1864 2638 ρᾳθυμῶμεν,
1918 2564 2043 2619 οὔτε

471 2651 792 2723 παραίνεσις
818 2651 963 2721 ἡμᾶς
984 2649 1205 2719 ὠφελεῖ,
1224 2648 1346 2703 οὐτε
1364 2649 1612 2704 νουθεσία
1633 2666 1647 2680 ·
1666 2651 1792 2704 ὅταν
1807 2651 1863 2703 δὲ
1883 2667 2047 2704 σπου-

470 2734 740 2805 δάζωμεν,
769 2735 864 2787 καὶ
896 2735 1051 2787 αὐτοὶ
1078 2736 1170 2800 ἀφ’
1203 2733 1409 2787 ἑαυτῶν
1453 2734 1727 2806 δυνάμεθα
1755 2735 2046 2805 διαναστῆ-

471 2835 579 2874 ναι.
598 2818 879 2891 Ἐννόησον
904 2819 1031 2890 γάρ’
1062 2817 1190 2872 Ὅτε
1221 2816 1450 2889 παρῄνει
1480 2817 1659 2881 αὐτὸν,
1685 2819 1777 2872 καὶ
1805 2819 2049 2871 ἀνέστελ-

472 2904 564 2957 λεν
585 2902 747 2957 αὐτὸν
769 2904 868 2973 τῆς
894 2903 1074 2973 κακῆς
1102 2902 1513 2973 ἐπιχειρήσεως,
1534 2902 1633 2955 οὐκ
1657 2903 1888 2973 ἤκουσεν
1921 2903 2046 2957 οὔτε

473 2986 796 3051 κατεδέξατο
821 2986 918 3058 τὴν
940 2985 1220 3040 νουθεσίαν
1239 3003 1251 3016 ·
1292 2985 1381 3037 ὅτε
1413 2984 1470 3038 δὲ
1496 2984 1672 3048 οὐδεὶς
1695 2982 1762 3056 ἦν
1794 2988 1822 3039 6
1851 3003 2049 3056 παραι-

472 3070 600 3133 νῶν,
623 3070 684 3123 τὸ
714 3071 910 3125 οἰκεῖον
950 3069 1190 3132 συνειδὸς
1220 3067 1514 3138 ἐπανέστη,
1543 3070 1635 3121 καὶ
1655 3068 1868 3131 οὐδενὸς
1894 3069 2048 3134 ὄντος

472 3152 568 3205 τού
593 3151 933 3216 διδάσκοντος
955 3151 1302 3223 μετεϐάλετο,
1325 3150 1417 3204 καὶ
1443 3150 1634 3222 ἔρριψε
1666 3151 1735 3204 τὰ
1754 3151 2048 3223 τριάκοντα

474 3236 733 3308 ἀργύρια.
790 3238 1097 3304 Ἕστησαν
1138 3234 1269 3305 γὰρ,
1320 3232 1500 3300 αὐτῷ,
1543 3235 1693 3304 φησί,
1731 3236 2050 3304 τριάκοντα

473 3321 744 3390 ἀργύρια.
768 3320 946 3391 Τιμὴν
985 3318 1284 3374 κατέϐαλον
1315 3318 1547 3389 αἵματος
1578 3319 1742 3390 τιμὴν
1772 3321 1871 3374 οὐκ
1894 3319 2047 3390 έχον-

474 3420 584 3468 τος.
629 3404 695 3457 Τί
744 3403 1042 3475 λαμϐάνεις
1092 3403 1390 3474 τριάκοντα
1435 3402 1694 3473 ἀργύρια,
1746 3396 1793 3456 ὧ
1835 3405 2045 3470 Ἰούδας

474 3485 692 3557 Δωρεάν
714 3482 878 3557 ἦλθεν
899 3486 1039 3557 ὑπὲρ
1063 3484 1165 3556 τῆς
1194 3485 1519 3557 οἰκουμένης
1549 3487 1578 3539 6
1606 3486 1840 3557 Χριστὸς
1859 3489 2050 3559 ἐκχέαι

472 3568 537 3621 τὸ
567 3562 726 3637 αἷμα,
756 3569 897 3637 ὑπὲρ
926 3562 989 3622 οὗ
1030 3566 1299 3637 σύμφωνα
1331 3566 1425 3622 νῦν
1456 3572 1650 3632 ποιείς.
1712 3569 1777 3623 Τί
1826 3572 1934 3643 γὰρ
1979 3571 2048 3626 ἂν

475 3650 957 3721 ἀναισχυντότερον
980 3649 1075 3703 τοῦ
1103 3649 1544 3721 συναλλάγματος
1563 3651 1754 3704 τούτου
1774 3668 1790 3718 ;
1809 3655 1891 3718 τίς
1916 3653 2045 3721 είδε,

472 3733 559 3798 τίς
586 3732 784 3805 ἢκουσέ
818 3749 978 3799 ποτε;
1655 3761 1664 3770 -

543 3816 607 3873 δ’.
658 3816 798 3869 Ἀλλ’
835 3816 924 3870 ἵνα
958 3814 1219 3886 μάθωμεν
1253 3814 1353 3887 τὴν
1373 3814 1637 3889 διαφορὰν
1663 3816 1757 3872 τοῦ
1789 3820 2046 3892 προδότου

474 3901 570 3953 καὶ
612 3898 721 3953 τῶν
767 3898 1046 3971 μαθητῶν,
1083 3898 1435 3970 ἀκούσωμεν·
1484 3899 1702 3954 ἅπαντα
1749 3902 1858 3973 γάρ
1908 3905 2049 3973 μετά

470 3982 756 4057 ἀκριϐείας
777 3986 908 4057 ημῖν
928 3984 1194 4055 διηγεῖται
1220 3987 1248 4037 6
1270 3983 1682 4055 εὐαγγελιστής.
1697 3987 1824 4041 Ὅτε
1851 3990 2046 4057 ταῦτα,

474 4068 663 4138 φησὶν,
696 4069 944 4138 ἐγένετο,
1003 4069 1091 4122 ὅτε
1124 4069 1156 4139 ή
1190 4067 1448 4138 προδοσία
1482 4068 1868 4140 προεχώρησεν
1892 4112 1907 4137 ,
1958 4076 2046 4129 ὅτε

470 4151 756 4206 ἀπώλεσεν
806 4151 998 4206 ἐαυτὸν
1052 4152 1081 4205 6
1143 4149 1366 4215 Ἰούδας,
1420 4151 1509 4204 ὅτε
1556 4151 1655 4214 τὰς
1695 4156 2047 4228 παρανόμους

473 4234 689 4299 ἐκείνας
741 4234 1014 4305 συνθήκας
1070 4234 1382 4305 ἐποιήσατο,
1436 4234 1532 4287 καὶ
1581 4234 1792 4305 ἐζήτει,
1842 4242 2043 4311 φησὶν,

473 4317 779 4388 εὐκαιρίαν,
802 4317 889 4370 ῖνα
909 4316 1070 4370 αὐτὸν
1085 4315 1311 4387 παραδῷ
1324 4331 1337 4347 ⁸
1365 4317 1503 4371 Τότε
1517 4317 1870 4387 προσῆλθον
1885 4322 2047 4390 αὐτῷ

474 4406 529 4457 οι
554 4400 815 4471 μαθηταί
829 4399 1133 4471 λέγοντεςο
1157 4399 1279 4456 Ποῦ
1302 4398 1499 4465 θέλεις
1517 4400 1922 4472 ἑτοιμάσωμέν
1945 4423 2044 4463 σοι

471 4486 687 4557 φαγεῖν
712 4485 779 4540 τὸ
807 4485 1023 4553 Πάσχα
1035 4502 1065 4557 ;_
1084 4481 1237 4549 Εἶδες
1280 4484 1546 4555 μαθητάς,
1589 4481 1728 4549 εἶδες
1760 4487 2039 4562 μαθητήν;

485 4572 721 4633 Ἐκεῖνος
766 4570 895 4641 περ’(⁹
939 4570 1040 4641 τὴν
1070 4568 1360 4639 προδοσίαν
1393 4569 1693 4638 ἠσχολεῖτο,
1735 4566 1881 4627 οὗτοι
1914 4578 2043 4644 περὶ

469 4655 571 4724 τὴν
617 4653 923 4708 διακονίαν·
972 4655 1179 4717 ἐκεῖνος
1229 4651 1498 4722 σύμφωνα
1549 4653 1761 4719 ἐποίει,
1815 4658 1911 4711 καὶ
1945 4659 2041 4715 τοῦ

469 4735 703 4806 αἵματος
728 4737 821 4789 τοῦ
843 4733 1174 4790 Δεσποτικοῦ
1198 4734 1295 4805 τὴν
1317 4734 1481 4805 τιμήν
1504 4734 1803 4806 λαμϐάνειν
1829 4740 2044 4810 ἐπεχεί-

474 4834 581 4889 ρει,
614 4810 760 4871 οὗτοι
792 4820 920 4890 περὶ
939 4818 1037 4890 τὴν
1071 4816 1221 4889 [592]
1254 4817 1558 4889 ὑπηρεσίαν
1594 4822 2043 4891 παρασκευάζον-

470 4917 581 4954 ται.
633 4899 753 4953 Τῶν
810 4902 991 4957 αὐτῶν
1028 4901 1320 4973 θαυμάτων
1376 4903 1697 4975 ἀπήλαυσαν
1756 4906 1850 4958 καὶ
1888 4902 2043 4972 οὗτος

471 4985 735 5047 κάκεῖνοι,
764 4984 871 5037 τῶν
899 4986 1077 5039 αὐτῶν
1119 4986 1492 5057 διδαγμάτων·
1526 4987 1690 5042 πόθεν
1720 4984 1812 5042 οὖν
1850 4992 1882 5061 ή
1927 4992 2043 5046 διαι

471 5066 643 5138 φορά;
681 5065 813 5120 ’Λπὺ
831 5066 932 5135 τῆς
959 5068 1350 5139 προαιρέσεως.
1376 5068 1523 5139 Λῦτη
1556 5070 1700 5123 αἰτία
1728 5071 1837 5124 τῶν
1856 5074 2041 5131 κακῶν

470 5149 696 5205 καὶτῶν
731 5149 950 5218 ἀγαθῶν
983 5150 1211 5218 γίνεται.
1263 5152 1324 5205 Ἦ
1376 5153 1585 5222 ἑσπέρα
1616 5153 1753 5223 αὕτη
1784 5151 1871 5226 ἦν,
1918 5157 2040 5212 καθ’

467 5236 536 5306 ἢν
580 5235 629 5287 οί
664 5232 902 5304 μαθηταὶ
945 5233 1118 5288 ταῦτα
1169 5233 1373 5302 ἔλεγον.
1406 5234 1471 5288 Τί
1514 5238 1650 5298 ἐστι,
1689 5238 1813 5291 Ποῦ
1846 5240 2041 5309 θέλεις

467 5316 874 5385 ἑτοιμάσωμέν
904 5331 1003 5370 σοι
1032 5316 1247 5386 φαγεῖν
1277 5318 1339 5370 τὸ
1366 5318 1581 5388 Πάσχα
1605 5335 1624 5383 ;
1667 5321 2040 5389 Διδασκόμεθα

469 5399 734 5461 ἐντεῦθεν,
765 5402 846 5455 ὅτι
890 5402 991 5454 οὐκ
1025 5399 1169 5470 εἶχεν
1214 5398 1391 5453 οίκίαν
1423 5402 1813 5472 ἀφωρισμένην
1840 5406 1870 5456 6
1907 5407 2040 5476 Χρι-

470 5481 612 5544 στός-
663 5484 1035 5539 ’Δκουέτωσαν
1077 5485 1127 5537 οἰ
1176 5483 1273 5547 τάς
1329 5483 1587 5555 λαμπράς
1634 5486 1813 5549 οἰκίας
1837 5489 2041 5542 οἰκοδο-

473 5562 698 5628 μοῦντες
728 5568 822 5621 καὶ
844 5569 971 5631 τοὺς
993 5569 1237 5638 μακροὺς
1263 5566 1604 5638 περιϐόλους,
1629 5568 1710 5621 ὅτι
1735 5569 1764 5620 6
1793 5568 1920 5633 Υἱὸς
1943 5572 2036 5625 τού

474 5643 758 5711 ανθρώπου
796 5650 896 5704 οὐκ
926 5653 1036 5721 ἔχει
1072 5647 1173 5703 πού
1207 5650 1301 5721 τὴν
1335 5648 1578 5721 κεφαλὴν
1608 5651 1803 5708 κλῖναι.
1833 5654 1932 5708 Διά
1952 5672 2031 5709 τοι

1214 210 1273 272 8.
1302 210 1587 269 JOANNIS
1614 208 2101 269 CHRYSOSTOMI
2130 212 2448 274 ARCHIEP.
2488 210 3031 273 CONSTANTINOP.

3659 212 3759 268 3n

2150 329 2310 385 τοῦτο
2340 329 2589 398 λέγουσιν
2620 329 2769 399 αὐτῷ
2799 333 2849 386 οἰ
2880 328 3139 402 μαθηταί·
3186 325 3324 382 Ποῦ
3355 323 3577 390 θέλεις
3621 327 3759 381 ἑτι.»-

2141 413 2430 483 μάσωμέν
2456 430 2555 467 σοι
2585 413 2797 484 φαγεῖν
2820 415 2887 469 τὸ
2907 414 3156 483 Πάσχα;
3190 412 3366 464 Ποῖον
3400 410 3653 479 Πάσχα;
3684 413 3753 462 ΤΞ

2159 496 2483 560 Ἰουδαϊκὸν,
2516 495 2579 550 τὸ
2615 497 2709 550 ἀπ’
2739 497 3014 566 Αἰγύπτου
3058 496 3157 567 τὴν
3220 493 3416 565 ἀρχὴν
3472 493 3703 561 ἐσχηκός
3736 510 3753 521 ο

2145 578 2262 635 ἐκεῖ
2311 578 2418 650 γὰρ
2464 578 2561 650 τὴν
2611 578 2784 651 ἀρχὴν
2833 578 3179 633 ἐπετέλεσαν.
3216 576 3338 631 Καὶ
3382 575 3552 637 τίνος
3581 574 3757 626 Evam

2145 661 2383 716 ἐπιτελεῖ
2419 662 2552 715 αὐτὸ
2587 663 2615 714 6
2652 664 2918 733 Χριστός;
2972 662 3186 731 Ὠσπερ
3241 659 3445 712 πάντα
3506 656 3584 709 τά
3634 656 3761 709 ἄλλα

2147 745 2354 816 νόμιμα
2389 745 2730 817 ἐπλήρωσεν,
2762 745 2905 800 οὕτω
2954 746 3048 799 καὶ
3090 743 3273 798 τοῦτο.
3310 741 3423 795 Διά
3471 739 3647 793 τοῦτο
3669 742 3759 791 n';

2147 827 2283 898 πρὸς
2312 828 2404 881 τὸν
2450 828 2698 897 Ἰωάννην
2723 828 2933 897 ἔλεγεν
2974 829 3138 882 Οὕτω
3168 826 3281 896 γὰρ
3322 822 3588 892 πρέπον
3626 819 3757 891 ἡμῖν

2146 909 2274 964 ἐστι
2302 908 2618 979 πληρῶσαι
2644 909 2852 966 πᾶσαν
2892 911 3316 976 δικαιοσύνην.
3364 907 3452 960 υύ
3484 904 3675 957 τοίνυν
3700 912 3755 955 το

2147 992 2415 1064 ἡμέτερον
2448 995 2659 1065 Πάσχα,
2690 994 2826 1048 άλλά
2849 994 2911 1047 τὸ
2943 992 3231 1047 Ἰουδαϊκὸν
3252 989 3582 1061 ἑτοιμάσαι
3612 988 3751 1041 ἐϐού-

2146 1073 2297 1128 λοντο
2329 1077 2376 1129 οἱ
2410 1076 2665 1147 μαθηταί.
2695 1075 2870 1130 Τοῦτο
2909 1076 3007 1147 μέν
3032 1077 3140 1148 γάρ
3191 1074 3362 1128 αὐτοὶ
3414 1072 3749 1144 ἡτοίμασαν,

2145 1156 2206 1210 τὸ
2229 1156 2286 1210 δὲ
2314 1158 2579 1231 ἡμέτερον
2603 1158 2764 1222 αὐτὸς
2788 1159 3215 1228 παρεσκεύασεν,
3247 1157 3403 1211 ἀλλά
3461 1158 3573 1209 καὶ
3600 1154 3751 1219 αὐτδς

2146 1240 2338 1311 Πάσχα
2364 1240 2580 1308 ἐγένετο
2630 1240 2718 1294 διὰ
2767 1241 2862 1295 τοῦ
2908 1243 3089 1313 τιμίου
3136 1241 3378 1305 πάθους.
3454 1240 3630 1302 Τίνος
3667 1235 3749 1290 ὧι

2144 1322 2330 1376 ἐκενεν
2362 1323 2455 1376 ἐπὶ
2486 1324 2546 1377 τὸ
2574 1323 2744 1387 πάθος
2766 1326 2982 1396 ἔρχεται
3008 1341 3023 1390 ;
3055 1324 3175 1378 Ἵνα
3199 1326 3360 1393 ἡμᾶς
3388 1321 3747 1391 λυτρώσηται

2145 1406 2210 1458 ἐκ
2243 1405 2344 1475 τῆς
2388 1405 2631 1476 κατάρας
2669 1407 2763 1459 τοῦ
2798 1408 2982 1477 νόμου.
3016 1407 3107 1459 Διὸ
3154 1408 3249 1459 καὶ
3284 1405 3534 1468 Παῦλος
3592 1405 3744 1457 ἐϐόα’

2158 1486 2612 1552 Ἐξαπέστειλεν
2637 1492 2670 1543 ό
2699 1489 2842 1555 Θεὸς
2875 1489 2981 1542 τὸν
3015 1488 3150 1542 Υἱὸν
3178 1487 3381 1541 αὑτοῦ
3414 1490 3751 1556 γενόμενον

2144 1567 2214 1622 ἐκ
2238 1572 2539 1639 γυναικὸς,
2570 1574 2892 1641 ’γενόμενον
2918 1571 3038 1625 ὑπὸ
3068 1572 3278 1639 νόμον,
3302 1571 3424 1623 ἵνα
3462 1569 3627 1635 τοὺς
3649 1569 3751 1624 ὑπὸ

2144 1652 2333 1721 νόμον
2381 1653 2739 1723 ἐξαγοράσῃ.
2787 1655 2904 1708 Ίνα
2948 1651 3039 1707 οὖν
3092 1655 3163 1725 μή
3199 1670 3287 1716 τις
3321 1653 3505 1724 λέγῃ,
3554 1654 3643 1705 ὅτι
3679 1653 3754 1705 διὰ

2144 1735 2303 1789 τοῦτο
2334 1736 2591 1800 ἔπαυσεν,
2621 1737 2806 1808 ἐπειδὴ
2837 1737 3120 1809 πληρῶσαι
3152 1738 3319 1791 αὐτὸν
3349 1738 3468 1790 οὐκ
3496 1737 3753 1801 ἠδύνατο.

2144 1818 2220 1882 ὡς
2264 1821 2518 1891 φορτικὸν
2561 1824 2655 1874 καὶ
2694 1821 2907 1893 ἐπαχθῆ
2955 1822 3050 1875 καὶ
3111 1821 3623 1892 δυσκατόρθωτον,
3679 1822 3756 1873 διὰ

2145 1901 2303 1955 τοῦτο
2329 1902 2490 1956 αὐτὸν
2519 1903 2809 1974 πληρώσας
2839 1904 3070 1967 ἀπάντα,
3094 1906 3213 1958 τότε
3232 1904 3411 1957 αὐτὸν
3438 1904 3640 1956 ἔλυσε.
3666 1904 3755 1955 Διὰ

2146 1982 2303 2037 τοῦτο
2326 1986 2418 2038 καὶ
2447 1986 2638 2056 Πάσχα
2666 1986 2887 2057 ἐποίησε
2910 2004 2926 2019 ο
2957 1989 3120 2058 νόμου
3158 1987 3270 2059 γάρ
3299 1986 3623 2056 ἐπίταγμα
3664 1986 3754 2036 ai»

2150 2070 2263 2131 τοῖς
2307 2064 2375 2139 ἦν
2416 2069 2450 2140 ἡ
2481 2068 2577 2122 τοῦ
2606 2071 2797 2140 Πάσχα
2836 2071 3018 2144 ἐορτή.
3052 2072 3347 2124 Ἄκουσον·
3398 2069 3759 2140 Ἀγνώμονες

2149 2146 2288 2221 ἦσαν
2331 2153 2460 2223 περί
2483 2153 2575 2207 τὸν
2607 2153 2905 2226 εὐεργέτην
2941 2154 2990 2206 οἱ
3033 2153 3296 2216 Ἰουδαῖοι,
3331 2154 3443 2206 καὶ
3494 2154 3754 2222 παραυτά

2150 2235 2573 2292 ἐπελανθάνοντο
2604 2238 2698 2292 τοῦ
2747 2239 3057 2309 εὐεργέτου.
3090 2239 3200 2291 Καὶ
3232 2239 3323 2291 ἵνα
3365 2239 3572 2309 μάθῃς
3605 2239 3755 2307 ἀκρι-

2149 2317 2277 2385 ϐῶς,
2306 2320 2528 2391 ἐξῆλθον
2568 2321 2628 2386 ἐξ
2656 2321 2953 2390 Αἰγύπτου,
3006 2319 3263 2391 διέϐησαν
3308 2323 3421 2391 τὴν
3468 2320 3753 2391 Ἐρυθρὰν

2148 2400 2444 2469 θάλασσαν,
2495 2400 2633 2458 εἶδον
2662 2406 2832 2476 αὐτὴν
2865 2403 3244 2474 διαιρεθεῖσαν,
3280 2404 3385 2457 καὶ
3419 2404 3606 2457 πάλιν
3642 2420 3754 2455 συν-

2148 2488 2490 2559 απτομένην·
2540 2491 2633 2542 καὶ
2689 2493 2804 2560 μετ’
2836 2492 2899 2544 οὐ
2934 2489 3066 2542 πολὺ
3097 2488 3319 2557 λέγουσι
3374 2488 3463 2559 τῷ
3508 2486 3751 2558 ’Λαρών-

2147 2571 2417 2638 Ποίησον
2446 2571 2591 2639 ἡμῖν
2613 2573 2786 2638 θεοὺς
2817 2572 2874 2626 οἳ
2902 2573 3430 2640 προπορεύσονται
3456 2570 3669 2640 ἡμῶν.
3692 2570 3752 2619 Τί

2149 2652 2327 2720 λέγεις
2348 2694 2362 2719 ,
2387 2647 2432 2705 ὦ
2461 2654 2716 2726 ἀγνῶμον
2755 2655 2972 2708 Ἰουδαῖε
2992 2672 3007 2720 ;
3031 2651 3170 2719 εἶδες
3198 2654 3434 2707 τοιαῦτα
3456 2653 3751 2723 θαύματα.

2147 2739 2242 2790 καὶ
2273 2736 2539 2790 ἐπελάθου
2569 2738 2702 2790 Θεοῦ
2727 2737 2818 2790 τοῦ
2850 2737 3138 2808 τρέφοντάς
3191 2753 3273 2795 σε,
3304 2736 3408 2789 καὶ
3436 2736 3577 2789 οὔτε
3612 2737 3755 2805 μνή-

2151 2838 2262 2891 μην
2293 2823 2465 2884 ποιείς
2494 2819 2589 2872 τοῦ
2628 2820 2950 2891 εὐεργέτου;
2996 2821 3146 2873 Ἐπεὶ
3175 2817 3267 2873 οὖν
3298 2819 3757 2875 ἐπελανθάνοντο

2146 2901 2253 2956 τῶν
2288 2902 2614 2973 εὐεργεσιῶν
2645 2902 2830 2968 αὐτοῦ,
2877 2906 2940 2973 τῇ
2969 2903 3223 2957 ὑποθέσει
3250 2902 3364 2956 τῶν
3407 2902 3639 2973 ἑορτῶν
3672 2904 3761 2966 ἐγ·

2148 2984 2410 3053 κατέδησε
2457 2984 2568 3038 τῶν
2617 2985 2833 3056 δωρεῶν
2883 2985 2950 3039 τὰ
2999 2988 3367 3055 ὑπομνήματα
3398 2987 3429 3037 6
3460 2986 3634 3047 Θεὸς,
3670 2986 3759 3038 ἶνα

2150 3068 2244 3122 καὶ
2273 3068 2489 3131 ἑκόντες
2521 3068 2614 3121 καὶ
2640 3067 2863 3132 ἄκοντες
2891 3068 3109 3122 ἔναυλον
3140 3067 3305 3137 ἔχωσι
3343 3067 3448 3138 τὴν
3487 3068 3758 3138 μνήμην.

2149 3149 2253 3205 Καὶ
2272 3151 2468 3203 ἐκεῖνοι
2490 3152 2588 3221 μέν
2614 3150 2756 3204 οὕτω
2777 3167 2789 3182 ⁸
2814 3151 2904 3204 διὰ
2928 3151 3010 3215 τί;
3045 3151 3179 3212 ἰν’,
3197 3149 3345 3203 ὅταν
3372 3149 3757 3217 ἐπερωτήσει

2149 3249 2223 3287 σε
2253 3237 2285 3287 o'
2308 3235 2437 3299 υἱός
2465 3248 2604 3297 σου,
2638 3234 2702 3286 Τί
2732 3237 2847 3287 ἐστι
2872 3233 3048 3298 τοῦτο,
3077 3232 3272 3306 εἴπῃς,
3316 3233 3402 3286 ὅτι
3450 3230 3631 3284 τοῦτο
3654 3230 3759 3283 ’το-Ξ

2150 3317 2424 3388 προϐάτου
2451 3318 2513 3369 τὸ
2541 3314 2679 3388 αἷμα
2701 3319 2994 3389 ἐπέχρισαν
3027 3319 3144 3380 ταῖς
3180 3316 3364 3385 φλιαῖς
3390 3314 3506 3367 τῶν
3530 3314 3758 3386 θυρῶν,

2151 3403 2245 3454 καὶ
2284 3401 2537 3470 διέφυγον
2573 3402 2665 3455 τὸν
2700 3403 2929 3455 θάνατον
2969 3402 3028 3456 ὃν
3064 3403 3093 3454 6
3139 3400 3447 3472 ὀλοθρεύων
3478 3401 3761 3469 ἐπήγαγε

2149 3489 2262 3549 τοίς
2288 3486 2430 3539 κατά
2453 3486 2551 3557 τὴν
2574 3487 2849 3555 Λῖγυπτον
2874 3487 3044 3540 ἅπασι
3064 3503 3079 3517 ·
3098 3487 3192 3539 καὶ
3214 3484 3380 3537 διὰτὸ
3397 3479 3552 3553 αἷμα
3583 3483 3760 3536 τοῦτο

2106 3567 2110 3571 ’
2149 3571 2251 3623 οὐκ
2282 3572 2499 3641 ίσχυσεν
2544 3571 2868 3641 εἰσπηδῆσαι
2902 3571 2996 3623 καὶ
3022 3570 3120 3641 τὴν
3155 3569 3371 3639 πληγὴν
3402 3570 3754 3636 ἐπαγαγεῖν.

2163 3655 2393 3709 Ἐκεῖνοι
2421 3651 2515 3709 οὖν
2548 3655 2796 3718 ἄκοντες,
2823 3648 2926 3707 ὧδε
2960 3655 3018 3708 δὲ
3060 3652 3202 3706 ἐκὼν
3250 3652 3439 3706 θύεται
3468 3652 3752 3723 Χριστός.

2150 3738 2248 3792 Διά
2288 3738 2371 3804 τί;
2416 3737 2634 3810 Ἐπειδὴ
2668 3736 2837 3800 τύπος
2863 3733 2931 3808 ἦν
2976 3740 3151 3791 ἐκεῖνο
3194 3735 3288 3789 τοῦ
3326 3735 3748 3805 πνευματικοῦ.

2149 3822 2260 3874 Καὶ
2315 3820 2402 3874 ἵνα
2453 3821 2667 3895 μάθῃς,
2698 3821 2802 3892 δρα
2836 3822 2934 3892 ὅση
2971 3822 3003 3892 ή
3040 3820 3346 3888 συγγένεια’
3389 3819 3601 3888 Ἀμνὸς
3648 3818 3753 3870 καὶ

2149 3904 2337 3974 ἀμνὸς,
2380 3903 2493 3957 ἀλλ’
2531 3906 2560 3956 6
2600 3904 2699 3975 μὲν
2731 3904 2942 3973 ἄλογος,
2990 3907 3019 3957 6
3064 3903 3123 3957 δὲ
3163 3902 3404 3971 λογικός*
3455 3899 3749 3973 πρόϐατον

2150 3987 2245 4041 καὶ
2278 3986 2566 4058 πρόϐατον,
2610 3986 2737 4041 σκιά
2785 3988 2878 4040 καὶ
2935 3986 3163 4057 ἀλήθεια
3187 4001 3203 4017 ο
3231 3985 3346 4041 ἀλλ’
3379 3986 3669 4052 ἐπέφανεν
3711 3985 3748 4036 ὁ

2149 4069 2250 4139 τῆς
2282 4069 2630 4140 δικαιοσύνης
2670 4070 2841 4142 ἥλιος,
2881 4070 2976 4122 καὶ
3002 4072 3034 4140 ή
3072 4070 3198 4124 σκιά
3220 4069 3497 4123 πέπαυται
3525 4086 3541 4100 ·
3574 4068 3746 4137 ήλίου

2148 4154 2258 4226 γάρ
2286 4153 2437 4217 ὄντος
2493 4153 2795 4225 κρύπτεται
2823 4156 2858 4225 ή
2913 4154 3059 4207 σκιά.
3103 4152 3202 4207 Διά
3230 4152 3389 4206 τοῦτο
3422 4149 3606 4219 ἀμνὸς
3639 4151 3746 4203 καὶ

2148 4238 2206 4289 ἐν
2234 4239 2302 4306 τῇ
2335 4236 2585 4308 τραπέζῃ
2618 4239 2684 4307 τῇ
2750 4240 3009 4309 μυπικῇ,
3059 4237 3146 4291 ἵνα
3198 4234 3276 4306 τῷ
3319 4235 3515 4305 αἵματι
3558 4232 3743 4286 αὐτοῦ

2148 4319 2520 4391 ἀγιαζώμεθα.
2550 4319 2649 4373 Διά
2671 4320 2767 4374 τοῦ
2794 4332 2821 4361 ι
2855 4322 3004 4392 ήλίου
3028 4320 3272 4382 ἐλθόντος
3302 4318 3494 4389 λύχνος
3525 4319 3742 4386 μηκέτι

2147 4407 2414 4474 φαινέτω*
2467 4403 2627 4457 τύποι
2670 4405 2779 4474 γὰρ
2814 4401 2953 4477 ἦσαν
3003 4404 3113 4459 τῶν
3148 4404 3450 4475 μελλόντων
3499 4401 3575 4454 τά
3636 4418 3745 4469 γε-

2145 4492 2357 4558 γονότα.

2215 4573 2280 4627 ε’.
2304 4571 2489 4627 Ταῦτα
2512 4574 2652 4647 πρὸς
2687 4566 2971 4637 Ἰουδαίους
2992 4571 3156 4640 λέγω,
3189 4571 3276 4624 ινα
3301 4570 3376 4641 μὴ
3399 4569 3737 4634 ἀπατῶντες

2144 4657 2391 4720 ἑαυτοὺς,
2409 4658 2608 4712 δοκῶσι
2628 4658 2819 4728 Πάσχα
2830 4655 3122 4717 ἐπιτελεῖν,
3152 4654 3339 4725 ἐπειδὴ
3355 4653 3553 4726 γνώμῃ
3571 4655 3733 4727 [593}

2144 4741 2484 4813 ἀναισχύντῳ
2521 4744 2591 4798 τά
2617 4742 2801 4812 ἄζυμα
2853 4740 3315 4812 προλαμϐάνουσι,
3358 4739 3454 4793 καὶ
3482 4739 3735 4809 προϐάλ-

2144 4823 2323 4878 λονται
2367 4826 2581 4895 ἑορτὴν,
2632 4827 2682 4879 οἱ
2730 4825 2820 4879 ἀεὶ
2859 4824 3222 4896 ἀπερίτμητοι
3254 4826 3321 4894 τῇ
3369 4823 3597 4894 καρδίᾳ.
3633 4826 3732 4877 καὶ

2142 4912 2254 4973 τοῖς
2288 4909 2390 4961 ὠσὶ
2433 4908 2644 4981 βαρέως
2683 4908 2992 4972 ἀκούοντες.
3023 4908 3177 4975 Πῶς,
3208 4908 3333 4961 εἰπέ
3370 4925 3493 4976 μοι,
3529 4909 3731 4977 Πάσχα

2143 4992 2428 5058 ἐπιτελεῖς,
2460 4987 2504 5046 ὧ
2529 4993 2781 5060 Ἰουδαῖε;
2814 4994 2871 5046 ’0
2899 4993 3024 5055 ναὸς
3046 4992 3421 5047 κατέσκαπται
3444 5006 3457 5019 ·
3487 4992 3515 5044 6
3539 4991 3727 5061 βωμὸς

2144 5075 2432 5146 ἀνῄρηται,
2464 5075 2534 5130 τά
2556 5076 2721 5143 ’Ἅγια
2746 5074 2855 5129 τῶν
2879 5075 3051 5143 ἁγίων
3074 5074 3409 5143 πεπάτηται,
3440 5076 3597 5128 πᾶσα
3625 5074 3722 5128 θυ-

2144 5158 2235 5211 σία
2278 5159 2671 5213 καταλέλυται*
2715 5160 2859 5223 τίνος
2888 5155 2980 5213 οὖν
3021 5158 3206 5211 ἕνεκεν
3241 5157 3450 5228 τολμᾷς
3482 5174 3721 5229 παρανο-

2145 5244 2301 5312 μεῖν;
2347 5242 2616 5312 Ἀπῆλθές
2668 5260 2798 5295 ποτε
2833 5243 2914 5305 εἰς
2961 5241 3278 5302 Βαϐυλῶνα,
3338 5242 3581 5312 ἧκουσας
3611 5242 3714 5292 τῶν

2140 5327 2232 5395 αἰχ
2240 5327 2698 5395 μαλωτευσάντων
2713 5328 2857 5395 ὑμᾶς
2873 5326 3159 5393 λεγόντων,
3181 5326 3407 5394 νᾼσατε
3426 5326 3541 5391 τὴν
3555 5324 3714 5392 ᾠδὴν

2139 5409 2286 5475 ἡμῖν
2304 5411 2408 5462 τοῦ
2424 5411 2644 5477 Κιιρίου
2667 5428 2679 5440 ·
2701 5414 2794 5463 καὶ
2823 5411 2922 5463 οὐκ
2936 5410 3185 5479 ἠνέσχου.
3202 5411 3315 5462 Καὶ
3329 5409 3419 5463 διὰ
3447 5410 3501 5462 τί
3524 5410 3710 5474 ἔξωθεν

2151 5489 2410 5561 Ἰεροσολύ
2418 5509 2534 5560 μων
2551 5495 2722 5556 ποιεῖς
2736 5495 2797 5546 τὸ
2812 5494 3019 5563 Πάσχα;
3036 5493 3107 5547 Σὺ
3126 5487 3308 5555 εἶπας·
3327 5491 3464 5556 Πῶς
3477 5492 3706 5560 ᾄσωμευ·

2137 5574 2254 5643 τὴν
2275 5574 2441 5643 ᾠδὴν
2471 5574 2691 5645 Κυρίου
2726 5577 2825 5630 ἐπὶ
2856 5574 2967 5646 τῆς
2990 5576 3351 5643 ἀλλοτρίαςε
3388 5578 3500 5631 Καὶ
3547 5575 3708 5630 ταῦτα

2204 5667 2231 5696 ⁸
2257 5665 2403 5715 Forte
2423 5668 2501 5716 διὰ
2518 5666 2677 5716 τοῦτο.
2708 5669 2861 5718 Savil.
