3906 6224
175 361 292 418 387

176 496 342 548 tiam.
372 493 502 559 Quia
533 509 600 548 ne
647 494 725 548 sic
754 496 964 564 quidem
1015 499 1299 567 proditoris
1342 501 1716 572 impudentiam
1740 545 1754 572 ,

175 602 363 655 neque
395 587 656 656 ingratum
685 587 986 642 Judzeorum
1021 593 1252 646 animum
1294 594 1442 648 ﬁerit
1472 636 1486 659 ,
1532 597 1762 664 seipsum

177 677 392 739 tradit,
422 689 577 747 atque
607 679 731 732 dicit
761 698 773 732 :
807 681 1026 746 Quando
1052 684 1258 737 ostendi
1285 700 1380 740 eos
1411 685 1497 739 illa
1524 687 1757 756 aggredi,

171 783 308 835 qua:
336 767 508 823 facere
539 785 644 822 non
687 779 946 840 possent,
994 773 1133 826 volui
1181 789 1364 829 eorum
1411 779 1762 846 comprimere

173 856 462 911 furorem:
502 868 557 911 at
605 859 680 913 illi
731 861 916 915 nolunt
943 903 957 927 ,
1002 862 1095 918 sed
1137 865 1190 918 in
1234 866 1464 935 nequitia
1512 879 1761 936 perseve-

171 956 305 1000 rant
339 966 351 999 :
381 963 507 1002 ecce
530 949 789 1016 meipsum
820 952 988 1004 trado.

256 1038 379 1091 Non
409 1041 697 1094 necessitate
725 1043 905 1094 bonum
945 1059 1214 1110 aperamur
1233 1086 1249 1110 ,
1271 1042 1358 1099 sed
1386 1044 1657 1102 voluntate.
1690 1079 1762 1090 —

173 1128 310 1183 Haec
334 1130 453 1182 dicit
488 1131 668 1193 Vobis,
705 1147 770 1185 tte
807 1133 1038 1201 quipiam
1069 1134 1334 1188 Christum
1380 1148 1646 1201 accusent,
1676 1139 1758 1193 di-

169 1231 410 1289 cuntque
443 1240 454 1274 :
483 1224 585 1275 Cur
612 1239 715 1276 non
749 1227 968 1278 mutavit
992 1225 1178 1280 Judatn
1197 1228 1218 1279 ?
1238 1243 1334 1282 cur
1355 1245 1456 1282 non
1486 1231 1757 1285 meliorem

170 1313 329 1365 illum
361 1314 570 1367 eth-cit?
600 1318 666 1367 At
691 1317 956 1383 quomodo
982 1319 1213 1385 Oportuit
1235 1318 1421 1373 .Ittdam
1453 1331 1756 1388 temperan-

168 1415 284 1458 tem
322 1421 382 1458 ac
411 1408 628 1473 probum
673 1406 923 1461 efﬁcere?
959 1425 1026 1461 att
1056 1413 1402 1477 necessitate,
1440 1427 1508 1466 an
1537 1414 1758 1467 arbitrio

167 1511 275 1550 δυο
302 1497 321 1548 ?
348 1496 401 1550 Si
435 1496 748 1550 necessitate
768 1538 782 1560 ,
814 1515 984 1568 neque
1011 1501 1090 1553 sic
1133 1503 1319 1555 melior
1364 1504 1567 1556 futurus
1606 1514 1752 1567 erat;

166 1602 337 1640 nemo
362 1588 552 1656 quippe
590 1588 904 1644 necessitate
941 1593 1130 1645 melior
1154 1592 1416 1648 et'licitur:
1448 1595 1491 1648 si
1527 1611 1652 1648 vero
1691 1611 1754 1650 ex

165 1678 402 1731 arbitrio
427 1688 479 1732 et
510 1680 799 1746 voluntate,
826 1682 1005 1736 omnia
1033 1683 1235 1737 induxit
1262 1698 1346 1748 ea,
1371 1701 1486 1753 quae
1513 1696 1758 1756 poterant

163 1770 348 1836 ipsam
375 1769 438 1821 ad
476 1771 674 1839 frugem
703 1774 978 1827 reducere.
1009 1773 1160 1840 Quod
1191 1776 1236 1828 si
1272 1775 1360 1830 ille
1392 1777 1624 1831 remedia
1654 1794 1753 1832 no-

163 1859 272 1912 luit
300 1861 562 1928 accipere,
587 1877 688 1915 non
713 1864 970 1930 medicus,
995 1865 1086 1918 sed
1113 1864 1156 1919 is
1193 1866 1283 1934 qui
1320 1867 1636 1922 medicinam
1667 1884 1753 1923 re-

165 1951 352 2018 Spait,
396 1951 444 2003 itt
488 1952 640 2020 culpa
671 1961 768 2006 est.
805 1953 896 2008 Vis
923 1955 1056 2008 scire
1087 1965 1280 2024 quanta
1311 1956 1493 2011 fecerit
1536 1966 1590 2011 ul
1632 1973 1752 2012 eum

162 2040 490 2094 reduceret?
520 2043 679 2096 Multa
710 2044 963 2099 miracula
991 2055 1047 2099 ut
1079 2046 1273 2100 laceret
1303 2047 1480 2112 dedit,
1513 2050 1755 2116 prmdixit

162 2131 243 2184 illi
297 2147 358 2186 ea
385 2174 398 2196 ,
430 2149 546 2201 qu:e
585 2134 651 2187 ad
689 2135 1041 2204 proditionem
1073 2138 1407 2206 spectabant,
1451 2139 1583 2194 nihil
1612 2151 1755 2195 retro

161 2224 390 2291 reliquit
412 2239 617 2291 eorum,
642 2242 760 2294 quae
785 2242 881 2296 pro
912 2228 1168 2298 discipulo
1199 2228 1373 2285 facere
1404 2245 1498 2300 par
1527 2243 1659 2286 erat.
1688 2233 1755 2286 Et

161 2323 223 2365 ut
251 2313 429 2366 discas
455 2329 576 2366 eum
601 2355 615 2376 ,
655 2331 776 2372 cum
817 2318 1010 2372 mutari
1037 2328 1244 2387 posset,
1277 2320 1544 2386 noluisse,
1567 2320 1659 2376 sed
1689 2333 1748 2379 ex

159 2403 289 2470 ejus
315 2406 536 2472 segnitie
564 2415 729 2459 totum
771 2407 1028 2474 prodiisse
1053 2427 1064 2465 :
1097 2425 1216 2463 cum
1247 2410 1567 2478 prodidisset
1608 2426 1752 2478 eum,

161 2504 221 2548 et
253 2493 486 2550 furorem
531 2512 683 2550 suum
718 2498 783 2551 ad
816 2498 972 2551 ﬁnem
1013 2500 1353 2567 deduxisset,
1387 2503 1611 2573 I’rojecit
1657 2503 1749 2558 tri-

161 2586 312 2653 ginta
341 2596 595 2652 argenteos
623 2587 836 2652 dicens,
871 2586 1083 2642 Peccavi
1108 2591 1308 2644 tradens
1346 2593 1640 2661 sanguinem
1669 2593 1753 2656 iu-

160 2685 302 2726 stum
333 2674 541 2741 (Matth.
573 2677 659 2730 27.
690 2679 775 2747 5).
807 2681 976 2734 Antea
1013 2680 1224 2734 dicebas
1244 2721 1258 2744 ,
1293 2681 1424 2745 Quid
1455 2683 1599 2735 vultis
1629 2683 1754 2735 mihi

162 2767 294 2820 dare
317 2808 329 2826 ,
364 2778 408 2820 ct
451 2785 538 2838 ego
582 2771 714 2824 vobis
753 2773 948 2824 tradam
979 2773 1288 2829 eum?Cum
1328 2785 1751 2828 consummatum

164 2857 268 2910 luit
295 2868 731 2929 peccattun,tttnc
755 2871 1035 2927 peccatum
1054 2865 1282 2937 agnovit.
1314 2864 1442 2917 llinc
1471 2864 1754 2923 ediscimus

173 2970 280 3007 nos
307 2969 424 3006 cum
452 2958 683 3022 segniter
711 2959 933 3026 agimus,
959 2973 1127 3026 neque
1154 2955 1364 3010 hortatu
1388 2970 1558 3026 neque
1579 2957 1751 3009 moni-

170 3047 242 3100 tis
274 3047 444 3115 juvari
473 3063 486 3110 ;
515 3064 633 3102 cmn
666 3064 790 3102 vero
835 3049 1132 3116 diligenter,
1161 3063 1188 3099 a
1235 3047 1384 3101 nobis
1428 3047 1555 3116 ipsis
1599 3059 1753 3116 posse

165 3151 475 3203 resurgere.
508 3137 704 3191 Tecum
735 3140 875 3190 enim
905 3147 1086 3204 reputa
1117 3149 1237 3190 cum
1259 3178 1271 3199 ,
1298 3151 1416 3190 cum
1454 3136 1755 3190 hortaretur

165 3225 462 3283 Dominus.
493 3237 541 3279 et
575 3241 602 3278 a
645 3243 804 3293 pravo
846 3227 1076 3280 facinore
1110 3227 1435 3294 deterreret,
1467 3243 1571 3280 non
1606 3227 1756 3281 audi-

163 3318 316 3370 Vissc
345 3332 440 3368 nec
469 3315 811 3370 admonitioni
853 3318 1287 3385 obtemperasse;
1316 3334 1435 3372 cum
1466 3333 1592 3372 vero
1633 3318 1752 3371 nul—

167 3406 255 3459 lus
283 3406 594 3458 admoneret
618 3444 631 3467 ,
661 3421 722 3459 ex
758 3406 964 3474 propria
1006 3407 1326 3461 conscientia
1357 3408 1670 3472 surrexisse,
1699 3415 1754 3461 et

167 3498 389 3550 nemine
433 3497 656 3550 docente
696 3506 948 3552 mutatum
979 3513 1096 3552 esse
1122 3541 1136 3562 ,
1169 3508 1536 3568 tret'entosque
1564 3513 1754 3566 argen-

167 3597 290 3642 teos
322 3588 624 3655 projecisse.
652 3587 1056 3654 Constituerunt,
1090 3591 1286 3660 inquit,
1318 3593 1394 3645 illi
1427 3593 1634 3660 triginta
1668 3608 1751 3643 ar-

169 3690 374 3748 getttcos
409 3678 615 3748 (Matth.
645 3679 734 3732 26.
774 3680 880 3748 15).
909 3679 1140 3734 Pretium
1178 3683 1447 3751 sanguinis
1488 3682 1751 3750 deposue-

171 3780 299 3823 runt
328 3771 470 3822 nullo
490 3773 657 3838 pretio
679 3771 1115 3824 :cstimandi.Cur
1131 3773 1324 3840 accipis
1343 3773 1550 3839 triginta
1565 3787 1750 3840 argen-

169 3871 313 3923 teos,
330 3878 361 3911 o
379 3861 510 3914 Juda
527 3863 548 3914 ?
567 3861 742 3915 Gratis
762 3866 907 3915 venit
921 3861 1160 3915 Christus
1187 3878 1282 3931 pro
1301 3863 1427 3917 orbe
1445 3865 1751 3930 sanguinem

167 3951 454 4015 effusuras,
472 3969 564 4020 pro
581 3969 684 4020 quo
699 3961 750 4006 tu
776 3968 910 4007 nunc
935 3963 1081 4021 pacta
1098 3955 1302 4007 statuis.
1321 3955 1452 4022 Quid
1477 3957 1754 4025 impuden-

171 4042 280 4093 tius
303 4040 398 4093 hac
415 4043 785 4095 conventione?
807 4044 920 4111 quis
943 4043 1092 4106 vidit,
1113 4043 1230 4112 quis
1248 4044 1446 4098 audivit
1473 4043 1754 4113 umquam?

248 4133 300 4185 4.
345 4132 448 4186 Sed
479 4143 530 4186 ut
570 4135 835 4188 discamus
861 4137 998 4203 quod
1028 4137 1096 4188 sit
1121 4136 1403 4189 discrimen
1429 4138 1750 4205 proditorem

173 4223 318 4275 inter
342 4233 396 4275 et
422 4222 726 4290 discipulos,
758 4224 1036 4278 audiamus
1065 4243 1078 4277 :
1110 4227 1286 4279 omnia
1313 4228 1506 4296 quippe
1532 4227 1755 4296 diligen-

171 4323 258 4367 ter
291 4313 440 4365 nohis
468 4324 680 4367 enarrat
709 4317 1048 4382 evangelista.
1080 4317 1212 4370 Cum
1261 4318 1373 4372 hanc
1412 4319 1626 4382 ﬁerent,
1673 4320 1752 4373 in-

171 4406 326 4473 quit;
360 4418 478 4455 cum
509 4403 735 4471 proditio
773 4406 1118 4471 procederet,
1153 4423 1273 4461 cum
1317 4407 1478 4462 Judas
1522 4394 1752 4476 seipsum

172 4493 427 4561 perdidit,
461 4508 580 4546 cum
610 4493 782 4562 iniqua
823 4495 909 4548 illa
935 4507 1081 4564 pacta
1115 4498 1265 4560 fecit,
1305 4512 1424 4549 cum
1456 4507 1752 4567 quaereret,

177 4585 369 4654 inquit,
394 4586 861 4653 opportunitatem,
891 4598 947 4640 ut
973 4603 1091 4641 eum
1121 4589 1391 4642 traderet:
1420 4588 1559 4644 Tum:
1590 4607 1756 4644 acces-

169 4688 342 4732 serunt
372 4679 609 4744 discipuli
636 4679 745 4749 ejus
772 4679 1024 4732 dicentes:
1048 4679 1142 4732 (ibi
1162 4680 1233 4732 vis
1260 4697 1491 4749 paremus
1509 4681 1595 4733 tibi
1613 4697 1754 4734 com-

171 4769 320 4821 edere
378 4767 580 4822 Pascha
620 4773 637 4837 (
669 4768 852 4822 Matth.
885 4770 974 4823 ‘26.
1032 4771 1157 4838 t7)?
1197 4770 1383 4825 Vidisti
1427 4771 1752 4839 discipulos,

173 4858 350 4910 vidisti
381 4859 735 4927 discipulum?
764 4858 858 4913 llle
892 4860 1242 4928 proditionem
1264 4900 1280 4926 ,
1310 4860 1361 4914 hi
1403 4861 1750 4916 ministerium

174 4949 434 5004 curabant
459 4969 472 5004 :
505 4951 591 5006 ille
621 4961 767 5020 pacta
796 4951 960 5005 inibat
981 4961 1035 5006 et
1061 4951 1316 5005 Dominici
1340 4953 1608 5022 sanguinis
1635 4967 1754 5022 pre-

175 5040 303 5092 tium
330 5041 568 5108 accipere
594 5043 894 5112 satagebat,
924 5042 977 5096 hi
1021 5042 1086 5095 ad
1116 5042 1424 5096 famulatum
1455 5058 1512 5097 se
1550 5059 1754 5112 praepa-

175 5137 314 5182 rant.
341 5131 402 5183 Et
427 5131 510 5184 hic
535 5140 590 5186 et
619 5131 689 5184 illi
718 5131 902 5186 iisdem
931 5131 1198 5186 miraculis
1225 5131 1545 5196 claruerant,
1566 5133 1752 5186 eadem

174 5218 413 5272 doctrina
445 5222 627 5274 imbuti
658 5233 809 5276 erant
837 5240 849 5284 ;
880 5221 1144 5276 uttdeuam
1176 5237 1304 5290 ergo
1325 5222 1650 5276 discrimen?
1677 5224 1751 5277 Ex

175 5313 463 5366 Voluptate.
495 5313 619 5368 Haec
659 5325 713 5367 et
751 5314 1011 5368 malorum
1051 5323 1106 5368 et
1148 5313 1406 5367 bonorum
1448 5328 1605 5367 causa
1650 5325 1753 5370 est.

176 5393 406 5473 Vespera
455 5404 543 5459 illa
591 5415 862 5460 eratcum
889 5406 1130 5474 discipuli
1183 5406 1296 5460 hate
1337 5405 1596 5459 dicerent.
1618 5404 1754 5472 Quid

181 5493 311 5548 illud
339 5502 436 5559 est,
469 5493 565 5548 Ubi
587 5496 658 5548 vis
686 5512 919 5563 paremus
944 5496 1030 5550 tibi
1053 5496 1308 5550 comedere
1333 5495 1535 5548 Pascha
1558 5497 1583 5550 ἲ
1621 5495 1757 5550 Hinc

180 5586 464 5642 ediscimus
487 5603 592 5643 non
623 5597 817 5644 statum
837 5590 1159 5644 domicilium
1192 5589 1437 5644 habuisse
1460 5587 1752 5645 Christum.

179 5676 408 5732 Andiant
470 5680 558 5750 qui
611 5680 914 5749 splendidas
954 5690 1265 5736 construant
1313 5681 1518 5746 domos,
1546 5681 1754 5751 ampla-

174 5783 276 5838 que
325 5781 471 5843 septa
497 5813 512 5841 ,
539 5771 680 5844 quod
713 5771 886 5832 Filius
911 5773 1141 5831 hominis
1169 5787 1274 5830 non
1318 5773 1502 5830 habeat
1534 5772 1622 5829 ubi
1653 5787 1742 5828 ca-

1223 374 1306 428 DE
1351 375 1754 431 l'llOlilTlONE
1793 376 2007 434 JUDxE.
2053 380 2279 438 llOMlL.
2326 386 2388 440 ll.

3340 395 3444 453 388

1875 496 1965 554 put
2018 506 2170 544 suum
2223 493 2484 548 reclinet:
2521 495 2637 550 ideo
2666 498 2847 553 dicunt
2890 502 2938 556 ei
2984 501 3226 574 discipuli
3278 527 3291 562 :
3347 511 3443 564 [ibi

1869 581 1940 633 vis
1991 597 2220 650 paremus
2271 583 2358 637 tibi
2407 587 2662 642 comedere
2714 588 2913 644 Pascha
2933 594 2958 646 .’
3005 595 3156 661 Quod
3205 597 3444 653 Pascha?

1867 671 2183 740 Judaicum,
2239 676 2378 744 quod
2432 677 2483 731 in
2532 678 2760 751 ngypto
2823 683 3027 740 initium
3084 701 3382 758 sumpserat
3426 710 3440 744 :

1869 776 1988 814 nam
2035 763 2144 819 illic
2189 764 2340 820 initio
2387 768 2723 825 celebrarunt
2769 772 2918 827 illud.
2942 775 3118 846 Ecqua
3167 779 3235 833 de
3282 796 3442 837 causa

1865 851 1992 905 illud
2013 852 2253 910 Christus
2275 857 2548 914 celebrat?
2577 861 2642 916 Ut
2668 865 2843 917 omnia
2871 866 3053 936 legalia
3081 870 3337 940 implevit,
3366 877 3444 930 sic

1865 949 1922 994 et
1961 942 2120 996 istud.
2147 945 2268 1000 Ideo
2295 947 2484 1002 Joanni
2521 951 2729 1006 dicebat
2760 971 2773 1006 :
2805 953 2895 1009 Sic
2937 973 3028 1012 nos
3054 958 3194 1014 decet
3233 962 3444 1024 implch

1863 1047 2059 1086 omnem
2080 1037 2331 1104 justitiam
2357 1039 2375 1111 (
2405 1038 2587 1094 Matth.
2612 1043 2664 1099 3.
2698 1045 2826 1115 15).
2854 1045 2966 1102 Non
2995 1059 3232 1105 nostrum
3263 1053 3440 1122 igitur,

1863 1123 1959 1177 sed
1987 1123 2260 1182 Judaicum
2293 1129 2494 1186 Pascha
2524 1149 2713 1204 parare
2739 1137 2987 1194 volebant
3013 1141 3272 1211 discipuli.
3305 1145 3437 1200 Nam

1864 1212 1988 1268 illud
2019 1215 2259 1285 discipuli
2306 1233 2592 1290 pararunt,
2625 1241 2864 1283 nostrum
2913 1246 3040 1286 vero
3077 1234 3279 1291 Pascha
3324 1239 3440 1306 ipso

1863 1311 2194 1375 prarparavit,
2226 1311 2332 1366 imo
2362 1314 2476 1384 ipse
2500 1316 2701 1372 Pascha
2731 1336 2826 1389 per
2852 1326 3207 1380 venerandam
3239 1331 3439 1398 passim

1861 1411 1982 1449 nem
2009 1413 2156 1453 suam
2185 1401 2403 1458 ell'ectus
2429 1415 2531 1460 est.
2560 1408 2665 1462 Cttr
2702 1426 2830 1480 ergo
2855 1413 2920 1466 ad
2948 1417 3246 1484 passionem
3276 1434 3434 1476 acce-

1859 1485 1978 1539 dit?
2012 1487 2077 1542 Ut
2103 1506 2199 1545 nos
2226 1492 2504 1549 redimeret
2536 1513 2566 1550 a
2595 1500 2877 1556 maledicto
2907 1505 3054 1574 legis.
3083 1507 3436 1573 Quamobrem

1863 1576 2054 1633 Paulus
2073 1580 2332 1638 clamabat
2357 1602 2371 1637 ;
2402 1583 2545 1640 Misit
2583 1588 2720 1644 Deus
2747 1590 2940 1647 Filium
2967 1613 3134 1659 suum,
3162 1601 3354 1669 factum
3376 1617 3440 1656 es

1861 1669 2087 1734 muliere,
2117 1673 2307 1741 factum
2330 1676 2423 1728 sub
2452 1676 2578 1746 lege,
2611 1689 2666 1732 ut
2690 1697 2775 1735 eos
2797 1684 2882 1752 qui
2910 1686 3002 1737 sub
3038 1687 3144 1756 lege
3176 1699 3318 1742 erant
3354 1707 3437 1743 re-

1859 1759 2066 1812 dimeret
2093 1759 2286 1831 (Galat.
2313 1765 2367 1819 4.
2397 1767 2448 1821 4.
2477 1768 2553 1836 5).
2584 1769 2659 1823 Ne
2679 1772 2797 1840 quis
2823 1789 2951 1843 ergo
2973 1775 3193 1844 diceret,
3225 1779 3346 1834 ideo
3371 1780 3436 1834 il-

1861 1848 1964 1902 laut
1992 1851 2274 1921 abrogasse
2299 1895 2314 1920 ,
2344 1858 2466 1926 quia
2498 1859 2644 1914 illam
2681 1861 2901 1930 implere
2940 1880 3045 1919 non
3076 1877 3321 1934 poterat,
3355 1878 3439 1924 ut-

1860 1951 1983 2008 pote
2009 1957 2248 2010 gravem,
2280 1960 2560 2003 onerosam
2587 1960 2641 2006 et
2667 1950 2972 2016 difficilem;
3002 1954 3120 2010 ideo
3145 1971 3265 2011 cum
3293 1957 3440 2014 illam

1859 2038 2021 2085 totam
2070 2033 2430 2104 implevisset,
2465 2048 2587 2095 tunc
2629 2042 2794 2111 ipsam
2823 2044 2998 2099 solvit.
3032 2045 3231 2101 Idcirco
3259 2057 3313 2103 et
3341 2049 3440 2104 Pa-

1858 2123 1982 2176 scha
2015 2123 2140 2179 fecit
2167 2144 2178 2179 :
2210 2125 2338 2197 legis
2365 2131 2504 2184 enim
2553 2134 2858 2189 mandatum
2906 2137 3035 2204 ipsis
3067 2147 3182 2192 erat
3222 2140 3438 2196 Pascha)

1857 2215 2186 2270 soletnnitas.
2207 2219 2360 2273 Audi.
2385 2220 2574 2290 Ingrati
2598 2239 2722 2294 erga
2747 2225 3045 2282 beneﬁcum
3067 2239 3220 2283 erant
3242 2229 3434 2295 Judaei,

1855 2307 2146 2375 statimque
2184 2310 2403 2366 beneﬁci
2430 2312 2895 2371 obliviscebantur.
2927 2318 3089 2388 quue
3118 2329 3175 2374 ut
3191 2333 3437 2378 accurato

1856 2393 2030 2450 discas
2057 2412 2072 2448 :
2107 2399 2305 2467 egressi
2333 2410 2459 2455 sunt
2486 2416 2552 2457 ex
2565 2400 3249 2473 Egyptomtareltubrum
3269 2418 3446 2466 trans-

1853 2485 2068 2554 ierunt,
2102 2491 2282 2561 ipsum
2331 2491 2576 2546 viderunt
2627 2492 2850 2548 scissum
2875 2533 2890 2558 ,
2931 2509 3220 2564 rursusque
3259 2497 3436 2552 coale-

1855 2591 2012 2631 scens
2053 2597 2066 2631 :
2103 2595 2200 2633 nec
2249 2581 2415 2636 multo
2452 2582 2634 2652 elapso
2677 2592 2916 2653 tempore
2964 2585 3148 2640 dicunt
3191 2585 3433 2641 Aaroni:

1856 2669 1966 2722 Fac
1994 2671 2134 2725 nobis
2165 2672 2303 2738 deos,
2334 2673 2419 2743 qui
2447 2675 2733 2744 praecedant
2756 2693 2847 2730 nos
2873 2676 3068 2746 (Exod.
3093 2678 3182 2732 52.
3202 2677 3276 2742 l).
3299 2678 3436 2744 Quid

1855 2759 2013 2824 dicis,
2051 2762 2252 2832 ingrate
2288 2763 2518 2820 Iudaee?
2548 2775 2623 2820 tot
2649 2767 2836 2822 taliave
2865 2768 3114 2822 miracula
3147 2768 3352 2830 vidisti,
3385 2778 3438 2824 et

1855 2854 2048 2908 oblitus
2070 2870 2127 2910 es
2155 2856 2271 2922 Dei,
2288 2858 2378 2928 qui
2401 2866 2454 2914 te
2475 2859 2658 2924 nutrit,
2681 2875 2853 2930 neque
2874 2860 3096 2915 beneﬁci
3116 2863 3436 2917 mentionem

1860 2942 2029 2998 facis?
2054 2945 2183 3011 Quia
2216 2947 2376 3016 igitur
2405 2948 2854 3005 obliviscebantur
2877 2949 3252 3004 beneliciorum
3283 2948 3397 3018 ejus
3419 2989 3436 3015 ,

1857 3033 2198 3088 lestivitatum
2221 3048 2532 3105 argumento
2547 3039 2689 3094 Deus
2703 3039 2961 3094 donorum
2979 3039 3439 3094 commemoratio-

1857 3139 1978 3177 nem
2009 3124 2310 3190 adstrinxit,
2331 3136 2388 3180 ut
2416 3128 2579 3181 velint
2607 3129 2775 3182 nolint
2801 3139 3104 3184 manentem
3127 3129 3439 3185 memoriam

1857 3215 2102 3270 habeant.
2137 3217 2205 3270 Et
2234 3219 2305 3272 illi
2335 3219 2546 3286 quidem
2587 3220 2664 3274 sic
2696 3237 2708 3272 :
2741 3221 2943 3290 quare?
2977 3221 3041 3276 Ut
3067 3238 3182 3274 cum
3219 3223 3439 3276 interro-

1856 3308 2045 3376 gaverit
2075 3317 2120 3361 te
2145 3309 2284 3376 [ilius
2315 3317 2426 3363 tuus
2447 3350 2462 3374 ,
2485 3310 2621 3377 Quid
2651 3321 2734 3365 est
2775 3311 2912 3364 hoc?
2939 3311 3083 3366 dicas
3111 3327 3124 3361 :
3157 3310 3288 3378 Quia
3318 3314 3438 3381 agni

1858 3398 2014 3467 hujus
2050 3399 2304 3468 sanguine
2339 3399 2616 3468 januarum
2654 3401 2831 3453 limina
2863 3409 3154 3463 unxerunt,
3186 3411 3440 3457 mortem-

1855 3505 1961 3559 que
2025 3490 2355 3559 effugerunt,
2410 3507 2567 3560 quam
2617 3502 2852 3546 vastator
2907 3493 3125 3562 angelus
3175 3491 3440 3564 Egyptiis

1857 3581 2103 3634 omnibus
2147 3579 2323 3634 intulit
2361 3595 2376 3632 :
2424 3591 2744 3652 propterque
2788 3581 2929 3636 hunc
2978 3583 3285 3652 sanguinem
3334 3598 3439 3637 non

1856 3674 2026 3743 potuit
2065 3674 2268 3728 irruere
2297 3682 2351 3728 et
2390 3673 2592 3743 plagam
2643 3675 2898 3744 inﬂigere.
2928 3673 3004 3728 Illi
3049 3675 3226 3744 itaque
3255 3675 3438 3737 inviti,

1857 3763 1944 3817 hic
1991 3779 2119 3817 vero
2159 3765 2346 3818 lubens
2390 3763 2633 3818 Christus
2681 3766 3000 3819 immolatur.
3035 3766 3257 3834 Quare?
3307 3767 3442 3832 Quia

1856 3848 1983 3907 illud
2011 3865 2119 3908 erat
2139 3855 2301 3923 ﬁgura
2324 3854 2613 3922 spiritualis
2628 3854 2920 3908 Pascbatis.
2945 3854 3010 3908 Ut
3034 3856 3084 3908 id
3103 3871 3228 3908 vero
3245 3856 3440 3919 discas,

1858 3947 1978 4000 vide
1998 3955 2192 4015 quanta
2211 3945 2280 3999 sit
2307 3945 2560 4002 afﬁnitas.
2575 3947 2757 4014 Agnus
2784 3955 2836 3998 et
2854 3958 3052 4014 agnus;
3081 3945 3173 3998 sed
3197 3945 3283 3998 ille
3313 3945 3442 3998 irra-

1860 4037 2088 4102 tionalis,
2119 4037 2204 4092 hic
2229 4037 2500 4093 rationalis
2525 4054 2538 4091 :
2569 4037 2682 4091 ovis
2707 4045 2760 4092 et
2785 4037 2918 4100 ovis,
2939 4035 3123 4089 umbra
3143 4044 3197 4091 et
3213 4037 3440 4100 veritas;

1857 4128 1952 4183 sed
1979 4129 2215 4198 apparuit
2247 4129 2336 4184 Sol
2361 4128 2579 4198 justitia:
2598 4169 2614 4195 ,
2641 4139 2694 4184 et
2721 4128 2906 4182 umbra
2932 4127 3158 4182 cessavit
3187 4144 3202 4182 :
3231 4127 3444 4183 lucente

1857 4237 2087 4290 namque
2124 4223 2269 4287 sole,
2300 4221 2507 4291 fugatur
2553 4222 2758 4276 umbra.
2791 4220 3020 4291 Ideoque
3072 4236 3241 4290 agnus
3282 4221 3443 4275 etiam

1859 4313 1912 4366 in
1963 4329 2146 4368 mensa
2195 4315 2519 4385 mystica,ut
2546 4315 2802 4384 sanguine
2843 4313 2983 4368 illius
3025 4313 3442 4369 sanctiﬁcenmr.

1859 4405 2214 4471 Quamobrem
2239 4405 2527 4461 accedente
2555 4405 2699 4468 sole,
2732 4406 2946 4460 lucerna
2985 4421 3090 4459 non
3119 4405 3254 4460 ultra
3282 4421 3444 4474 appa-

1859 4506 1976 4550 reat
1998 4515 2010 4550 :
2033 4513 2154 4551 nam
2179 4512 2296 4565 quae
2313 4505 2422 4550 tum
2453 4497 2587 4550 facta
2609 4506 2733 4550 sunt
2750 4496 2930 4566 ﬁgura:
2953 4505 3106 4552 erant
3123 4498 3439 4550 futurorum.

1935 4587 1990 4641 5.
2014 4588 2200 4642 Contra
2221 4585 2453 4642 Judwos.
2493 4586 2615 4642 Vide
2642 4589 2695 4641 in
2725 4587 2963 4642 Hontiliis
3008 4597 3184 4642 contra
3218 4587 3440 4654 eosdem,

1865 4675 1928 4730 Τ.
1959 4677 2109 4730 1.-
2153 4676 2278 4731 Haec
2323 4675 2524 4732 Judazis
2568 4677 2723 4743 dico,
2770 4692 2838 4732 ne
2881 4677 3085 4745 seipsos
3113 4677 3442 4747 decipiemus

1862 4776 2048 4837 putent
2087 4783 2145 4823 se
2172 4768 2372 4823 Pascha
2403 4769 2677 4824 celebrare
2704 4786 2720 4835 ;
2750 4770 2870 4838 quia
2900 4767 3192 4838 impudenti
3220 4769 3444 4824 consilio

1861 4875 2045 4929 azyma
2071 4861 2315 4928 accipere
2345 4869 2665 4929 prtevcrtunt
2683 4901 2698 4925 ,
2729 4868 2781 4914 et
2810 4859 3001 4914 festum
3032 4859 3324 4928 objiciunt,
3353 4861 3444 4930 qui

1863 4963 2075 5018 semper
2120 4949 2470 5003 incircumcisi
2500 4958 2624 5003 sunt
2652 4949 2844 5016 corde,
2874 4957 2928 5004 et
2953 4950 3171 5005 auribus
3210 4951 3444 5021 graviter

1859 5042 2097 5095 audiunt.
2118 5041 2416 5109 Quomodo,
2439 5057 2639 5112 quaeso,
2670 5041 2869 5096 Pascha
2895 5042 3153 5110 celebras,
3178 5057 3210 5097 o
3226 5041 3443 5098 Judzee?

1862 5130 2139 5200 Templum
2169 5131 2284 5186 solo
2311 5141 2574 5202 aequatum
2603 5140 2706 5197 est,
2735 5131 2902 5187 altare
2927 5133 3192 5187 sublatum
3214 5173 3228 5197 ,
3257 5140 3439 5186 sancta

1860 5231 2161 5277 sanctorum
2209 5223 2547 5287 conculcata,
2597 5238 2756 5276 omne
2799 5222 3117 5277 sacrilicium
3165 5221 3436 5274 solutum:

1859 5329 1957 5369 cur
1983 5329 2112 5385 ergo
2143 5315 2474 5384 praevaricari
2500 5313 2703 5370 audes?
2730 5315 2920 5370 Abiisti
2950 5313 3232 5384 aliquando
3263 5312 3438 5384 Babyo

1861 5405 2037 5460 lonem
2061 5446 2074 5467 ,
2107 5405 2298 5460 audisti
2328 5421 2421 5460 eos
2449 5405 2537 5474 qui
2571 5407 2812 5476 captivos
2840 5404 3102 5459 duxerant
3130 5419 3224 5458 vos
3251 5403 3437 5458 dicen-

1860 5503 1976 5562 tes,
2019 5495 2229 5550 Cantate
2256 5497 2396 5550 nobis
2437 5497 2686 5551 canticum
2730 5494 2936 5547 Domini
2977 5493 3165 5564 (Psal.
3191 5493 3314 5548 156.
3341 5493 3436 5565 ὅ),

1857 5595 1914 5642 et
1959 5604 2063 5642 non
2115 5587 2297 5642 tulisti.
2350 5588 2419 5643 Et
2463 5605 2558 5644 cur
2605 5596 2755 5642 extra
2799 5585 3185 5655 Jerosolymam
3232 5584 3435 5641 Pascha

1856 5679 2129 5741 celebras,
2174 5679 2261 5749 qui
2302 5679 2501 5747 dixisti,
2545 5677 2806 5746 Quomodo
2845 5675 3156 5731 cantabimus
3183 5678 3435 5732 canticum

1862 5771 2069 5828 Domini
2097 5773 2150 5828 in
2174 5782 2307 5829 terra
2333 5773 2496 5829 aliena
2523 5770 2683 5843 (Ibid.
2712 5787 2759 5826 tt.
2784 5770 2817 5827 5
2834 5769 2893 5843 )?
2919 5771 2984 5827 Et
3011 5769 3124 5829 haec
3153 5769 3430 5829 declarans
