3862 6232
502 361 609 419 589

502 477 687 535 bellus
715 475 875 531 David
910 476 1116 531 dicebat
1147 493 1159 527 :
1189 473 1355 544 Super
1392 475 1579 544 ﬂumen
1618 471 1924 544 Babylonis,
1979 472 2084 526 illic

501 569 723 624 sedimus
747 578 793 622 et
835 568 1063 634 fleuimus
1093 582 1110 619 .'
1134 566 1186 619 in
1209 565 1446 619 salicibus
1472 566 1525 617 in
1550 564 1712 617 ntedio
1743 565 1851 634 cjus
1875 579 2084 633 suspen-

502 662 671 716 dimus
690 678 879 733 organa
899 670 1070 714 nostra
1090 657 1244 730 (Psal
1251 659 1424 714 .156.1
1438 657 1534 730 .2);
1560 658 1610 712 id
1636 667 1736 722 est,
1756 659 2080 728 psalterium,

501 755 774 827 cytharam
795 795 810 815 .
858 755 1024 825 lyram
1056 769 1068 805 :
1106 754 1188 807 his
1216 755 1357 806 enim
1401 752 1528 806 olim
1575 752 1855 806 utebantur
1875 792 1890 816 ,
1921 761 1975 804 et
2003 749 2084 803 his

503 846 738 915 psalmos
763 845 1045 899 canebant.
1079 842 1196 897 Illic
1225 845 1394 909 enim,
1425 842 1626 912 inquit,
1655 843 2084 911 interrogaverunt

501 955 614 1003 nos,
641 937 727 1008 qui
753 937 978 1008 captivos
1007 937 1260 991 duxerunt
1287 953 1398 1000 nos,
1432 936 1578 990 verba
1603 936 1892 989 cantionum
1921 933 2077 1005 (Ibid.

499 1048 546 1083 r.
577 1028 666 1100 5).
715 1029 784 1084 Et
826 1029 1058 1084 diximus
1101 1047 1113 1082 :
1162 1023 1426 1094 Quomodo
1471 1027 1785 1081 cantabimus
1831 1028 2082 1080 canticum

502 1122 709 1176 Domini
731 1123 785 1177 in
815 1134 948 1176 terra
972 1123 1178 1176 aliena?
1204 1122 1356 1188 Quid,
1387 1135 1588 1189 quaeso,
1616 1120 1788 1175 dicis?
1817 1119 2079 1174 canticum

501 1214 712 1268 Domini
745 1230 850 1268 non
893 1226 1080 1268 cantas
1117 1215 1168 1267 in
1213 1223 1353 1268 terra
1383 1212 1584 1277 aliena,
1628 1219 1685 1265 et
1713 1211 1909 1266 Pascha
1938 1210 2080 1264 cele-

499 1306 622 1359 bras
652 1306 703 1358 in
747 1315 885 1358 terra
914 1304 1118 1359 aliena?
1143 1303 1326 1358 Viden’
1356 1303 1715 1373 stupiditatem
1737 1301 2080 1357 Judzrorum?

497 1395 631 1450 Cum
659 1395 884 1450 aderant
913 1395 1110 1449 inimici
1141 1394 1230 1464 qui
1268 1401 1553 1463 cogerent,
1587 1408 1653 1446 ne
1680 1391 1938 1461 psalmum
1963 1389 2079 1459 qui-

498 1489 620 1542 dem
667 1488 892 1542 recitare
919 1487 1169 1542 volebant
1209 1487 1261 1540 in
1307 1495 1447 1540 terra
1487 1486 1656 1539 aliena
1687 1502 1700 1537 :
1728 1494 1780 1538 et
1819 1499 1958 1538 nunc
1985 1498 2079 1538 sua

497 1589 720 1647 sponte,
749 1580 960 1633 nemine
986 1587 1210 1648 cogente
1231 1617 1244 1641 ,
1281 1577 1479 1631 bellum
1511 1574 1744 1629 inferunt
1774 1576 1900 1628 Deo.
1941 1574 2079 1640 Qua-

499 1678 716 1739 prOpter
762 1669 949 1724 beatus
988 1669 1290 1738 Stephanus
1328 1668 1538 1723 dicebat
1577 1667 1722 1720 illis:
1760 1665 1860 1719 Vos
1888 1681 2080 1735 semper

499 1760 724 1830 Spiritui
757 1771 932 1815 sancto
970 1761 1198 1814 resistitis
1222 1759 1360 1829 (Act.
1385 1759 1436 1812 7.
1459 1755 1572 1829 51).
1602 1756 1761 1812 Vides
1789 1771 1944 1827 quam
1975 1756 2078 1810 im-

500 1868 628 1920 pura
657 1852 764 1906 sint
798 1867 980 1922 azyma
1004 1893 1019 1918 ,
1065 1866 1223 1922 quam
1255 1851 1488 1919 iniquum
1514 1849 1815 1903 Judteorum
1846 1845 2079 1900 festum?

497 1941 628 1996 Erat
657 1943 784 1997 olim
812 1944 1016 1997 Pascha
1043 1943 1341 2008 Judaicum,
1381 1942 1472 1995 sed
1501 1941 1732 1996 solutum
1763 1948 1864 1994 est.
1904 1939 2075 2003 Tunc,

498 2034 692 2104 inquit,
723 2035 892 2100 Jesus,
925 2033 1339 2088 manducantibus
1369 2033 1472 2086 illis
1495 2041 1550 2086 et
1573 2030 1876 2085 bibentibus
1898 2072 1912 2096 ,
1940 2030 2076 2082 acci-

497 2131 639 2198 piens
668 2145 848 2198 panem
895 2129 948 2181 in
979 2136 1190 2180 sanctas
1230 2135 1284 2180 et
1317 2125 1662 2178 intemeratas
1705 2136 1895 2175 manus
1931 2136 2073 2186 suas,

493 2223 685 2293 gratias
711 2238 863 2292 agens
893 2221 1076 2291 fregit,
1109 2219 1330 2288 dixitque
1373 2215 1636 2286 discipulis
1679 2215 1780 2268 suis
1811 2229 1829 2266 :
1856 2213 2078 2282 Accipite

493 2325 540 2366 et
571 2313 870 2365 manducate
896 2326 914 2364 :
940 2310 1035 2363 ltoc
1063 2319 1135 2362 est
1164 2324 1347 2377 corpus
1375 2322 1538 2359 meum
1577 2302 1800 2374 (Matth.
1824 2302 1914 2356 26.
1945 2301 2014 2355 96
2035 2304 2073 2371 ),

496 2403 638 2474 quod
672 2419 767 2472 pro
807 2402 958 2456 vobis
1000 2411 1053 2455 et
1093 2400 1272 2454 multis
1316 2397 1573 2467 frangitur
1613 2395 1667 2449 in
1711 2394 2075 2449 remissionem

492 2504 855 2568 peccatorum.
904 2493 971 2547 Et
1012 2494 1219 2547 calicem
1264 2504 1476 2545 rursum
1519 2487 1806 2558 accipiens,
1838 2484 1975 2538 dedit
2007 2485 2077 2538 eis

491 2590 665 2643 dicens
694 2604 712 2642 :
741 2587 841 2640 llic
871 2597 942 2640 est
969 2585 1174 2655 sanguis
1213 2600 1351 2638 meus
1392 2582 1476 2652 qui
1507 2598 1599 2652 pro
1638 2579 1774 2634 vobis
1799 2578 2077 2645 e/funditur

490 2683 544 2733 in
568 2680 905 2734 remissionem
934 2686 1251 2748 peccatorum
1275 2673 1324 2747 (1
1332 2674 1434 2727 bid.
1454 2689 1501 2727 υ.
1521 2672 1612 2725 27.
1629 2669 1744 2743 28).
1775 2671 2075 2738 Aderatque

489 2773 655 2829 Judas
676 2814 692 2840 ,
737 2787 857 2826 cum
888 2771 1002 2825 lucc
1041 2771 1242 2826 diceret
1273 2769 1546 2822 Dominus.
1590 2765 1687 2819 Hic
1728 2773 1808 2820 est
1837 2764 2072 2833 sanguis,

491 2883 525 2918 ο
553 2864 688 2919 Juda
711 2905 724 2927 ,
771 2879 928 2934 quem
955 2861 1240 2916 vendidisti
1286 2860 1498 2929 triginta
1538 2856 1801 2926 argenteis
1834 2869 1846 2906 :
1877 2854 1963 2909 hic
1993 2864 2076 2909 est

490 2957 731 3027 sanguis,
763 2971 858 3026 pro
892 2970 997 3024 quo
1023 2969 1194 3024 nuper
1217 2952 1554 3024 impudentia
1578 2957 1725 3026 pacta
1753 2955 1922 3009 inibas
1952 2970 2072 3009 cum

490 3047 745 3116 improbis
769 3045 1074 3103 Pharisesis.
1100 3041 1145 3102 Ο
1171 3055 1422 3117 quantam
1441 3045 1635 3099 Christi
1661 3044 2066 3112 benignitatem!

489 3156 522 3192 o
562 3139 826 3211 ingratum
866 3141 1015 3196 Juda:
1056 3139 1328 3192 animum!
1373 3136 1629 3190 Dominus
1672 3133 1970 3201 nutriebat,
2019 3141 2074 3188 et

490 3250 680 3289 servus
709 3233 987 3288 vendebat.
1036 3231 1128 3286 ille
1158 3243 1385 3298 namque
1411 3225 1648 3282 vendidit
1682 3240 1804 3279 eum
1841 3223 2074 3292 acceptis

490 3326 705 3395 triginta
748 3323 1056 3394 argenteis;
1102 3319 1346 3374 Christus
1385 3331 1513 3370 vero
1559 3314 1611 3368 in
1653 3313 2072 3382 redemptionem

490 3429 724 3471 nostram
771 3415 1042 3484 proprium
1091 3410 1400 3480 sanguinem
1450 3406 1672 3470 eﬁ'udit,
1717 3413 1771 3458 et
1811 3401 2070 3458 venditori

490 3509 737 3576 tradidit,
767 3507 1030 3578 siquidem
1061 3505 1334 3559 voluisset.
1370 3501 1566 3556 Aderat
1594 3499 1735 3554 enim
1762 3496 1924 3552 Judas
1947 3505 2071 3550 ante

489 3600 864 3670 proditionem,
889 3607 942 3652 et
963 3612 1129 3652 sacrae
1155 3609 1352 3649 mensa:
1379 3592 1643 3661 particeps
1663 3597 1796 3654 erat,
1824 3588 2071 3658 mystica-

489 3707 594 3761 que
622 3705 773 3745 ecetra
804 3687 1099 3742 fruebatur.
1137 3681 1596 3750 Quemadmodum
1623 3681 1764 3735 enim
1791 3680 1955 3748 pedes
1983 3678 2065 3732 di-

488 3781 817 3850 scipulorum
847 3778 973 3832 lavit
1007 3776 1281 3840 Dominus,
1311 3774 1390 3828 sic
1414 3783 1467 3826 et
1491 3787 1658 3826 sacra:
1687 3786 1886 3825 mensae
1911 3768 2068 3838 parti-

487 3889 620 3942 ceps
649 3872 743 3926 fuit
765 3870 961 3934 ludas;
992 3877 1047 3923 ut
1070 3867 1266 3922 nullam
1295 3865 1516 3920 haberet
1538 3863 1952 3927 excusationem,
1976 3861 2069 3915 sed

486 3963 740 4036 judicium
771 3963 1054 4032 acciperet.
1101 3957 1232 4012 Nam
1269 3957 1322 4010 in
1351 3971 1514 4025 prava
1539 3954 1797 4010 sententia
1828 3967 2072 4022 perseve-

487 4060 674 4122 ra’bat,
717 4065 770 4110 et
819 4069 1103 4126 egressus.
1147 4050 1316 4106 osculi
1361 4050 1479 4104 loco
1524 4046 1876 4118 proditionem
1926 4043 2068 4108 fecit,

492 4153 775 4203 immemor
801 4145 1199 4201 beneﬁciorum.
1223 4145 1300 4197 Ae
1329 4148 1450 4209 post
1477 4139 1827 4209 proditionem
1851 4135 2071 4205 projecit

492 4241 706 4310 triginta
735 4246 1015 4306 argenteos
1040 4235 1226 4290 dicens
1259 4256 1272 4287 :
1306 4231 1518 4286 Peccavi
1543 4229 1748 4282 tradens
1777 4226 2067 4297 sanguinem

491 4333 803 4384 innocentem
835 4327 1047 4400 (Matth.
1073 4325 1166 4379 ‘27.
1194 4327 1272 4393 5).
1303 4323 1348 4377 Ο
1376 4322 1664 4376 caecitatem
1690 4320 1704 4372 !
1749 4333 1915 4373 cmna:
1946 4332 2068 4384 par-

492 4421 660 4492 ticeps
703 4417 882 4483 fuisti,
923 4425 978 4470 et
1019 4414 1314 4470 beneﬁcum
1364 4407 1687 4482 prodidisti?
1727 4408 1792 4462 Et
1818 4406 2069 4461 Dominus

493 4513 708 4582 quidem
757 4508 897 4580 quod
951 4509 1209 4578 scriptum
1251 4515 1366 4559 erat
1415 4502 1584 4557 libens
1634 4499 1930 4568 implebat:
1985 4497 2070 4551 Vat

492 4616 660 4657 autem
686 4603 764 4656 illi
789 4618 877 4672 per
901 4616 1049 4672 quent
1073 4597 1369 4653 scandalum
1399 4593 1530 4648 venit
1554 4591 1770 4666 (Matth.
1797 4597 1883 4656 i8.
1909 4596 1996 4658 7)!

565 4696 617 4750 6.
645 4694 770 4749 Ilwc
796 4695 963 4760 verba,
981 4691 1091 4746 Hoc
1110 4701 1190 4745 est
1210 4703 1404 4758 corpus
1426 4702 1599 4740 meum
1630 4680 1885 4753 proposita
1906 4688 2071 4732 trans-

495 4793 737 4857 {ormant.
783 4785 939 4841 Pacis
986 4783 1207 4838 studium
1243 4778 1576 4834 necessarium
1605 4777 1674 4828 ad
1713 4773 1807 4826 rite
1847 4789 2069 4826 commu-

495 4876 786 4930 nicandum.
814 4904 882 4915 —
917 4875 1019 4929 Sed
1052 4885 1259 4941 tempus
1293 4870 1506 4923 demum
1545 4863 1720 4920 estad
1752 4861 2068 4917 horrendam

495 4971 635 5026 hanc
665 4965 1100 5034 tremendamque
1140 4978 1376 5019 mensam
1407 4957 1716 5016 accedendi.
1745 4954 1941 5011 Omnes
1976 4954 2074 5025 igis

496 5077 582 5119 tur
613 5075 737 5116 cum
769 5071 898 5128 pura
927 5055 1252 5110 conscientia
1280 5053 1612 5108 accedamus.
1658 5048 1843 5103 Nullus
1873 5044 1958 5099 hic
1981 5044 2073 5098 .Iu-

480 5141 595 5212 fdas
622 5163 738 5209 esto
758 5149 944 5206 dolose
964 5161 1128 5215 agens
1153 5145 1206 5199 in
1232 5145 1529 5214 proximum
1557 5155 1736 5202 suum,
1762 5150 1918 5191 nemo
1937 5134 2075 5188 adsit

498 5247 813 5322 improbus,
863 5254 1024 5297 nemo
1067 5252 1332 5292 venenum
1376 5235 1603 5290 occultet
1649 5232 1702 5284 in
1747 5229 1910 5285 corde
1953 5241 2069 5280 suo.

498 5343 665 5397 Adest
705 5347 760 5395 et
801 5347 944 5391 nunc
983 5329 1227 5386 Christus
1273 5341 1505 5380 mensam
1549 5336 1822 5379 exornans
1853 5337 1869 5373 ε
1899 5333 2073 5386 neque

497 5436 640 5490 enim
683 5431 844 5485 homo
871 5433 954 5482 est
980 5426 1064 5487 is,
1109 5421 1196 5490 qui
1229 5418 1350 5472 facit
1389 5425 1446 5470 ut
1492 5414 1757 5484 proposita
1799 5424 1992 5479 corpus
2021 5418 2075 5464 et

498 5525 713 5596 saugttis
737 5519 932 5578 Christi
971 5516 1284 5572 efﬁciantur.
1323 5508 1570 5580 Figuram
1617 5513 1816 5560 tantum
1848 5501 2074 5571 impleas

502 5630 606 5676 stat
627 5615 901 5677 sacerdos,
929 5620 983 5666 et
1005 5605 1446 5678 supplicationem
1475 5601 1630 5654 otiert
1659 5615 1670 5651 :
1701 5596 1869 5668 gratia
1899 5603 2074 5648 autem

504 5722 558 5765 ct
587 5710 746 5761 virtus
775 5706 863 5767 Dei
892 5714 971 5757 est
995 5745 1009 5768 ,
1054 5718 1173 5772 qua:
1202 5698 1378 5754 omnia
1407 5694 1588 5751 efﬁcit.
1641 5690 1751 5747 Hoc
1787 5698 1855 5743 est
1897 5703 2074 5756 corpus

507 5817 669 5860 meum
699 5791 1485 5866 (Matth.26.9.ti),inqnit.lloc
1528 5787 1744 5844 verbum
1804 5785 2069 5858 proposita

1221 355 1275 409 S.
1315 353 1592 409 JOANNIS
1622 349 2092 409 CHRYSOSTO-Ml
2131 352 2445 408 ARCHIEP.
2485 353 3014 411 CONSTANTINOP.
3695 371 3788 428 ξω

2193 469 2551 527 transformat.
2584 473 2650 528 Et
2675 475 3116 544 quemadmodum
3146 493 3247 534 vox
3278 481 3368 534 illa
3391 524 3404 544 ,
3437 482 3710 547 Crescite,
3749 500 3789 542 et

2190 563 2599 633 multiplicamini
2624 576 2670 620 et
2696 568 2879 638 replete
2905 577 3086 623 terram
3117 570 3267 642 (Gen.
3302 575 3353 627 1.
3379 573 3497 644 28)
3521 617 3538 639 ,
3570 578 3788 633 verbum

2188 662 2302 707 erat
2321 695 2336 716 ,
2365 663 2419 708 et
2461 655 2650 711 factum
2681 666 2763 710 est
2805 673 2971 727 opus,
2999 662 3138 729 quod
3185 662 3440 720 humanae
3471 677 3700 722 natura:
3729 674 3786 723 ad

2189 741 2477 797 liberorum
2500 749 2919 814 procreationem
2942 750 3043 802 vim
3069 750 3274 807 inderet
3297 771 3311 806 :
3337 754 3424 811 sic
3445 765 3510 810 et
3538 756 3668 811 haec
3693 773 3787 813 vos

2189 835 2389 903 prolata
2435 853 2647 907 semper
2675 841 2842 908 gratia
2881 851 3036 911 auget
3061 857 3154 897 eos
3177 883 3193 910 ,
3240 844 3331 914 qui
3362 845 3540 916 digne
3570 851 3782 917 partici~

2187 933 2333 992 pant.
2382 925 2569 982 Nullus
2599 928 2774 997 itaque
2814 931 3088 985 simulatus
3114 933 3221 1000 sit,
3255 934 3440 989 nullus
3468 936 3780 1006 improbus,

2184 1014 2362 1070 nullus
2391 1031 2553 1086 rapax
2577 1059 2593 1085 ,
2627 1018 2800 1073 nullus
2833 1022 3245 1077 contumeliosus
3269 1065 3285 1089 ,
3329 1026 3524 1081 nullus
3555 1027 3780 1082 fratrum

2186 1117 2331 1171 osor,
2360 1106 2536 1160 nullus
2561 1122 2774 1174 avarus,
2807 1110 2980 1164 nullus
3009 1111 3269 1178 ebriosus,
3303 1115 3492 1170 nullus
3520 1118 3778 1172 ambitio-

2184 1212 2274 1251 sus
2294 1239 2309 1264 ,
2339 1199 2514 1253 nullus
2544 1203 2894 1256 masculorum
2931 1205 3256 1270 concubitor,
3304 1207 3494 1261 nullus
3542 1209 3774 1273 invidus,

2185 1287 2363 1342 nullus
2389 1286 2720 1344 fornicationi
2748 1290 2976 1355 deditus,
3004 1293 3176 1347 nullus
3200 1293 3305 1359 fur,
3337 1298 3531 1352 nullus
3558 1298 3773 1352 insidio—

2183 1393 2274 1432 sus
2293 1420 2306 1443 ,
2341 1379 2676 1449 nejudicium
2705 1383 2803 1436 sibi
2833 1393 3024 1436 sumat.
3053 1383 3258 1440 Etenim
3289 1395 3422 1441 tunc
3449 1389 3631 1444 Judas
3661 1407 3769 1462 my-

2182 1469 2371 1524 sticam
2399 1486 2605 1525 contam
2637 1472 2850 1542 indigne
2878 1474 3205 1543 participavit
3226 1517 3241 1543 ,
3272 1489 3329 1533 et
3352 1494 3630 1550 egressus
3675 1483 3769 1537 Do-

2184 1561 2384 1613 minum
2411 1561 2644 1630 prodidit
2667 1579 2680 1614 :
2710 1571 2768 1616 ut
2785 1563 2958 1618 discas
2980 1565 3032 1618 in
3055 1581 3148 1620 eos
3169 1569 3412 1625 maxime
3437 1581 3497 1626 et
3521 1572 3770 1644 frequen-

2185 1652 2289 1706 tius
2316 1651 2580 1707 diaholum
2625 1653 2827 1708 insilire
2845 1696 2858 1720 ,
2888 1656 2978 1725 qui
3003 1659 3252 1728 mysteria
3291 1661 3522 1732 indigne
3550 1667 3768 1733 partici-

2183 1756 2330 1813 pant,
2357 1760 2557 1815 eosque
2585 1747 2727 1816 ipsos
2751 1748 2804 1802 in
2832 1749 3002 1818 majus
3025 1766 3084 1806 se
3109 1753 3430 1822 supplicium
3469 1759 3767 1828 conjicere.

2182 1836 2306 1891 lianc
2333 1837 2452 1892 dico
2479 1853 2585 1892 non
2614 1846 2671 1892 ut
2712 1847 2960 1905 terream,
3003 1841 3098 1896 sed
3135 1853 3195 1897 ut
3215 1846 3492 1900 cautiores
3520 1849 3770 1904 reddam.

2177 1928 2635 1993 Quemadmodum
2665 1932 2804 1984 enim
2848 1947 3133 2002 corporeus
3159 1934 3310 1990 cibus
3328 1979 3346 2003 ,
3375 1952 3512 1992 cum
3557 1939 3617 1993 in
3640 1955 3772 1995 ven-

2182 2029 2314 2075 trem
2360 2022 2535 2090 pravis
2578 2020 2882 2076 humorihns
2925 2023 3134 2092 plenum
3177 2026 3465 2093 inciderit,
3516 2029 3770 2084 morbum

2181 2123 2336 2183 auget
2370 2132 2382 2167 :
2415 2115 2491 2168 sic
2520 2123 2573 2168 et
2600 2115 2885 2184 spiritualis
2909 2115 3060 2169 cibus
3081 2130 3200 2170 cum
3227 2117 3448 2187 indigne
3478 2121 3768 2190 participa-

2182 2214 2294 2271 tur,
2342 2207 2636 2277 graviorem
2667 2209 3056 2263 damnationem
3085 2210 3318 2264 attrahit.
3363 2211 3548 2267 Nemo
3587 2215 3765 2284 igitur,

2177 2296 2400 2351 obsecro
2423 2339 2438 2363 ,
2471 2313 2657 2366 pravas
2685 2298 2825 2352 intus
2865 2299 3206 2367 cogitationes
3247 2299 3447 2356 habeat
3471 2344 3489 2366 ,
3541 2305 3647 2359 sed
3677 2321 3769 2358 cor

2178 2396 2416 2440 nostrum
2453 2403 2803 2458 expurgemus
2833 2407 2846 2441 :
2875 2390 3070 2443 etenim
3099 2391 3290 2460 templa
3317 2392 3416 2446 Dei
3457 2410 3660 2449 sumus
3679 2437 3693 2458 ,
3723 2401 3765 2448 si

2178 2491 2307 2544 pure
2328 2493 2561 2547 agamus.
2609 2478 2818 2534 Castam
2865 2480 3144 2536 reddamus
3186 2483 3424 2537 animam
3473 2496 3763 2540 nostram:

2179 2581 2300 2618 nam
2329 2566 2410 2620 vel
2455 2583 2562 2621 uno
2604 2567 2691 2623 die
2735 2570 2784 2622 id
2828 2568 2940 2624 ﬁeri
2987 2580 3178 2640 potest.
3224 2572 3520 2638 Quomodo
3566 2585 3624 2630 et
3665 2592 3763 2646 qu

2176 2656 2423 2711 ratione?
2449 2657 2505 2712 Si
2527 2659 2790 2727 quidpiam
2817 2659 3062 2716 habueris
3088 2670 3270 2716 contra
3298 2662 3616 2731 inimicum,
3641 2667 3764 2721 tolle

2176 2747 2344 2813 iram,
2390 2750 2536 2803 solve
2579 2749 2939 2815 inimicitiam,
2984 2761 3039 2805 ut
3065 2751 3326 2807 medelam
3355 2755 3710 2811 remissionis
3735 2775 3762 2809 a

2175 2855 2357 2895 mensa
2387 2842 2631 2916 recipias.
2659 2842 2740 2902 Ad
2764 2845 3078 2904 sacriﬁcium
3113 2846 3327 2907 accedis
3347 2847 3694 2911 horrendum
3716 2866 3767 2911 et

2183 2945 2421 2990 sanctum
2454 2952 2472 2990 :
2503 2937 2803 2992 immolatus
2841 2939 2981 3008 jacet
3026 2941 3283 2996 Christus.
3330 2942 3540 2998 Verum
3595 2948 3763 3016 cogita

2176 3041 2279 3096 qua
2303 3027 2371 3082 de
2399 3043 2556 3082 causa
2581 3030 2788 3084 occisus
2813 3040 2900 3085 snt.
2928 3031 2970 3085 0
3003 3033 3245 3100 qualibus
3275 3037 3560 3106 mysteriis
3594 3040 3765 3106 priva-

2175 3126 2260 3172 tus
2284 3133 2377 3182 es,
2409 3118 2590 3174 Juda?
2626 3119 2869 3176 Christus
2909 3123 3133 3178 libenter
3178 3140 3388 3193 passus,
3439 3137 3498 3182 ut
3536 3131 3764 3182 medium

2174 3209 2411 3278 parietem
2433 3211 2666 3264 maceria:
2689 3211 2913 3280 (Ep/tes.
2935 3213 2987 3265 ‘2.
3012 3211 3113 3285 M)
3145 3216 3393 3278 solveret.
3427 3226 3484 3272 et
3506 3219 3765 3289 jungerct

2173 3297 2380 3354 inferna
2407 3301 2651 3370 supernis
2673 3343 2687 3367 ,
2722 3311 2776 3356 ut
2802 3311 2852 3356 te
2882 3303 3148 3356 inimicum
3177 3313 3230 3357 et
3257 3305 3466 3360 hostem
3485 3348 3500 3372 ,
3534 3310 3764 3378 angelo-

2175 3405 2294 3444 rum
2322 3400 2626 3446 consortem
2657 3393 2871 3446 faceret.
2914 3392 2982 3446 Et
3005 3393 3246 3447 Christus
3269 3394 3487 3464 quidem
3517 3398 3762 3453 animam

2171 3497 2324 3537 suam
2372 3483 2590 3538 tradidit
2636 3499 2730 3552 pro
2775 3492 2873 3548 te;
2921 3492 2974 3537 tu
3016 3499 3144 3538 vero
3192 3485 3523 3540 inimicitiam
3574 3503 3762 3544 servas

2172 3576 2428 3630 adversus
2447 3575 2802 3630 conservum?
2829 3575 2994 3644 Ecqui
3015 3575 3210 3643 poteris
3230 3576 3486 3631 accedere
3510 3577 3584 3631 ad
3606 3594 3763 3632 men-

2171 3680 2285 3720 sam
2317 3666 2501 3735 pacis?
2543 3666 2798 3720 Dominus
2828 3675 2946 3719 tuus
2977 3681 3079 3719 non
3121 3667 3388 3721 recusavit
3412 3667 3599 3722 omnia
3645 3671 3759 3739 pati

2174 3767 2388 3827 propter
2429 3764 2510 3822 te,
2549 3765 2604 3811 tu
2631 3772 2755 3811 vero
2793 3771 2861 3810 ne
2905 3757 3037 3810 iram
3079 3757 3292 3826 quidem
3324 3759 3608 3815 remittere
3631 3762 3758 3815 ris?

2169 3849 2277 3904 Cur
2303 3850 2526 3919 quaeso?
2551 3848 2758 3904 Caritas
2783 3858 2864 3903 est
2892 3848 3060 3914 radix,
3091 3848 3206 3903 fons
3232 3856 3286 3904 et
3311 3860 3484 3904 mater
3508 3853 3754 3906 omnium

2171 3940 2454 3995 bonorum.
2486 3939 2771 4006 Maximus,
2801 3938 3007 4008 inquies
3029 3979 3044 4002 ,
3076 3938 3205 3992 mihi
3248 3939 3519 3994 molestias
3549 3940 3751 4008 intulit,

2171 4031 2445 4086 innumera
2490 4031 2720 4096 damna,
2770 4030 2823 4084 in
2866 4030 2988 4084 vitae
3031 4029 3311 4084 discrimen
3361 4046 3450 4085 me
3491 4031 3752 4101 conjecit.

2173 4122 2370 4192 Ecquid
2398 4123 2498 4176 hoc
2523 4122 2644 4177 est?
2669 4121 2901 4177 nondum
2929 4131 2980 4176 te
3001 4121 3142 4176 cruci
3167 4119 3352 4185 afﬁsit,
3380 4131 3438 4174 ut
3460 4121 3751 4177 Dominum

2169 4215 2356 4270 Judaei.
2389 4215 2577 4268 Sinon
2615 4213 2884 4269 remiseris
2921 4213 3162 4282 proximo
3203 4221 3293 4267 tuo
3333 4213 3604 4282 iujnriam,
3645 4231 3755 4270 nec

2171 4309 2328 4363 Pater
2367 4317 2486 4362 tuus
2528 4307 2754 4362 caelestis
2798 4307 3034 4361 remittet
3076 4305 3167 4360 tibi
3214 4315 3427 4374 peccata
3470 4314 3580 4360 tua.
3627 4305 3753 4374 Qua

2171 4399 2494 4454 conscientia
2521 4397 2686 4461 dices,
2715 4395 2870 4450 Pater
2897 4405 3083 4460 noster,
3107 4395 3193 4463 qui
3219 4410 3271 4448 es
3293 4395 3346 4447 in
3371 4395 3526 4459 colis,
3557 4399 3754 4448 sancti-

2173 4492 2349 4560 ﬁcetur
2391 4504 2571 4542 nomen
2596 4496 2754 4551 tuum,
2799 4495 2850 4540 et
2877 4485 3111 4540 caatera?
3148 4484 3399 4541 Similiter
3425 4483 3666 4538 Christus
3693 4496 3752 4540 et

2171 4584 2480 4654 sanguinem
2505 4625 2520 4648 ,
2547 4597 2706 4653 quem
2749 4581 2822 4636 illi
2850 4579 3148 4635 ell'uderunt
3171 4619 3186 4643 ,
3215 4579 3266 4631 in
3298 4578 3523 4633 salutem
3565 4576 3746 4632 eli‘nn-

2171 4677 2408 4731 dentinm
2432 4675 2596 4730 dedit.
2636 4673 2771 4742 Quid
2812 4673 2933 4725 huic
2960 4672 3034 4725 rei
3071 4685 3163 4739 par
3187 4668 3403 4725 efﬁcere
3427 4669 3640 4738 potest?
3683 4671 3745 4723 Si

2174 4785 2278 4823 non
2302 4767 2566 4823 dimiseris
2587 4767 2822 4830 inimico,
2847 4779 2952 4817 non
2975 4763 3118 4816 illum
3141 4761 3346 4824 laesisti,
3369 4759 3464 4816 sed
3486 4759 3742 4828 teipsum:

2175 4859 2320 4912 illum
2350 4857 2562 4926 quidem
2588 4871 2730 4925 saepe
2755 4857 2806 4908 in
2837 4852 3084 4923 praesenti
3115 4851 3218 4905 vita
3246 4851 3428 4905 laesisti
3452 4891 3470 4916 ,
3497 4851 3592 4906 tibi
3618 4866 3746 4904 vero

2173 4949 2516 5017 supplicium,
2561 4946 2701 5017 quod
2749 4957 3032 5012 numquam
3079 4941 3414 5006 remittetur,
3458 4941 3650 5010 parasti
3687 4943 3744 4995 in

2177 5043 2412 5098 futurum
2452 5041 2599 5095 illum
2637 5039 2799 5094 diem.
2842 5036 3118 5092 Neminem
3145 5033 3285 5090 enim
3324 5033 3398 5090 ita
3427 5033 3568 5088 Deus
3593 5047 3745 5086 aver-

2175 5145 2343 5200 sntur,
2372 5144 2428 5189 ut
2456 5133 2764 5202 injuriarum
2797 5143 3087 5184 memorem
3116 5126 3385 5180 hominem
3405 5166 3420 5189 ,
3451 5133 3512 5178 ut
3539 5138 3629 5180 cor
3657 5133 3742 5178 tu—

2177 5243 2348 5289 mens,
2372 5235 2426 5280 et
2452 5225 2530 5279 ira
2556 5225 2823 5277 incensam
2846 5221 3098 5272 animam.
3131 5215 3266 5270 Audi
3290 5213 3436 5269 enim
3461 5213 3588 5284 quid
3609 5213 3744 5267 dicat

2177 5318 2433 5374 Dominus
2459 5333 2472 5369 :
2495 5315 2555 5369 Si
2575 5311 2726 5379 offers
2752 5326 2931 5363 munus
2958 5320 3099 5361 tuum
3121 5306 3189 5359 ad
3211 5305 3395 5368 altare,
3422 5314 3471 5358 et
3493 5303 3560 5358 ibi
3584 5319 3736 5357 recor-

2178 5411 2328 5463 datus
2357 5405 2511 5476 {ueris
2538 5404 2657 5474 quia
2685 5407 2841 5472 frater
2868 5409 2982 5454 tuus
3011 5397 3154 5452 habet
3177 5395 3372 5466 aliquid
3393 5396 3652 5449 adversum
3673 5405 3735 5458 te,

2178 5501 2400 5568 relinque
2443 5495 2512 5550 ibi
2556 5509 2737 5547 munus
2780 5501 2923 5544 tuum
2961 5498 3079 5544 ante
3119 5487 3279 5542 altare
3301 5527 3316 5552 ,
3365 5495 3414 5542 et
3453 5485 3580 5541 uade
3612 5487 3745 5554 prius

2179 5591 2500 5646 reconciliare
2549 5585 2695 5658 fratri
2745 5592 2866 5648 tuo;
2911 5591 2956 5636 et
2999 5591 3115 5635 tunc
3157 5579 3359 5634 ueniens
3407 5575 3534 5645 cier
3577 5591 3744 5629 munus

2184 5696 2321 5738 tuum
2354 5680 2562 5751 (Matth.
2587 5678 2639 5732 5.
2667 5675 2760 5731 25.
2781 5675 2897 5742 24).
2927 5671 3062 5739 Quid
3089 5671 3265 5726 dicis?
3295 5671 3436 5725 ibine
3465 5669 3739 5737 relinquant

2182 5794 2391 5842 munus,
2421 5790 2512 5831 seu
2541 5767 2898 5830 sacriﬁcium?
2940 5765 3131 5833 Etiam,
3159 5764 3329 5846 inquit
3353 5781 3366 5819 :
3392 5777 3518 5824 nam
3545 5769 3737 5835 propter
