3906 6224
175 353 293 411 389

174 468 358 537 δηλῶν
383 470 412 523 ὁ
439 466 707 538 μακάριος
742 465 903 520 Δαυῗό
932 465 1117 537 ἔλεγεν
1136 482 1150 497 '
1195 467 1320 521 Ἐπί
1350 468 1458 522 τὸν
1492 466 1762 538 ποταμὸν

180 548 560 617 Βαϐυλῶνος,
575 548 703 603 ἐκεῖ
716 550 1079 620 ἐκαθίσαμεν
1100 548 1198 603 καί
1221 551 1605 622 ἐκλαύσαμεν
1624 568 1636 581 ι
1661 548 1761 602 ἐπὶ

180 634 317 699 ταῖς
344 631 521 699 ίτέαις
538 633 608 686 ἐν
624 633 793 702 μέσῳ
812 632 1000 702 αὐτῆς
1020 632 1433 703 ἑκρεμάσαμεν
1447 634 1519 688 τὰ
1541 633 1762 702 ὄργανα

179 713 376 785 ἡμῶν,
410 714 753 779 τουτέστι,τὸ
784 715 1105 787 ψαλτήριον,
1133 716 1232 786 τὴν
1261 716 1511 787 κιθάραν,
1541 716 1640 787 τὴν
1669 713 1761 767 λύ-

182 814 321 868 ραν⁸
352 795 559 861 τούτοις
586 797 695 870 γὰρ
721 798 782 852 τὸ
808 798 1035 851 παλαιὸν
1056 798 1372 869 ἐκέχρηντο,
1407 799 1501 852 καὶ
1528 797 1615 851 διὰ
1637 795 1762 850 τού-

178 897 296 934 των
324 879 449 943 τοὺς
483 879 730 950 ψαλμοὺς
769 878 914 954 ᾖδον.
946 879 1104 934 Ἐκεῖ
1147 881 1278 950 γὰρ,
1320 881 1504 951 φησὶν,
1537 877 1761 947 ἐπηρώ-

179 979 381 1031 τησαν
423 961 581 1031 ἡμᾶς
616 964 671 1016 οί
709 964 1307 1031 αἱχμαλωτεύσαντες
1348 962 1506 1032 ἡμᾶς
1538 963 1760 1031 λόγους

176 1043 388 1114 ᾠδῶνο
444 1045 538 1098 καὶ
573 1044 825 1115 εἴπαμεν·
861 1044 994 1111 Πῶς
1025 1044 1267 1115 ᾇσωμεν
1308 1044 1423 1112 τὴν
1453 1044 1618 1113 ᾠδὴν
1643 1047 1762 1097 Κυ-

177 1129 319 1196 ρίου
357 1128 453 1181 ὲπί
480 1126 594 1197 m'c
618 1128 982 1198 ἀλ.λοτρίας;
1021 1131 1084 1184 Τί
1106 1131 1311 1199 λέγεις,
1349 1129 1470 1183 εἰπέ
1503 1145 1625 1200 μοι;
1661 1127 1761 1198 τὴν

177 1207 331 1281 ᾠδὴν
379 1210 585 1280 Κυρίου
626 1211 727 1266 οὐκ
774 1212 919 1284 ᾄδεις
957 1214 1049 1266 ἐπὶ
1078 1215 1180 1285 γῆς
1212 1215 1532 1285 ἀλλοτρίας,
1578 1212 1673 1265 καὶ
1701 1210 1762 1263 τὸ

186 1293 381 1362 Πάσχα
406 1292 676 1358 ἐπιτελεῖς
702 1296 793 1348 ἐπὶ
821 1297 922 1367 γῆς
959 1295 1282 1367 ἀλλοτρίας;
1318 1292 1473 1361 Εἶδες
1501 1293 1762 1365 ἀναισθη-

185 1378 310 1430 σίαν
351 1377 657 1443 Ἰουδαίων;
693 1379 821 1432 Ὅτε
856 1380 1106 1451 πολέμιοι
1163 1377 1305 1452 ἦσαν
1336 1384 1384 1436 οί
1421 1379 1763 1449 καταναγκάυ

184 1462 394 1524 ζοντες,
421 1459 546 1513 οὕτε
575 1461 790 1532 ψαλμὸν
812 1463 1015 1517 εἴλοντο
1035 1466 1210 1517 εἰπεῖν
1231 1465 1322 1517 ἐπὶ
1338 1465 1441 1536 γῆς
1455 1462 1758 1534 ἁλλοτρίας’

185 1543 284 1597 καὶ
318 1542 412 1595 νῦν
440 1544 532 1613 ἀφ’
561 1545 790 1612 ἐαυτῶν,
824 1546 1036 1610 οὐδενὸς
1070 1547 1490 1616 ἀναγκάζοντος,
1528 1545 1762 1610 πόλεμον

180 1627 468 1697 εἰσάγουσι
512 1629 652 1700 πρὸς
688 1631 779 1683 τὸν
807 1631 962 1686 Θεόν.
1005 1632 1096 1685 Διὸ
1135 1633 1230 1685 καὶ
1270 1635 1299 1686 ὁ
1336 1631 1604 1704 μακάριος
1636 1630 1762 1683 Στέ-

182 1728 359 1780 φανος
388 1712 540 1781 ἔλεγε
578 1713 713 1786 πρὸς
740 1715 939 1779 αὐτούς
958 1734 971 1748 ·
1001 1717 1198 1786 Ὑμεῖς
1231 1716 1324 1771 ἀεὶ
1352 1716 1433 1782 τῷ
1464 1716 1763 1786 Πνεύματι

183 1793 269 1859 τῷ
284 1795 429 1864 ἁγίῳ
445 1796 845 1852 ἀντιπίπτετε.
874 1797 1036 1869 Ὁρᾷς
1051 1800 1126 1862 ὡς
1152 1799 1439 1868 ἀκάθαρτα
1453 1798 1521 1851 τὰ
1544 1796 1727 1868 ἄζυμα
1744 1814 1760 1863 ;

184 1877 307 1941 πῶς
359 1877 676 1949 παράνομος
724 1881 757 1951 ἡ
812 1882 974 1950 ἐορτὴ
1022 1882 1056 1951 ή
1103 1881 1367 1953 Ἰουδαῖκή
1393 1898 1407 1948 ;
1430 1876 1537 1934 Ἦν
1571 1881 1765 1952 Πάσχα

198 1961 490 2015 Ἰουδαϊκόν
515 1979 664 2026 ποτε,
684 1963 798 2016 ἀλλ’
819 1963 1004 2034 ἐλύθη.
1019 1965 1174 2031 Τότε,
1202 1964 1387 2035 φησὶν,
1417 1963 1479 2017 '0
1502 1963 1761 2032 Ἰησοῦς,

180 2045 517 2099 ἐσθιόντων
541 2043 738 2099 αὐτῶν
761 2046 861 2099 καὶ
891 2047 1211 2109 πινόντων,
1232 2046 1436 2100 λαϐὼν
1465 2046 1647 2115 ἄρτον
1664 2045 1763 2099 ἐπὶ

185 2122 310 2179 τῶν
337 2127 521 2196 ἁγίων
547 2127 645 2181 καὶ
693 2127 1011 2197 ἀχράντων
1039 2129 1225 2183 αὐτοῦ
1252 2128 1485 2198 χειρῶν,
1527 2131 1765 2198 εὐχαρι-

179 2207 427 2275 στήσας
468 2208 569 2262 καί
611 2211 843 2277 κλάσας
878 2208 1010 2266 εἷπε
1039 2212 1164 2278 τοῖς
1191 2213 1408 2267 ἑαυτοῦ
1439 2214 1761 2283 μαθηταῒς’

181 2290 430 2357 Λάϐετε,
464 2292 711 2365 φάγετε*
746 2294 925 2349 τοῦτό
949 2313 1069 2365 μου
1092 2294 1224 2349 ἐστὶ
1248 2297 1315 2351 τὸ
1334 2294 1506 2367 σῶμα
1535 2298 1596 2350 τὸ
1625 2296 1765 2368 ὑπὲρ

178 2375 345 2445 ὑμῶν
392 2376 488 2430 καὶ
539 2376 752 2431 πολλῶν
780 2379 1062 2450 κλώμενον
1110 2383 1190 2444 είς
1228 2381 1426 2450 ἄφεσιν
1454 2380 1760 2453 ἁμαρτιῶν.

180 2459 298 2514 Καί
348 2459 416 2513 τὸ
454 2459 744 2530 ποτήριον
791 2462 952 2517 πάλιν
1011 2463 1252 2530 λαϐὼν,
1309 2464 1511 2519 ἐδίδου
1561 2463 1766 2532 αὐτοῖς

177 2541 416 2611 λέγων·
456 2542 636 2597 Τοῦτό
679 2544 810 2599 ἐστι
850 2546 918 2600 τὸ
965 2541 1110 2615 αἷμά
1146 2564 1266 2616 μου
1295 2547 1364 2602 τὸ
1406 2547 1561 2614 ὑπὲρ
1601 2545 1766 2617 ὑμῶν

177 2625 548 2694 ἐκχεόμενον
578 2628 666 2694 είς
690 2626 911 2697 ἄφεσιν
941 2628 1260 2698 ἁμαρτιῶν.
1310 2631 1423 2685 Καὶ
1460 2631 1641 2703 παρῆν
1671 2631 1766 2686 καὶ⁹

197 2706 404 2771 Ἰούδας
449 2708 609 2762 τοῦτο
654 2709 905 2779 λέγοντος
957 2711 1051 2765 τοῦ
1091 2712 1320 2784 Κυρίου.
1353 2711 1524 2766 Τοῦτό
1549 2714 1668 2766 ἐστι
1706 2713 1766 2766 τὸ

182 2786 348 2860 αἷμα,
368 2784 413 2843 ὦ
441 2791 628 2854 Ἰούδα,
655 2793 789 2865 ὅπερ
820 2793 1107 2866 ἐπώλησας
1133 2795 1428 2866 τριάκοντα
1458 2794 1761 2868 ἀργυρίων·

182 2871 349 2927 τοῦτό
375 2874 492 2928 ἐστι
530 2874 591 2929 τὸ
619 2871 780 2946 αἷμα,
813 2877 954 2948 ὑπὲρ
996 2872 1056 2933 οὗ
1082 2879 1190 2953 πρὸ
1231 2878 1428 2952 μικροῦ
1462 2878 1532 2932 τὰ
1574 2879 1764 2951 ἀναιδῆ

185 2957 458 3028 σύμφωνα
482 2958 668 3012 ἐποίου
698 2960 835 3028 πρὸς
869 2961 994 3025 τοὺς
1040 2960 1365 3032 ἀγνώμονας
1412 2963 1762 3034 Φαρισαίους.

188 3042 259 3095 Ὃ
310 3040 452 3112 πόση
491 3044 525 3111 ή
561 3041 656 3095 τοῦ
702 3043 938 3114 Χριστοῦ
974 3045 1387 3115 φιλανθρωπίαί
1439 3043 1484 3097 ὣ
1524 3045 1622 3115 τῆς
1669 3044 1763 3097 τοῦ

198 3122 373 3178 Ἰούδα
426 3124 850 3195 ἀγνωμοσύνηςῐ
901 3128 931 3179 6
976 3126 1259 3194 Δεσπότης
1311 3125 1541 3196 ἔτρεφε,
1596 3126 1693 3180 καὶ
1736 3128 1765 3179 6

182 3211 374 3274 δοῦλος
400 3211 743 3282 ἐπίπρασκεν
762 3229 775 3242 ·
793 3214 822 3263 6
851 3211 950 3281 μέν
970 3211 1076 3281 γὰρ
1100 3210 1381 3283 ἐπώλησεν
1401 3212 1561 3265 αὐτὸν
1586 3210 1765 3266 λαϐὼν

184 3296 484 3367 τριάκοντα
511 3294 766 3365 ἀργύρια,
798 3297 826 3349 6
853 3295 911 3348 δὲ
942 3295 1177 3365 Χριστὸς
1215 3294 1410 3366 λυτρδν
1441 3295 1581 3366 ὑπὲρ
1609 3295 1764 3367 ἡμῶν

185 3381 248 3435 τὸ
305 3381 435 3433 ἴδιον
468 3376 609 3451 αἷμα
641 3381 845 3450 ἐξέχεε,
879 3381 972 3435 καὶ
1022 3381 1101 3453 τῷ
1148 3383 1456 3452 πεπρακότι
1508 3382 1761 3449 δέδωκεν,

183 3465 349 3534 εἴπερ
368 3462 620 3534 ἠθέλησε.
659 3466 769 3517 Καὶ
810 3464 918 3535 γὰρ
950 3464 1133 3535 παρῆν
1168 3466 1263 3518 καὶ
1302 3465 1505 3529 Ἰούδας
1533 3465 1639 3536 πρὸ
1664 3465 1765 3536 τῆς

185 3546 498 3616 προδοσίας,
528 3546 623 3600 καὶ
649 3546 751 3617 τῆς
785 3548 937 3618 ίερᾶς
961 3546 1241 3618 τραπέζης
1277 3547 1528 3619 μετέσχε,
1555 3548 1648 3602 καὶ
1668 3548 1764 3602 τοῦ

188 3629 459 3701 μυστικοῦ
487 3628 703 3683 δείπνου
732 3630 1066 3701 ἀπήλαυσεν.
1090 3631 1302 3704 ’Ὥσπερ
1321 3632 1430 3704 γὰρ
1454 3632 1579 3695 τοὺς
1600 3631 1766 3696 πόδας

184 3715 299 3767 τῶν
335 3714 592 3785 μαθητῶν
620 3713 819 3783 ἔνιψεν,
855 3714 997 3768 οὕτω
1041 3713 1135 3767 καὶ
1172 3715 1272 3786 τῆς
1313 3716 1462 3787 ἱερᾶς
1487 3715 1765 3788 τραπέζης

190 3798 456 3869 μετέσχεν
491 3797 710 3862 Ἰούδας,
740 3798 826 3851 ἵνα
856 3797 1124 3869 μηδεμίαν
1159 3797 1260 3870 ἐχῃ
1286 3798 1601 3868 ἀπολογίαν.
1628 3800 1765 3853 ἀλλὰ

188 3884 366 3953 κρῖμα
398 3880 651 3953 λήψηται.
697 3881 959 3951 Ἐπέμενε
987 3880 1093 3952 γὰρ
1118 3884 1185 3954 τῇ
1211 3883 1421 3953 πονηρᾷ
1442 3880 1765 3955 γνώμῃ,καὶ

187 3963 420 4031 ἐξελθὼν
474 3967 595 4018 ἀντὶ
651 3964 955 4035 φιλήματος
1005 3963 1295 4034 προδοσίαν
1336 3966 1653 4035 εἰργάσατο,
1687 3963 1761 4035 μὴ

191 4048 453 4117 μνησθεὶς
487 4048 594 4102 τῶν
622 4048 954 4119 εὐεργεσιῶν
986 4046 1174 4112 αὑτοῦ,
1209 4049 1302 4101 καὶ
1337 4046 1477 4118 μετά
1505 4048 1603 4118 τὴν
1629 4064 1762 4120 προ-

184 4130 372 4186 δοσίαν
398 4132 589 4203 ἔρριψε
611 4131 679 4185 τὰ
706 4131 1001 4203 τριάκοντα
1032 4131 1296 4203 ἀργύρια,
1321 4130 1527 4199 λέγων·
1549 4131 1763 4199 ’Ἥμαρ-

187 4231 300 4269 τον
326 4215 635 4282 παραδοὺς
665 4210 808 4283 αἷμα
835 4214 987 4286 [594]
1008 4214 1223 4269 ἀθῶον.
1252 4215 1316 4269 ’Ὠ
1342 4212 1618 4284 τύφλωσις
1638 4212 1760 4267 ίτοῦ

185 4297 410 4353 δείπνου
454 4298 736 4368 μετέσχες,
780 4299 873 4352 καὶ
923 4299 1027 4351 τὸν.
1049 4297 1348 4370 εὐεργέτην
1400 4296 1759 4368 παρέδωκαςὲ

188 4381 302 4435 Καὶ
328 4381 357 4434 6
391 4381 488 4452 μὲν
517 4380 719 4453 Κύριος
747 4379 889 4434 ἐκὼν
946 4380 1007 4434 τὸ
1047 4381 1436 4453 γεγραμμένον
1477 4379 1718 4452 ἐπλήρου
1743 4397 1760 4412 ο

181 4462 332 4519 Οὐαί
363 4462 432 4517 δὲ
453 4462 528 4517 δι’
562 4458 634 4519 οὗ
663 4464 729 4517 τὸ
753 4462 1104 4519 σκάνδαλον
1132 4460 1340 4534 ἦλθεν.

262 4630 339 4697 ς’.
374 4628 534 4686 Ἀλλά
549 4631 740 4703 καιρὸς
760 4630 945 4687 λοιπὸν
959 4634 1025 4704 τῇ
1045 4632 1244 4704 φρικτῇ
1259 4629 1433 4705 ταύτῃ
1448 4630 1543 4685 καὶ
1558 4629 1764 4702 φοϐερᾷ

185 4714 439 4789 τραπέζῃ
487 4715 788 4786 προσιέναι.
851 4715 1059 4778 Πάντες
1104 4715 1282 4769 τοίνυν
1333 4712 1473 4786 μετά
1524 4713 1761 4784 καθαροῦ

188 4796 490 4862 συνειδότος
506 4797 912 4869 προσέλθωμεψ
934 4798 1124 4869 μηδεὶς
1146 4797 1286 4852 ἔστω
1317 4796 1515 4859 Ἰούδας
1531 4795 1764 4850 ἐνταῦθα

186 4880 555 4951 δολιευόμενος
594 4882 721 4945 τοὺς
767 4881 994 4952 πλησίον
1042 4880 1227 4947 αὐτοῦ,
1266 4881 1455 4952 μηδεὶς
1503 4878 1759 4951 πονηρὸς,

190 4964 381 5035 μηδεὶς
415 4964 492 5016 ίδν
515 4964 654 5036 ἔχων
676 4963 1125 5035 ἐγκεκρυμμένον
1153 4966 1211 5017 ἐν
1249 4967 1317 5034 τῇ
1345 4963 1543 5036 καρδίᾳ
1573 4961 1758 5016 αὑτοῦ.

188 5050 428 5120 Πάρεστι
454 5049 551 5103 καί⁹
573 5047 667 5101 νῦν
695 5048 724 5100 6
745 5046 979 5119 Χριστὸς
1001 5046 1100 5118 τὴν
1127 5044 1407 5119 τράπεζαν
1427 5045 1646 5116 κοσμῶν
1664 5060 1678 5075 ·
1701 5045 1761 5098 οὐ

187 5131 297 5202 γὰρ
326 5131 606 5203 ἄνθρωπός
627 5134 772 5185 ἐστιν
796 5134 824 5185 6
854 5129 1024 5183 ποιῶν
1046 5131 1123 5183 τὰ.
1149 5128 1484 5200 προκείμενα
1511 5127 1761 5196 γενέσθαι

188 5215 350 5287 σῶμα
378 5217 470 5269 καλ⁵
496 5210 636 5286 αἷμα
668 5213 764 5269 τοῦ
808 5212 1067 5286 Χριστοῦ.
1109 5211 1306 5283 Σχῆμα
1339 5210 1562 5282 πληρῶν
1602 5211 1760 5281 μόνον

186 5301 418 5370 ἕστηκεν
450 5301 478 5352 6
500 5301 697 5371 ἱερεὺς,
734 5299 830 5354 καὶ
855 5297 1038 5367 δέησιν
1069 5294 1398 5367 προσφέρειο
1441 5296 1473 5364 ή
1509 5293 1565 5347 δὲ
1599 5294 1759 5365 χάρις

187 5382 284 5438 καὶ
309 5385 343 5453 ή
375 5381 603 5452 δύναμίς
631 5384 830 5452 ἐστινὴ
859 5381 951 5434 τοῦ
978 5378 1112 5433 Θεοῦ
1131 5381 1165 5451 ή
1195 5378 1372 5432 πάντα
1396 5375 1757 5451 ἐργαζομένη.

190 5464 375 5521 Τοῦτό
397 5482 518 5534 μου
544 5463 676 5518 ἐστὶ
707 5464 775 5518 τὸ
803 5463 998 5533 σῶμα,
1033 5462 1183 5535 φησί.
1216 5461 1386 5515 Τοῦτο
1410 5460 1470 5514 τὸ
1515 5462 1666 5532 ῥῆμα
1692 5458 1760 5515 τά

186 5546 524 5619 προκείμενα
567 5546 1017 5619 μεταρρυθμίξει.
1051 5546 1162 5600 Καὶ
1206 5544 1456 5616 καθάπερ
1503 5544 1685 5614 ἐκείνη
1724 5544 1758 5614 ή

187 5632 361 5704 φωνὴ,
392 5634 426 5703 ή
460 5630 713 5702 λέγουσα,
740 5632 1111 5697 Αῠξάνεσθε,
1127 5629 1642 5698 καίπληθύνεσθε,
1660 5626 1761 5682 καὶ

187 5719 542 5787 πληρώσατε
574 5720 690 5788 τὴν
718 5717 854 5787 γῆν,
889 5717 1040 5789 ῥῆμα
1070 5711 1158 5788 ἦν,
1199 5716 1301 5770 καὶ
1324 5715 1550 5784 ἐγένετο.
1575 5711 1756 5784 ἔργον,

188 5799 555 5874 ἐνδυναμοῦσα
570 5804 670 5877 τὴν
686 5801 1035 5874 ἀνθρωπίνην
1049 5798 1211 5871 φύσιν
1234 5799 1367 5873 πρὸς
1392 5797 1751 5857 παιδοποιίανο

1302 347 1389 402 DE
1423 341 1839 404 PRODITIONE
1875 341 2097 401 JUDE.
2142 340 2374 399 HOMIL.
2418 340 2462 395 ιι

3331 342 3437 398 590

1870 462 2013 517 οὕτω
2052 463 2144 517 καὶ
2175 461 2315 533 αῦτη
2346 463 2380 533 ἡ
2417 453 2587 532 φωνὴ,
2621 463 2652 531 ἡ
2682 459 2945 530 λέγουσα,
2969 458 3259 523 διαπαντὸς
3290 460 3442 528 αὔξει

1870 548 1936 617 τῇ
1964 545 2146 618 χάριτι
2166 545 2292 609 τοὺς
2310 543 2474 609 ἀξίως
2494 542 2840 614 μετέχοντας.
2856 543 3060 614 Μηδεὶς
3080 542 3257 596 τοίνυν
3280 543 3443 598 ὓπου-

1868 626 1960 691 λος
2006 628 2169 691 ἔστω,
2227 626 2414 699 μηδεὶς
2442 626 2699 697 πονηρὸς,
2761 626 2949 697 μηδεὶς
2999 624 3205 696 ἅρπαξ,
3258 625 3455 696 μηδεὶς

1868 707 2126 781 λοίδορος,
2161 709 2348 781 μηδεὶς
2382 708 2724 780 μισάδελφος,
2751 709 2940 780 μηδεὶς
2957 708 3307 780 φιλάργυρος,
3343 727 3446 781 μη-

1867 793 1980 857 δεὶς
2015 794 2270 865 μέθυσος,
2300 793 2487 866 μηδεὶς
2521 793 2871 865 πλεονέκτης,
2902 794 3093 864 μηδεὶς
3124 795 3444 865 ἀρσενοκοί-

1868 894 1988 948 της,
2028 878 2214 949 μηδεὶς
2264 877 2553 951 φθονερὸς,
2613 878 2801 949 μηδεὶς
2848 878 3073 951 πορνεία
3119 877 3444 943 δουλευέτω,

1872 961 2062 1031 μηδεὶς
2110 961 2375 1033 κλέπτης,
2424 961 2613 1032 μηδεὶς
2647 961 2951 1025 ἐπίϐουλος,
3004 962 3091 1015 ἵνα
3146 961 3224 1033 μὴ
3270 963 3447 1033 κρῖμα

1868 1042 2044 1114 ἐαυτῷ
2069 1042 2329 1115 λήψηται.
2360 1044 2471 1097 Καὶ
2485 1043 2599 1115 γὰρ
2618 1043 2740 1098 τότε
2761 1045 2790 1097 6
2826 1042 3025 1108 Ἰούδας
3053 1043 3284 1110 ἀναξίως
3315 1060 3446 1114 μετ-

1867 1125 1992 1199 έσχε
2036 1128 2131 1183 τοῦ
2174 1128 2436 1200 μυστικοῦ
2465 1128 2708 1195 δείπνου,
2740 1129 2836 1183 καὶ
2879 1126 3119 1196 ἐξελθὼν
3153 1126 3445 1199 παρέδωκε

1867 1210 1959 1264 τὸν
2000 1211 2223 1283 Κύριον,
2270 1212 2356 1265 ἵνα
2391 1211 2590 1283 μάθῃς,
2621 1212 2705 1266 ὅτι
2744 1215 2859 1277 τοῖς
2888 1211 3120 1277 ἀναξίως
3163 1211 3447 1290 μετέχουσι

1868 1294 1976 1347 τῶν
2005 1295 2341 1367 μυστηρίων,
2378 1294 2587 1358 τούτοις
2619 1295 2853 1368 μάλιστα
2876 1295 3113 1366 συνεχῶς
3156 1294 3393 1366 ἐπιπηδᾷ
3418 1294 3448 1346 6

1867 1376 2131 1443 διάϐολος,
2176 1378 2271 1432 καὶ
2313 1379 2395 1443 είς
2444 1377 2616 1450 μείζω
2656 1379 2930 1450 τιμωρίαν
2972 1378 3201 1442 ἐαυτοῦς
3244 1375 3449 1448 ἐμϐάλ-

1867 1459 2037 1515 λουσι.
2074 1462 2259 1515 Ταῦτα
2284 1461 2427 1532 λέγω
2453 1463 2553 1533 οὐχ
2595 1463 2683 1517 ἵνα
2712 1462 2934 1534 φοϐήσω
2976 1461 3160 1533 μόνον,
3208 1458 3325 1514 ἀλλ’
3356 1458 3448 1513 ἵνα

1871 1547 1964 1599 καὶ
2016 1546 2459 1620 ἀσφαλεστέρους
2514 1549 2748 1621 ποιήσω.
2791 1546 3060 1619 Καθάπερ
3097 1545 3207 1617 γὰρ
3261 1560 3446 1614 σωμα-

1869 1629 1993 1702 τικὴ
2026 1631 2223 1703 τροφὴ,
2257 1632 2386 1686 ὅταν
2424 1635 2505 1696 είς
2533 1632 2775 1703 γαστέρα
2801 1633 3007 1703 χυμοὺς
3033 1632 3260 1702 ἔχουσαν
3288 1646 3451 1699 πονη-

1872 1715 1999 1785 ροὺς
2022 1716 2259 1787 ἐμπέσῃ,
2286 1715 2469 1769 πλεῖον
2503 1715 2760 1770 ἐπιτείνει
2784 1716 2882 1786 τήν
2919 1714 3070 1768 νόσον
3088 1726 3102 1742 ⁸
3125 1711 3267 1766 οὓτω
3295 1711 3390 1766 καὶ
3413 1712 3451 1781 ἡ

1871 1798 2214 1870 πνευματικὴ
2263 1798 2460 1871 τροφὴ.
2497 1798 2624 1852 ὅταν
2655 1798 2893 1865 ἀναξίως
2937 1795 3254 1869 μετέχηται,
3283 1793 3450 1847 πλέον

1872 1883 2046 1954 κρῖμα
2071 1881 2250 1952 ἐαυτῷ
2281 1881 2532 1954 σωρεύει.
2563 1881 2771 1953 Μηδεὶς
2797 1880 2976 1935 τοίνυν
3006 1877 3276 1949 πονηροὺς
3301 1874 3449 1930 ἔνδον

1871 1964 2044 2035 ἐχέτω
2089 1965 2413 2036 λογισμοὺς,
2487 1964 2791 2036 παρακαλῶ
2814 2001 2835 2028 ,
2884 1962 2999 2017 ἀλλ’
3056 1959 3450 2029 ἐκκαθάρωμεν

1871 2049 2004 2119 ἡμῖν
2043 2048 2142 2121 τὴν
2190 2049 2452 2120 καρδίαν·
2491 2051 2585 2103 καὶ
2629 2048 2739 2119 γὰρ
2783 2046 2903 2102 ναοὶ
2935 2042 3072 2099 Θεοῦ
3126 2038 3310 2113 ἐσμεν,
3357 2041 3451 2094 ἐάν

1873 2129 2291 2202 καθαρεύωμεν.
2334 2130 2534 2203 Ἀγνὴν
2568 2131 2724 2201 ήμῶν
2755 2130 3076 2200 ποιήσωμεν
3111 2125 3208 2196 τὴν
3235 2124 3414 2195 ψυχήν
3434 2139 3447 2154 ·

1872 2215 1966 2268 καὶ
1995 2214 2105 2287 γὰρ
2149 2215 2378 2270 δυνατόν
2414 2217 2533 2269 ἐστι
2565 2215 2723 2268 τοῦτο
2755 2213 2982 2281 ποιῆσαι
3014 2212 3072 2265 ἐν
3115 2210 3214 2281 μιᾷ
3244 2207 3448 2279 ἡμέρᾳ.

1872 2300 1999 2362 Πῶς
2024 2301 2119 2352 καὶ
2145 2301 2251 2353 τίνι
2281 2299 2472 2371 τρόπῳ
2495 2315 2510 2365 ;
2553 2298 2679 2352 Ἐἀν
2702 2297 2832 2369 ἔχῃς
2856 2312 2910 2348 τι
2936 2293 3077 2349 κατά
3096 2292 3189 2347 τοῦ
3230 2289 3447 2361 ἐχθροῦ,

1873 2381 2021 2448 ἔξελε
2053 2382 2151 2454 τὴν
2183 2382 2375 2454 ὀργὴν,
2400 2381 2562 2436 λῦσον
2588 2381 2688 2453 τὴν
2711 2380 2934 2452 ἔχθραν,
2976 2377 3064 2431 ἶνα
3093 2374 3261 2446 λάϐῃς
3292 2373 3449 2445 θερα-

1874 2467 2031 2521 πείαν
2064 2467 2312 2536 ἀφέσεως
2340 2466 2449 2520 ἀπὸ
2479 2466 2578 2537 τῆς
2615 2461 2918 2537 τραπέζης.
2966 2458 3139 2531 Θυσίᾳ
3172 2455 3450 2528 προσέρχῃ

1873 2553 2075 2623 φρικτῇ
2106 2550 2199 2604 καὶ¹
2231 2549 2394 2621 ἁγίᾳο
2427 2547 2773 2619 ἐσφαγμένος
2811 2545 3099 2616 πρόκειται
3126 2543 3155 2595 6
3192 2539 3447 2611 Χριστός.

1885 2634 2023 2687 Ἀλλ’
2051 2633 2303 2703 ἐννόησον
2331 2634 2476 2697 τίνος
2497 2633 2680 2686 ἕνεκεν
2701 2629 2938 2700 ἐσφάγη.
2970 2627 3036 2680 Ὢ
3060 2623 3229 2679 ποίων
3250 2637 3451 2693 μυστη-

1875 2717 2011 2788 ρίων
2060 2717 2380 2789 ἐστερήθης,
2425 2716 2635 2770 Ἰούδαι
2668 2714 2903 2787 Χριστὸς
2929 2710 3070 2766 ἐκὼν
3105 2708 3326 2773 ἔπαθεν,
3360 2706 3451 2761 ἵνα

1872 2800 2013 2874 λύσῃ
2044 2800 2113 2855 τὸ
2154 2802 2516 2871 μεσότοιχον
2548 2801 2654 2855 τοῦ
2689 2796 2987 2870 φραγμοῦ,
3037 2794 3131 2848 καὶ
3161 2789 3339 2874 ἐνώσῃ
3383 2789 3451 2874 τά

1873 2872 2025 2940 κάτω
2053 2888 2165 2950 τοῖς
2194 2884 2327 2948 ἀνω,
2363 2886 2450 2939 ἵνα
2485 2884 2730 2954 ἀγγέλων
2751 2882 2952 2952 ποιήσῃ
2982 2876 3236 2934 κοινωνὸν
3255 2872 3453 2944 ἐχθρὸν

1872 2969 2002 3022 ὄντα
2036 2985 2094 3021 σε
2124 2969 2220 3022 καὶ
2256 2968 2536 3038 πολέμιον.
2566 2968 2676 3022 Καὶ
2709 2967 2738 3019 6
2767 2965 2866 3037 μὲν
2889 2960 3124 3036 Χριστδς
3149 2957 3248 3031 τὴν
3270 2954 3450 3028 ψυχὴν

1873 3049 2036 3104 αὐτοῦ
2071 3049 2330 3113 ἐξέδωκεν
2362 3050 2503 3118 ύπέρ
2526 3049 2618 3102 σοῦ
2636 3066 2649 3078 ·
2689 3050 2753 3102 σὺ
2780 3048 2837 3101 δέ
2861 3046 2939 3119 τῷ
2965 3041 3234 3114 συνδούλῳ
3266 3040 3450 3111 μένεις

1875 3132 2209 3204 ὲ>ιθριπιιν‹››ν;
2243 3132 2335 3185 καὶ
2373 3131 2491 3196 πῶς
2519 3132 2720 3203 δυνήσῃ
2746 3130 2981 3202 βαδίζειν
3010 3128 3103 3182 ἐπὶ
3131 3128 3229 3199 τὴν
3252 3124 3348 3195 τῆς
3372 3125 3451 3176 εί-

1875 3216 2046 3286 ρήνης
2076 3213 2388 3285 τράπεζανς
2443 3216 2502 3268 '0
2547 3215 2825 3284 Δεσπότης
2855 3230 2948 3265 σου
2986 3213 3048 3265 οὐ
3095 3208 3451 3281 παρῃτήσατο

1873 3298 2051 3351 πάντα
2085 3298 2377 3368 ὑπομεῖναι
2422 3297 2509 3351 διὰ
2540 3298 2620 3361 σέ,
2657 3296 2720 3349 σὺ
2757 3295 2815 3349 δέ
2859 3293 2981 3348 οὐδὲ
3022 3291 3191 3364 ὀργὴν
3231 3288 3450 3359 ἀφιέναι

1872 3379 2076 3451 ἀνέχῃ;
2120 3381 2276 3444 Τίνος
2304 3380 2512 3445 ἕνεκεν,
2541 3379 2662 3434 εἰπέ
2704 3395 2825 3451 μοι;
2872 3378 2935 3432 Ἥ
2982 3376 3170 3446 ἀγάπη
3197 3371 3323 3444 ῥίζα
3354 3372 3450 3425 καὶ

1874 3464 2027 3536 πηγὴ
2049 3465 2143 3518 καὶ
2166 3466 2351 3537 μήτηρ
2366 3465 2484 3518 ἐστὶ
2503 3465 2718 3519 πάντων
2743 3462 2851 3517 τῶν
2872 3458 3114 3530 ἀγαθῶν.
3142 3453 3449 3526 Ἐπηρέασέ

1876 3566 1987 3620 μοι,
2017 3549 2171 3619 φησὶ,
2202 3549 2272 3602 τά
2302 3554 2557 3620 μέγιστα,
2589 3548 2759 3621 μυρία
2791 3544 3019 3617 ἠδίκησέ
3058 3560 3170 3616 μοι,
3195 3541 3286 3596 τὸν
3320 3537 3451 3621 περὶ

1870 3619 1965 3684 τοῦ
2020 3628 2119 3702 ζῇν
2154 3619 2501 3703 ἐπεκρέμασέ
2555 3619 2646 3703 μοι
2671 3619 2954 3684 κίνδυνον.
2996 3625 3109 3682 Καὶ
3152 3623 3209 3677 τί
3253 3619 3452 3683 τοῦτο;

1874 3714 2024 3788 [595]
2061 3715 2174 3769 ἀλλ’
2192 3716 2406 3769 οὐδέπω
2428 3732 2486 3769 σε
2510 3715 2673 3769 ἐσταύ
2683 3732 2843 3788 ρωσε,
2868 3712 3118 3783 καθάπερ
3133 3709 3225 3763 τὸν
3247 3706 3449 3780 Κύριον

1872 3801 1923 3852 οί
1972 3799 2234 3854 Ἰουδαῖοι.
2272 3799 2400 3853 Ἐὰν
2448 3800 2522 3870 μὴ
2573 3800 2718 3871 ἀφῇς
2757 3798 2835 3868 τῷ
2867 3796 3094 3868 πλησίον
3122 3810 3216 3847 σου
3244 3791 3305 3844 τδ

1872 3900 2044 3954 κημα,
2081 3883 2202 3937 οὐδὲ
2235 3885 2263 3937 6
2295 3869 2486 3951 Πατήρ
2514 3869 2631 3934 σου
2660 3869 2698 3934 V6
2725 3879 2976 3950 οὐράνιος
3015 3876 3215 3948 ἀφήσει
3251 3888 3341 3954 σοι
3379 3869 3459 3924 τὸ

1872 3953 2249 4037 ἁμαρτήματά
2288 3982 2403 4018 σου.
2438 3963 2586 4035 Ποίῳ
2633 3963 2692 4017 δέ
2734 3962 2996 4016 συνειδότι
3039 3961 3207 4033 ἐρεῖς,
3258 3953 3450 4037 Πάτερ

2070 4034 2112 4103 δή
2147 4048 2218 4101 ἐν
2247 4046 2372 4113 τοῖς
2418 4044 2715 4115 οὐρανοῖς,
2760 4041 3098 4113 ἁγιασθήτω
3144 4039 3212 4094 τὸ

1870 4114 2008 4196 σου,
2037 4131 2130 4185 καὶ
2154 4129 2222 4184 τὰ
2251 4128 2412 4200 ὲξῆς;
2451 4114 2683 4200 Ὁμοίως
2709 4129 2739 4183 6
2760 4125 2998 4198 Χριστὸς
3022 4122 3119 4180 καὶ
3143 4122 3206 4177 τὸ
3230 4114 3392 4192 αἷμα,
3418 4117 3459 4171 δ

1871 4215 2091 4287 ἐξέχεαν
2120 4217 2340 4283 ἐκεῖνοι,
2365 4216 2445 4280 είς
2468 4213 2742 4286 σωτηρίαν
2766 4212 2875 4267 τῶν
2900 4210 3200 4284 ἐκχεόντων
3223 4206 3446 4261 δέδωκε.

1871 4301 1937 4354 Τί
1984 4286 2174 4354 τούτου
2223 4299 2337 4353 ίσον
2371 4298 2514 4370 ἔχεις
2556 4300 2814 4369 ποιῆσαι;
2873 4296 2999 4351 Ἐὰν
3051 4292 3126 4366 μὴ
3172 4292 3316 4362 ἀφῇς
3340 4369 3343 4370 ν
3369 4286 3449 4360 τῷ

1869 4378 2074 4451 ἐχθρῷ,
2105 4379 2207 4433 οὐκ
2238 4369 2447 4433 ἐκεῖνον
2484 4376 2773 4447 ἠδίκησας,
2802 4374 2940 4430 ἀλλά
2982 4371 3178 4428 σαυτόν
3197 4387 3213 4403 ο
3241 4369 3448 4451 ἐκεῖνον

1873 4450 2115 4536 μένίγὰρ
2153 4462 2417 4526 πολλάκις
2469 4463 2551 4525 είς
2595 4461 2689 4515 τὸν
2730 4461 2974 4532 παρόντα
3013 4457 3128 4529 βίον
3182 4450 3445 4536 Εύλσιψαςς

1873 4534 2066 4603 σαυτὸν
2087 4534 2163 4600 ⁷δέ
2193 4545 2577 4614 ἀσύγγνωστον
2627 4544 2868 4614 ἐποιήσω
2917 4540 3016 4613 τὴν
3050 4535 3318 4610 τιμωρίαν
3363 4534 3452 4596 εὶς

1868 4633 1968 4705 τὴν
2004 4629 2302 4703 μέλλουσαν
2335 4628 2566 4701 ἡμέραν.
2611 4628 2819 4683 Οὐδένα
2858 4624 2969 4697 γάρ
3003 4622 3142 4705 οὕτω
3174 4618 3324 4694 μισεῖ
3348 4617 3450 4705 καὶ.

1870 4700 2276 4785 ἀποστρέφεται
2312 4714 2342 4765 6
2377 4710 2529 4776 Θεὸς,
2572 4710 2648 4774 ὡς
2674 4711 3013 4783 μνησίκακον
3040 4704 3346 4777 ἄνθρωπον,
3366 4700 3451 4771 ὡς,

1872 4796 2209 4853 οἰδαίνουσαν
2230 4793 2460 4867 καρδίαν
2481 4795 2574 4849 καὶ
2586 4794 3021 4865 φλεγμαίνουσαν
3035 4788 3236 4866 ψυχήν.
3253 4787 3456 4844 Ἀκουκ

1873 4899 1965 4937 σον
2012 4879 2151 4950 γοῦν
2179 4878 2231 4932 τί
2265 4894 2431 4950 φησιν
2471 4879 2501 4932 6
2537 4875 2778 4949 Κύριοςο
2834 4876 2971 4930 Ἐὰν
3000 4870 3349 4944 προσφέρῃς
3378 4869 3444 4923 τὸ

1868 4964 2061 5033 δῶρόν
2089 4977 2208 5018 σου
2232 4962 2332 5016 ἐπὶ
2357 4962 2424 5015 τὸ
2460 4958 2916 5029 θυσιαστήριον,
2942 4960 3120 5017 κάκεῖ
3132 4954 3451 5030 μνησθῇς-μ

1867 5046 1959 5101 ὅτι
1994 5049 2026 5100 δ
2058 5045 2325 5115 ἀδελφός
2362 5057 2480 5098 σου
2505 5042 2633 5114 ἔχει
2680 5061 2742 5099 τε
2774 5041 2926 5098 κατὰ
2955 5042 3095 5110 σοῦ,
3141 5041 3292 5111 ἄφες
3318 5037 3448 5092 ἐκεῖ

1866 5130 1940 5184 τὸ
1967 5128 2162 5198 δῶρόν
2199 5143 2318 5183 σου
2353 5127 2705 5196 ἐμπροσθενι
2717 5127 2824 5182 τοῦ
2859 5124 3315 5192 θυσιαστηρίου,
3342 5118 3450 5175 ita?

1867 5211 2089 5267 ἄπελθε
2127 5210 2364 5279 πρῶτον
2405 5211 2505 5266 καί
2529 5210 2885 5280 διαλλάγηθι
2919 5209 3002 5275 τῷ
3022 5205 3262 5276 ἀδελφῷ
3286 5220 3404 5259 σου
3421 5216 3439 5234 ο

1867 5290 1967 5344 καὶ
1994 5291 2128 5344 τότε
2165 5289 2360 5344 ἐλθὼν
2394 5291 2698 5364 πρόσφερε
2733 5288 2802 5349 τὸ
2845 5288 3039 5357 δῶρόν
3072 5303 3216 5345 σου.
3244 5284 3309 5337 Τί
3354 5280 3442 5336 λέ-

1866 5391 2002 5443 γεις,
2031 5373 2251 5445 ’Λφήσω
2284 5375 2402 5427 ἐκεῖ
2425 5373 2486 5427 τὸ
2510 5373 2703 5450 δῶρον,
2738 5372 2905 5449 ήςγουν
2932 5370 3031 5445 τὴν
3064 5368 3285 5433 ﬂuuiana;
3307 5367 3438 5428 Ναὶ.

1867 5457 2032 5529 φησί’
2061 5457 2148 5511 διὰ
2181 5457 2290 5528 γὰρ
2310 5459 2409 5528 τὴν
2433 5459 2656 5532 εἰρήνην
2676 5456 2936 5528 τὴν.πρδς
2967 5455 3059 5508 τὸν
3092 5452 3319 5523 ἀδελφόν
3342 5468 3437 5507 σου

1864 5540 1960 5593 καὶ
1992 5539 2128 5609 αὑτὴ
2155 5537 2369 5609 ήθυσία
2394 5539 2629 5607 ἐγένετο.
2659 5538 2721 5590 Εἰ
2759 5536 2939 5593 τοίνυν
2963 5535 3052 5590 διὰ
3085 5535 3186 5607 τὴν
3214 5536 3439 5607 εἰρήνην

1864 5625 1963 5696 τὴν
1984 5625 2065 5688 εἰς
2093 5623 2185 5677 τὸν
2207 5621 2431 5692 πλησίον
2457 5624 2492 5693 ή
2521 5621 2681 5676 θυσία
2709 5621 2849 5685 ἐστὶ,
2890 5620 2956 5674 σὺ
2976 5619 3034 5674 δέ
3060 5619 3121 5674 οὐ
3149 5619 3437 5691 κατορθοῖς

1863 5708 1965 5780 τὴν
2007 5707 2250 5778 εἰρήνην,
2284 5707 2333 5758 εί
2355 5706 2450 5759 καὶ
2483 5706 2731 5775 μετέχεις
2767 5704 2868 5776 τῆς
2904 5704 3116 5769 θυσίας,
3150 5703 3433 5774 ἀνωφελής

1867 5809 1948 5847 σοι
1973 5792 2007 5864 ή
2047 5788 2345 5863 μετάληψις
2373 5788 2592 5860 γέγονεν
2612 5789 2740 5846 ἄνευ
2766 5788 2860 5846 τοῦ
2888 5786 3307 5863 κατορθώματος
3337 5787 3444 5857 τῆς
