3862 6232
155 338 268 396 391

160 543 225 598 Si
252 544 413 613 igitur
439 551 658 612 propter
688 554 869 611 pacem
895 555 1016 596 cum
1047 541 1290 610 proximo
1313 551 1407 597 tuo
1427 542 1744 599 sacriﬁcium

161 633 398 688 oﬁ'ertur
418 672 435 698 ,
479 640 535 686 tu
564 645 695 686 vero
736 645 920 701 pacem
949 644 1058 685 non
1100 641 1247 687 recte
1288 646 1496 700 servas,
1540 634 1747 691 etiamsi

54 728 57 795 ί
156 725 416 780 sacriﬁcii
460 726 726 795 particeps
748 724 844 789 sis,
889 723 1090 779 inutilis
1134 722 1231 779 tibi
1273 723 1390 781 lure
1416 725 1750 797 participatio

158 817 397 872 efficitur
421 816 538 871 sine
565 815 744 870 studio
768 813 1042 869 servandae
1072 815 1236 885 pacis.
1275 814 1407 871 lllnd
1440 830 1566 887 ergo
1603 819 1750 887 prius

160 908 349 974 facito,
376 923 559 979 pacem
585 908 788 963 scilicet
810 922 968 973 cura,
1003 918 1222 978 propter
1245 923 1403 976 quam
1428 909 1747 962 sacriﬁcium

161 1002 412 1064 offertur,
456 1009 519 1057 et
549 1010 677 1053 tunc
705 1007 850 1054 recte
890 997 980 1051 illo
1022 996 1236 1052 frueris.
1280 998 1568 1067 Propterea
1607 1002 1748 1052 enim

164 1094 341 1149 Filius
375 1092 467 1147 Dei
495 1091 642 1145 venit
684 1091 738 1144 in
784 1089 1079 1155 mundum,
1122 1100 1180 1143 ut
1226 1098 1466 1144 naturam
1510 1100 1746 1145 nostram

161 1185 319 1241 Patri
336 1182 725 1247 reconciliaret,
754 1181 1201 1250 quemadmodum
1236 1182 1309 1235 ait
1339 1182 1531 1236 Paulus
1555 1199 1570 1237 :
1594 1180 1749 1237 Nunc

157 1291 344 1332 amem
363 1275 700 1331 reconciliavit
725 1273 818 1327 sibi
846 1273 1016 1327 omnia
1069 1272 1258 1341 (Calas.
1290 1274 1337 1327 1.
1362 1273 1480 1344 22),
1508 1290 1597 1341 per
1623 1291 1747 1327 cra-

158 1384 281 1421 cem
305 1366 607 1433 interﬁciens
632 1364 946 1419 inimicitiam
967 1364 1017 1417 in
1036 1364 1302 1432 semetipso
1325 1363 1537 1435 (Ephes.
1554 1364 1612 1420 2.
1634 1363 1745 1436 16).

162 1458 300 1514 Ideo
320 1473 421 1510 non
451 1458 565 1527 ipse
591 1456 737 1512 solus
763 1456 904 1510 venit
942 1465 999 1510 ut
1036 1471 1217 1525 pacem
1251 1455 1428 1520 iniret,
1454 1456 1546 1511 sed
1572 1465 1623 1512 et
1649 1473 1748 1514 nos

161 1562 384 1620 quoque
410 1547 594 1601 beatos
625 1547 899 1616 praedicat.
942 1546 987 1600 si
1030 1547 1174 1616 parin
1217 1545 1505 1611 faciamus,
1545 1561 1748 1617 nosque

160 1652 285 1691 sua:
308 1638 682 1708 appellationis
723 1648 1002 1692 consortes
1035 1636 1218 1692 efﬁcit.
1266 1636 1398 1692 Nam
1419 1636 1564 1691 Beati
1606 1639 1749 1706 paci-

158 1727 277 1797 ﬁci,
301 1728 537 1795 quoniam
563 1727 661 1796 ﬁlii
685 1725 783 1782 Dei
806 1726 1116 1782 uocabantur
1141 1725 1355 1795 (Matth.
1382 1727 1436 1782 5.
1463 1727 1551 1799 9).
1596 1728 1747 1796 Quod

159 1818 352 1888 itaque
377 1817 622 1873 Christus
646 1817 812 1874 Filius
841 1816 936 1874 Dei
967 1820 1108 1885 fecit,
1136 1820 1362 1889 idipsum
1393 1828 1448 1875 et
1473 1832 1528 1875 tu
1557 1836 1749 1877 secun-

158 1908 298 1963 dum
344 1910 631 1963 humanam
661 1907 966 1965 facultatem
995 1909 1175 1977 facito,
1218 1910 1470 1981 pacisque
1497 1913 1753 1969 concilia-

156 2009 253 2056 tor
282 2008 338 2055 et
364 2001 455 2055 tibi
481 2001 586 2068 sis,
617 2010 672 2057 et
704 2002 950 2073 proximo
981 2012 1091 2057 tuo.
1127 2002 1251 2057 Ideo
1278 2002 1444 2058 ﬁlium
1475 2004 1569 2058 Dei
1595 2014 1752 2061 vocat

154 2091 445 2165 paciﬁcum
481 2109 496 2147 :
528 2090 646 2148 eam
671 2092 742 2147 ob
765 2108 879 2149 rem
913 2094 964 2148 in
990 2101 1234 2165 tempore
1272 2095 1521 2150 sacriﬁcii
1544 2095 1750 2154 nullum

154 2185 331 2239 alium
356 2194 622 2240 memorat
639 2184 861 2256 justitite
882 2187 1119 2252 modum,
1142 2186 1244 2242 nisi
1265 2187 1750 2245 reconciliationem

123 2294 290 2336 .cum
331 2278 530 2347 fratre,
572 2278 862 2335 ostendens
903 2279 1180 2335 caritatem
1216 2279 1457 2336 omnium
1497 2281 1750 2337 virtutum

155 2373 452 2429 maximam
494 2387 635 2429 esse.
676 2370 935 2430 Volebam
975 2388 1125 2440 sane,
1164 2372 1365 2441 dilecti,
1408 2375 1751 2445 prolixiorem

152 2465 367 2519 habere
410 2479 715 2521 sermonem
756 2482 772 2519 :
816 2480 998 2519 verum
1041 2463 1309 2521 sufﬁciunt
1345 2481 1410 2521 ea
1452 2483 1572 2538 qua:
1610 2468 1751 2525 dicta

153 2566 291 2611 sunt
315 2556 401 2624 iis,
425 2556 518 2628 qui
542 2570 729 2612 semen
756 2556 968 2626 pietatis
1012 2572 1135 2612 cum
1162 2559 1455 2614 attentione
1496 2566 1551 2615 et
1595 2559 1751 2614 intel-

153 2649 380 2720 ligentia
426 2648 743 2719 suscipiunt,
784 2650 984 2720 quique
1028 2649 1184 2705 dictis
1225 2650 1460 2706 animum
1499 2651 1753 2709 adhibere

153 2741 368 2796 volunt.
413 2738 637 2805 Horum,
682 2756 887 2810 quaeso,
916 2741 1198 2796 verborum
1241 2756 1456 2812 semper
1496 2744 1751 2800 recorde?

156 2847 308 2898 mur,
358 2831 729 2901 tremendique
772 2833 1069 2903 amplexus,
1117 2847 1275 2903 quem
1318 2843 1505 2889 mutuo
1539 2835 1750 2890 damus.

156 2923 268 2979 llic
290 2924 434 2979 enim
460 2923 739 2994 amplexus
762 2923 971 2980 animas
990 2924 1203 2996 colligat
1221 2936 1453 2992 nostras,
1476 2935 1531 2983 et
1562 2942 1752 2984 omnes

157 3029 332 3070 unum
374 3029 569 3085 corpus
618 3030 682 3069 ac
727 3015 966 3070 membra
1005 3013 1202 3071 Christi
1248 3017 1410 3072 efficit
1455 3020 1752 3089 :quoniam

155 3105 321 3161 unius
347 3105 588 3175 corporis
616 3105 898 3177 participes
922 3120 1108 3161 sumus
1128 3122 1334 3163 omnes.
1365 3107 1542 3164 Unum
1571 3110 1751 3181 itaque

157 3196 458 3252 secundum
504 3193 583 3251 rei
631 3196 912 3251 veritatem
958 3211 1158 3267 corpus
1202 3196 1498 3253 efﬁciamur
1539 3213 1748 3266 omnes,

951 345 1039 401 DE
1077 345 1507 405 C(EMETEIHO
1545 348 1636 405 ET
1679 347 1767 405 DE
1803 342 2052 405 CDUCE.
2082 374 2155 385 --
2180 344 2514 404 MONITUM.

54 468 59 477 ·
162 464 358 514 pacem
397 463 521 504 cum
569 449 732 503 fratre
768 456 860 502 tuo
899 449 1002 502 hoc
1038 448 1353 503 sacriﬁcium
1406 448 1602 504 factum
1642 459 1742 506 est.

3326 354 3435 411 392

1854 452 2153 507 conciliata:
2181 456 2324 523 pacis
2351 456 2684 526 receptacula
2716 456 2830 513 ﬁeri
2869 460 3181 529 poterimus.
3226 463 3433 521 Etenim

1852 543 1898 597 si
1926 552 2178 598 sexcenta
2216 545 2355 601 bona
2383 559 2544 616 epera
2592 561 2754 617 penes
2783 564 2882 605 nos
2925 549 3247 620 habeamus,
3277 565 3332 610 et
3356 556 3439 610 in-

1849 632 2111 703 juriarum
2139 650 2404 691 memores
2437 637 2634 704 simus,
2661 640 2840 694 omnia
2866 631 3058 695 frustra
3088 651 3143 697 et
3169 643 3442 700 incassum

1856 724 2081 792 egimus,
2116 725 2355 795 nihilque
2380 726 2504 782 inde
2542 729 2609 784 ad
2635 729 2857 785 salutem
2887 732 3081 787 lucrari
3123 736 3443 804 poterimus.

1853 815 2188 872 Ascensurus
2224 818 2366 872 enim
2411 819 2477 874 ad
2525 819 2737 876 Patrem
2783 822 3044 889 Christus,
3092 825 3212 881 loco
3250 828 3439 898 gloriae

1854 913 2210 972 temporanea:
2236 917 2289 963 et
2314 924 2625 980 magnarum
2650 927 2809 981 opum
2826 955 2839 975 ,
2875 912 3012 968 hanc
3036 914 3312 985 discipulis
3341 921 3443 973 Ite--

1853 995 2133 1052 reditatcm
2180 999 2427 1068 relinquit
2468 1000 2652 1056 dicens
2696 1001 2930 1058 :Pacem
2970 1022 3130 1058 meum
3169 1006 3235 1060 do
3280 1009 3446 1075 vobis,

1853 1100 2029 1156 pacem
2060 1104 2221 1141 meam
2248 1090 2477 1159 relinquo
2501 1091 2638 1145 vobis
2670 1092 2846 1165 (Joan.
2881 1096 2966 1148 Η.
2995 1094 3118 1168 27).
3147 1097 3278 1164 Qua:
3305 1098 3441 1153 divi-

1855 1177 1963 1243 tiae,
1985 1189 2182 1246 quanta
2208 1181 2549 1249 pecuniarum
2574 1185 2725 1255 cepia
2756 1186 3037 1254 pretiosior
3056 1186 3217 1243 fuerit
3238 1188 3440 1245 Christi

1853 1284 2014 1338 pace,
2056 1286 2174 1340 qute
2200 1287 2361 1329 omne
2389 1275 2607 1330 verbum
2628 1318 2642 1339 ,
2673 1291 2887 1332 omnem
2926 1289 3160 1334 mentem
3185 1281 3442 1351 supcrat?

1853 1360 1966 1416 Hoc
1995 1363 2172 1434 itaque
2209 1378 2330 1418 cum
2359 1365 2520 1421 sciret
2547 1367 2835 1423 Malachias
2865 1369 3123 1439 propheta
3143 1412 3157 1435 ,
3195 1383 3248 1427 et
3273 1387 3437 1442 grave

1853 1462 1908 1506 et
1930 1455 2317 1510 atrocissimum
2342 1470 2461 1511 csse
2486 1457 2737 1513 delictum
2756 1500 2771 1524 ,
2805 1475 2872 1513 ex
2902 1475 3127 1530 persona
3157 1462 3247 1516 Dei
3286 1463 3437 1519 dice-

1854 1543 1946 1598 bat
1985 1561 1999 1597 :
2041 1542 2243 1614 Populo
2282 1563 2456 1613 meus,
2502 1549 2765 1616 loquimini
2808 1551 3061 1606 ueritatem
3099 1554 3443 1626 unusquisque

1853 1649 1967 1687 cum
1994 1638 2227 1705 proximo
2249 1654 2363 1704 suo,
2389 1649 2435 1693 et
2461 1641 2801 1710 unusquisque
2825 1642 3072 1696 malitiam
3096 1644 3147 1697 in
3173 1645 3324 1700 corde
3346 1663 3444 1702 suo

1852 1736 2031 1779 contra
2072 1728 2356 1797 proximum
2381 1744 2535 1784 suum
2549 1748 2650 1787 non
2673 1742 2854 1801 cogitet
2882 1732 3085 1802 injurice
3121 1751 3312 1789 menter
3345 1752 3365 1791 :
3391 1745 3443 1791 et

1844 1817 2193 1886 juramcntum
2218 1819 2440 1873 mendax
2467 1836 2529 1873 ne
2566 1821 2796 1891 diligite,
2826 1831 2872 1876 et
2901 1839 3001 1878 non
3031 1826 3310 1880 moriemini
3348 1828 3444 1881 do-

1853 1924 1969 1962 mu;
2020 1899 2228 1970 Israel,
2280 1900 2410 1957 dicit
2465 1901 2719 1958 Dominus
2778 1904 2950 1973 (Zaclt
2989 1950 3005 1965 .
3062 1911 3114 1968 8.
3177 1911 3268 1968 16.
3324 1916 3441 1985 Π).

1854 1998 1936 2055 Ac
1963 1998 2010 2054 si
2037 1998 2279 2065 diceret,
2322 2000 2366 2053 si
2404 2001 2576 2058 futuri
2602 2001 2738 2056 estis
2772 2002 3092 2071 mendaces,
3129 2005 3441 2075 iniuriarum

1855 2102 2146 2155 memores,
2176 2087 2396 2158 periuri,
2426 2089 2800 2146 oblitnscentes
2825 2092 3073 2148 mandata
3100 2110 3239 2161 mea,
3267 2106 3441 2153 morte

1856 2181 2177 2235 moriemini.
2224 2179 2351 2235 Haec
2381 2181 2542 2251 igitur
2577 2182 2756 2238 omnia
2784 2185 3017 2240 scientes
3038 2226 3054 2252 ,
3084 2186 3261 2249 dilecti
3283 2227 3299 2254 ,
3328 2202 3445 2242 om-

1856 2288 1978 2328 nem
2008 2273 2276 2329 solvamus
2298 2272 2463 2339 iram,
2492 2289 2677 2343 pacem
2714 2288 2899 2332 mutuo
2926 2291 3231 2345 servemus,
3258 2280 3445 2337 avulsa

1857 2364 2108 2435 nequitiae
2137 2365 2317 2420 radice
2359 2377 2685 2437 purgataque
2727 2368 3091 2435 conscientia;
3136 2385 3258 2425 cum
3289 2387 3444 2427 man-

1857 2457 2137 2512 suetudine
2175 2467 2232 2514 et
2259 2458 2521 2514 modestia
2561 2468 2854 2530 magnaque
2896 2462 3091 2531 pictius
3123 2462 3190 2517 ad
3219 2463 3446 2520 horren-

1857 2547 2046 2602 dorum
2093 2555 2151 2603 et
2199 2548 2514 2604 terribilium
2563 2552 2938 2622 mysteriorum
2988 2553 3446 2623 participationem

1858 2638 2175 2694 accedamus
2196 2680 2211 2704 ,
2243 2655 2354 2694 non
2382 2641 2752 2712 impellentes,
2780 2657 2886 2697 non
2909 2643 3146 2697 calcibus
3181 2643 3448 2714 impeten-

1859 2737 1959 2796 tes,
2007 2745 2111 2784 non
2155 2745 2275 2784 cum
2316 2736 2537 2801 strepitu
2567 2741 2623 2787 et
2664 2733 2897 2788 clamore
2923 2733 3283 2791 vociferantes
3304 2734 3448 2801 ,M

1856 2835 1977 2876 cum
2002 2822 2194 2876 timore
2232 2830 2289 2877 et
2314 2832 2547 2878 tremore
2572 2839 2782 2892 magno,
2813 2840 2933 2880 cum
2962 2827 3370 2894 compunctione
3390 2836 3450 2884 et

1858 2912 2112 2985 lacrymis
2138 2931 2152 2968 :
2183 2923 2241 2967 ut
2270 2914 2530 2985 benignus
2558 2917 2645 2972 ille
2672 2917 2945 2983 Dominus,
2977 2919 3253 2988 paciﬁcum
3283 2920 3447 2975 animi

1856 3013 2073 3070 statum,
2104 3021 2207 3058 non
2234 3006 2537 3059 simulatam
2562 3007 2864 3071 caritatem,
2913 3016 2965 3062 et
3000 3006 3223 3063 fraterni
3246 3010 3447 3065 amoris

1857 3095 2182 3150 consortium
2205 3110 2436 3164 superne
2455 3096 2767 3166 respiciens,
2788 3107 2843 3153 et
2868 3098 2949 3153 his
2968 3098 3071 3152 bon
3084 3098 3128 3152 is
3148 3108 3202 3153 et
3222 3099 3451 3168 promis-

1856 3185 1931 3240 sis
1957 3200 2054 3240 nos
2081 3200 2267 3240 onmes
2302 3186 2549 3255 dignetur
2569 3226 2585 3250 ,
2613 3189 2780 3257 gratia
2804 3196 2859 3243 et
2884 3187 3208 3259 benignitate
3237 3189 3447 3246 Domini

1858 3276 2025 3330 nostri
2064 3275 2188 3330 Jesu
2214 3276 2451 3342 Christi,
2483 3278 2695 3347 quicum
2725 3279 2888 3344 Patri,
2913 3288 2970 3334 et
2994 3295 3095 3333 una
3121 3289 3304 3335 sancto
3327 3280 3449 3350 Spi-

1856 3365 2017 3430 ritui,
2051 3365 2218 3435 gloria
2238 3405 2256 3432 ,
2287 3365 2569 3436 imperium
2588 3408 2605 3433 ,
2636 3367 2842 3435 honor,
2871 3372 3013 3423 nunc
3038 3378 3094 3423 et
3114 3384 3348 3440 semper,
3390 3378 3450 3427 et

1858 3456 1913 3512 iu
1940 3457 2136 3512 smcula
2160 3457 2504 3513 saeculorum.
2532 3459 2728 3514 Amen.

159 3303 274 3344 non
300 3302 526 3358 corpora
557 3289 1002 3356 commiscentes,
1041 3289 1138 3345 sed
1159 3289 1367 3345 animas
1395 3301 1581 3347 mutuo
1615 3293 1752 3347 cari-

156 3380 293 3459 tatis
320 3378 530 3436 vinculo
550 3379 887 3450 colligantes.
929 3380 986 3436 Si
1029 3380 1173 3436 enim
1218 3383 1291 3435 ita
1334 3381 1609 3448 faciamus,
1652 3380 1752 3439 bac

157 3469 269 3527 frui
296 3484 483 3526 mensa
525 3484 647 3527 cum
674 3469 867 3526 ﬁducia
903 3479 958 3528 et
1000 3485 1031 3526 a
1056 3471 1257 3527 victore
1283 3472 1495 3529 Christo
1532 3473 1744 3529 tandem

194 3898 3420 3935 mww—LW

1566 4150 2051 4212 ADMONITIO.
2088 4126 2093 4129 ’

82 4412 101 4423 ⁶
179 4416 327 4454 anno
376 4399 476 4457 586
517 4399 711 4470 festum
744 4411 943 4460 sanch
984 4403 1282 4470 Domninaz,
1331 4405 1437 4458 siue
1491 4404 1697 4459 decima
1743 4413 1939 4474 quarta
1980 4406 2092 4460 dies
2118 4405 2334 4476 Aprilis,
2362 4407 2637 4461 undecimo
2672 4414 2792 4476 post
2835 4403 3184 4470 Parasceucn,
3224 4411 3274 4458 et
3306 4417 3454 4458 anno

180 4496 289 4553 387
323 4499 598 4553 undecimo
636 4507 759 4553 ante
800 4498 1129 4554 Parasceuen
1173 4500 1258 4553 die
1294 4500 1614 4554 occurrebat.
1645 4497 1980 4554 Probabilius
2011 4516 2133 4572 ergo
2161 4503 2423 4572 referatur
2448 4502 2505 4555 in
2548 4516 2749 4555 annum
2780 4500 2906 4566 392,
2945 4514 3046 4571 quo
3074 4494 3280 4553 Pascha
3314 4496 3457 4552 cele-

182 4592 442 4649 brabatur
478 4595 726 4650 vicesima
770 4605 957 4650 octaua
1020 4595 1223 4660 Martii,
1277 4603 1328 4649 et
1376 4596 1580 4649 decima
1641 4603 1835 4667 quarta
1894 4594 2092 4665 Aprilis
2134 4596 2438 4649 occurrebat
2489 4597 2769 4651 octodecim
2815 4593 2992 4649 diebus
3050 4600 3163 4662 post
3210 4600 3459 4646 sanctam

182 4688 540 4744 Parasceven.
582 4689 697 4745 [mo
736 4689 926 4760 viginti
970 4689 1108 4753 dies,
1145 4687 1190 4743 si
1220 4687 1535 4743 vicesimam
1564 4697 1775 4744 sextam
1818 4686 1996 4742 Martii
2025 4700 2133 4758 qua
2166 4686 2515 4752 Parasceves,
2553 4696 2609 4742 et
2644 4686 2910 4742 decimam
2944 4692 3197 4755 quartam
3227 4682 3458 4754 Aprilis,

183 4797 297 4852 qua
340 4780 397 4836 S.
434 4781 719 4837 Domninte
754 4782 955 4838 festum
1005 4780 1402 4846 celebrabatur,
1447 4793 1831 4836 connumeres.

257 4877 359 4931 His
408 4877 717 4946 adjicimus,
761 4891 865 4931 nos
903 4891 970 4931 es
1012 4876 1384 4932 admonitione
1409 4876 1553 4932 circa
1581 4877 1875 4932 tumultum
1906 4875 1964 4930 in
1998 4870 2309 4929 aceedendo
2336 4870 2405 4926 ad
2437 4878 2646 4928 sacram
2674 4868 3113 4926 communionem
3163 4880 3272 4925 non
3315 4869 3461 4926 mul-

184 4978 308 5024 tum
356 4968 586 5036 moveri,
635 4978 696 5023 ut
735 4984 857 5025 eam
898 4969 985 5024 vel
1016 4970 1071 5022 in
1103 4983 1308 5023 annum
1336 4968 1467 5033 586,
1493 4968 1580 5023 vel
1632 4971 1689 5022 in
1718 4982 1924 5022 annum
1947 4966 2052 5021 587
2092 4964 2466 5034 conjiciamus.
2496 4961 2683 5033 Neque
2716 4963 2864 5018 enim
2888 4962 2942 5016 in
2979 4962 3216 5018 homiliis
3245 4970 3464 5018 tantum

182 5065 254 5119 de
298 5064 480 5118 Natali
522 5073 581 5118 et
615 5065 685 5118 de
724 5062 1069 5133 Ephiphania
1114 5062 1417 5117 admonitio
1458 5062 1773 5132 huiusmodi
1825 5062 2084 5126 occurrit,
2123 5061 2220 5116 sed
2260 5059 2424 5114 etiam
2466 5058 2525 5113 in
2563 5057 2783 5113 humilia
2825 5057 3150 5128 praecedenti
3197 5048 3272 5111 De
3302 5056 3468 5112 ludar

184 5155 508 5225 proditione,
559 5155 723 5224 cuius
758 5170 966 5208 annum
1008 5153 1286 5224 assignare
1321 5167 1432 5207 non
1472 5152 1772 5221 potuimus.
1804 5150 1944 5218 Quid
1992 5150 2136 5206 enim
2181 5144 2510 5205 incommodi
2541 5148 2782 5215 accedat,
2824 5146 2870 5204 sl
2915 5156 3182 5220 ponamus
3212 5145 3457 5220 Chryso—

189 5258 432 5303 stomum
472 5248 661 5304 multis
706 5248 982 5318 variisque
1024 5247 1207 5312 annis,
1237 5246 1363 5318 quia
1393 5260 1494 5317 par
1523 5247 1790 5302 tumultus
1822 5263 1852 5302 a
1897 5246 2099 5318 populo
2128 5246 2523 5309 concitabatur,
2565 5244 2756 5301 eadem
2793 5244 2871 5300 uti
2909 5244 3285 5301 adhortatione
3316 5257 3465 5314 opus

188 5340 498 5397 habuisse?
535 5341 746 5396 Meliori
790 5341 956 5412 igitur
997 5338 1206 5397 calculo
1250 5341 1305 5396 in
1346 5354 1551 5395 annum
1600 5340 1705 5395 593
1751 5341 2055 5396 referamus
2090 5359 2104 5395 :
2139 5341 2240 5395 etsi
2289 5352 2397 5395 non
2443 5339 2623 5395 omnis
2661 5348 2887 5410 prorsus
2919 5337 3134 5393 tollatur
3168 5331 3462 5392 dubitandi

188 5451 356 5490 causa
391 5454 406 5489 :
437 5450 566 5490 nam
602 5448 663 5490 ut
693 5436 930 5490 diximus
974 5433 1179 5490 Monito
1227 5434 1281 5488 in
1331 5433 1580 5489 homilias
1621 5442 1803 5486 contra
1848 5433 2078 5498 Judwos,
2128 5428 2349 5489 Tabulae
2381 5433 2692 5504 paschales,
2734 5446 2855 5502 quas
2899 5434 3027 5484 sunt
3055 5424 3466 5499 posterioribus

189 5526 405 5583 seculis
435 5526 799 5593 concinnatae,
831 5540 956 5581 cum
997 5525 1274 5581 veteribus
1314 5523 1539 5580 calculis
1577 5537 1688 5578 non
1726 5526 2059 5580 concordare
2104 5524 2262 5581 facile
2307 5535 2555 5596 possunt,
2587 5526 2765 5595 iisque
2800 5535 2911 5577 non
2942 5521 3167 5578 omnino
3201 5520 3337 5576 ﬁdes
3363 5516 3464 5577 est.

192 5622 468 5679 habenda.
1568 5618 1571 5619 ⁷

262 5715 449 5773 lacobi
495 5712 733 5773 Gretseri
785 5712 1299 5787 interpretationem
1348 5712 1615 5777 Latinam,
1663 5712 1869 5784 aliquot
1912 5713 1965 5769 in
2007 5712 2140 5770 locis
2182 5714 2516 5785 castigatam,
2560 5709 2860 5768 edidimus.

3270 5821 3345 5840 ..αθ
