3906 6224
476 314 580 369 τῖθῦ

459 427 656 480 ἐκλασε
681 443 696 458 ·
738 429 979 501 σήμερον
1016 436 1141 497 τοὺς
1183 434 1414 505 μοχλοὺς
1448 438 1574 501 τοὺς
1608 439 1863 511 σιδηροῦς
1911 459 2037 496 συν-

461 516 707 573 έθλασεν.
742 521 885 590 Ὅρα
902 523 1000 589 τὴν
1021 526 1308 586 ἀκρίϐειαν
1338 528 1436 599 τῆς
1466 529 1684 596 λέξεως.
1721 534 1834 586 Οὐκ
1857 531 2034 600 εἶπεν,

473 611 699 679 ’ἀνέῳξε
739 612 913 677 πύλας
956 616 1185 685 χαλκᾶς,
1220 618 1391 686 ἀλλά,
1435 621 1784 678 Συνέθλασε
1835 627 2039 694 πύλας

459 702 716 770 χαλκᾶς,
744 704 830 757 ἵνα
864 704 1137 778 ἄχρηστον
1159 710 1384 782 γένηται
1407 711 1467 765 τὸ
1496 713 1892 786 δεσμωτήριον.
1923 719 2038 772 Οὐκ

459 793 645 862 ἀφεῖλε
684 795 812 858 τοὺς
855 799 1108 867 μοχλοὺς,
1151 801 1289 856 ἀλλὰ
1340 804 1699 870 συνέθλασεν,
1744 809 1832 862 ἵνα
1878 811 2039 865 ἀσθε-

459 883 558 953 νὴς
602 885 827 955 γένηται
868 889 1171 964 ἡφυλακή.
1215 894 1391 947 Ὅπου
1429 914 1495 966 γε
1532 896 1657 951 οὔτε
1703 900 1863 972 θύρα,
1914 903 2037 957 οὔτε

460 974 683 1045 μοχλὸς,
717 977 819 1032 κᾶν
850 982 1063 1049 εἰσέλθῃ
1098 1001 1205 1047 τις,
1239 987 1300 1049 ού
1336 988 1647 1058 κατέχεται.
1684 992 1853 1047 Ὅταν
1893 993 1986 1048 οὖν
2009 998 2038 1049 6

456 1066 688 1132 Χριστὸς
726 1070 997 1146 συνθλάσῃ
1019 1115 1032 1134 .
1056 1075 1139 1138 τίς
1169 1077 1356 1148 ἐτερος
1386 1078 1678 1150 διορθῶσαι
1705 1083 1992 1154 δυνήσεται
2018 1103 2032 1152 ;

462 1158 526 1209 Ὃ
561 1159 666 1229 γὰρ
711 1160 843 1225 Θεὸς
876 1163 1188 1237 διαστρέψει
1211 1207 1225 1230 ,
1262 1170 1394 1239 φησὶ
1421 1211 1434 1232 ,
1459 1171 1542 1234 τίς
1586 1171 1870 1243 διορθώσει
1923 1174 2036 1229 λοι-

458 1248 585 1311 πόν;
622 1251 684 1300 Οί
713 1250 951 1319 βασιλεῖς
984 1255 1110 1308 ὅταν
1153 1257 1419 1327 μέλλωσιν
1439 1261 1656 1330 ἀφιέναι
1679 1265 1806 1327 τοὺς
1827 1265 2036 1335 δεσμώ-

455 1357 585 1404 τας,
627 1341 937 1412 πέμποντες
968 1349 1289 1414 ἐπιστολάς,
1318 1353 1415 1422 οὐχ
1447 1351 1587 1406 οὕτω
1624 1354 1887 1419 ποιοῦσιν,
1920 1357 2034 1410 ἀλλ’

452 1432 646 1501 ἀφιᾶσι
682 1436 776 1488 καὶ
826 1438 923 1500 τὰς
954 1437 1121 1509 θύρας
1150 1440 1244 1493 καὶ
1278 1442 1404 1504 τοὺς
1450 1442 1724 1510 φύλακας,
1750 1444 2036 1516 δηλοῦντες

453 1523 605 1595 [599]
634 1526 715 1579 ὅτι
767 1526 1027 1581 εἰσελθεῖν
1062 1529 1225 1583 πάλιν
1263 1531 1476 1601 ἀνάγκη
1537 1533 1654 1586 ἐκεῖ
1691 1533 1723 1604 ἢ
1762 1534 1856 1588 καὶ
1909 1536 2036 1599 τοὺς

451 1615 792 1683 ἀφεθέντας,
847 1619 878 1689 ἢ
928 1620 1149 1691 ἐτέρους
1193 1622 1308 1675 ἀντ’
1355 1622 1578 1677 ἐκείνων
1628 1627 1802 1690 τινάς.
1865 1626 1926 1680 Ὀ
1978 1626 2035 1681 δὲ

451 1699 687 1770 Χριστὸς
722 1704 820 1775 οὐχ
854 1705 1028 1770 οὕτως
1049 1723 1064 1737 ο
1097 1706 1233 1761 ἀλλά
1252 1706 1420 1773 δεῖξαι
1447 1710 1800 1783 βουλόμενος,
1831 1716 1911 1768 ὅτι
1949 1716 2037 1770 τέ-

450 1788 539 1853 λος
567 1794 594 1845 6
622 1792 848 1858 θάνατος
881 1797 1014 1866 ἔχει,
1049 1799 1372 1854 συνέθλασεν
1406 1803 1571 1856 αὐτοῦ
1602 1804 1701 1868 τὰς
1736 1805 1910 1871 πύλας
1936 1807 2036 1873 τάς

449 1881 656 1948 χαλκᾶς
684 1904 696 1915 ο
735 1887 940 1956 χαλκᾶς
974 1890 1030 1941 δὲ
1069 1890 1351 1961 ὠνόμασεν
1372 1932 1386 1956 ,
1416 1894 1515 1947 οὐκ
1545 1896 1733 1963 ἐπειδὴ
1765 1897 1872 1950 ἀπὸ
1907 1899 2036 1969 χαλ-

449 1975 546 2028 κοῦ
584 1970 723 2065 ἦσαν
755 1980 811 2030 αἱ
843 1979 1044 2043 πύλαι,
1089 1982 1223 2037 ἀλλά
1254 1984 1316 2036 τὸ
1345 1985 1551 2057 ἀπηνὲς
1584 1989 1679 2041 καὶ
1723 1990 2034 2065 ἀπαραίτη-

446 2076 543 2115 τον
578 2063 670 2116 τοῦ
705 2065 934 2121 θανάτου
973 2069 1169 2140 δηλῶν.
1206 2075 1312 2127 Καὶ
1355 2075 1441 2129 ἵνα
1487 2077 1666 2150 μάθῃς
1689 2120 1704 2144 ,
1733 2080 1814 2133 ὅτι
1867 2084 1958 2136 καὶ
1993 2063 2034 2137 V6

445 2155 644 2221 χαλκὸς
675 2158 767 2210 καὶ
797 2159 825 2210 6
859 2160 1075 2232 σίδηρος
1101 2165 1163 2217 τὸ
1192 2166 1381 2230 ἀτενὲς
1414 2170 1508 2222 καὶ
1538 2170 1817 2226 ἀνένδοτον
1856 2174 2028 2244 δηλοῖ,

445 2246 676 2301 ἄκουσον
709 2250 762 2303 τί
801 2268 933 2322 φηςι
965 2255 1102 2325 πρός
1127 2270 1247 2309 τινα
1288 2259 1512 2330 ἰταμόν·
1555 2261 1625 2316 T6
1670 2263 1889 2333 νεῦρόν
1913 2283 2033 2322 σου

442 2338 770 2407 σιδηροῦν,
821 2347 855 2397 ὁ
889 2343 1192 2414 τράχηλός
1233 2365 1349 2403 σου
1383 2351 1575 2405 καὶτὸ
1609 2352 1888 2423 μέτωπόν
1915 2373 2032 2413 σου

442 2433 716 2510 χαλκοῦν
738 2452 752 2465 ο
786 2436 949 2490 τοῦτο
983 2437 1039 2490 δὲ
1072 2438 1246 2506 οὕτως
1280 2437 1452 2508 εἶπεν,
1488 2445 1588 2498 οὐκ
1627 2447 1815 2519 ἐπειδὴ
1842 2449 2030 2521 νεῦρον

440 2514 558 2589 εἶχε
613 2521 897 2594 σιδηροῦν,
935 2525 1042 2579 οὐδ’
1077 2528 1264 2601 ἐπειδὴ
1310 2531 1566 2601 μέτωπον
1605 2530 1719 2605 εἶχε
1771 2537 2028 2606 χαλκοῦν,

441 2609 555 2662 ἀλλ’
583 2612 771 2684 ἐπειδὴ
794 2615 1108 2685 ἀμείλικτον
1137 2618 1258 2688 ὄψιν
1287 2621 1382 2674 καὶ
1411 2624 1766 2696 ἀναίσχυντον
1798 2625 1911 2700 εἷχε
1936 2631 2030 2683 καὶ

440 2701 642 2772 ἀπηνῆ.
670 2702 857 2757 Βούλει
883 2706 1075 2774 μαθεῖν
1114 2707 1230 2772 πῶς
1258 2705 1327 2781 ἦν
1356 2711 1671 2782 ἀμείλικτος
1693 2718 1789 2770 καὶ
1817 2719 2030 2774 ἀνενδο-

439 2808 531 2855 τος
565 2793 657 2846 καὶ
684 2796 1066 2869 αύτοαδάμας;
1115 2801 1202 2853 Ἐν
1239 2804 1479 2876 τοσούτῳ
1514 2807 1689 2879 χρόνῳ
1726 2809 1901 2874 οὐδεὶς
1927 2813 2027 2864 αὑ-

438 2882 532 2937 τὸν
581 2884 796 2942 ἔπεισεν
824 2890 1042 2959 ἀφεῖναι
1089 2893 1279 2948 οὐδένα
1324 2895 1433 2951 τῶν
1476 2901 1893 2971 κατεχομένων,
1922 2904 2026 2969 ἕως

441 2976 603 3031 αὑτὸν
632 2981 665 3034 6
694 2980 802 3036 τῶν
829 2983 1079 3052 ἀγγέλων
1111 2987 1391 3061 Δεσπότης
1416 2991 1693 3047 κατελθὼν
1723 2997 2023 3066 ἠνάγκαζε.

440 3068 663 3145 Πρῶτον
697 3073 796 3141 μὲν
845 3076 953 3146 γάρ
1003 3076 1160 3148 ἔδησε
1214 3079 1305 3134 τὸν
1359 3083 1610 3154 ἰσχυρὸν,
1645 3087 1739 3139 καὶ
1791 3089 1911 3142 τότε
1955 3090 2026 3144 τὰ

442 3163 611 3250 σκεύη
646 3165 810 3217 αὑτοῦ
835 3166 1104 3238 διήρπασε
1125 3188 1140 3202 ο
1171 3171 1251 3225 διὸ
1276 3175 1372 3227 καὶ
1400 3177 1600 3245 ἐπάγει
1617 3193 1632 3208 ⁸
1670 3181 2024 3250 Θησαυροὺς

439 3246 826 3325 σκοτεινοὺς,
857 3258 1172 3330 ἀρρήτους.
1224 3263 1288 3319 Εἰ
1341 3268 1438 3320 καὶ
1487 3268 1550 3322 τδ
1599 3246 1892 3345 λεγόμενον
1941 3246 2019 3341 ἐν,

438 3346 576 3402 ἀλλά
599 3348 818 3405 διπλοῦν
841 3352 901 3405 τὸ
931 3354 1215 3426 νοούμενον
1235 3372 1249 3387 δ
1273 3356 1387 3412 ἔστι
1415 3362 1524 3432 γάρ
1547 3367 1796 3420 σκοτεινά
1824 3369 2020 3441 χωρία,

439 3438 553 3489 ἀλλ’
576 3440 835 3513 ὁραθῆναι
867 3443 1127 3509 πολλάκις
1174 3447 1459 3519 δύνανται,
1494 3453 1690 3526 λύχνου
1721 3460 1815 3512 καὶ
1848 3438 2025 3531 φωτὸς

437 3532 782 3622 εἰσαχθέντος
807 3551 820 3564 ·
855 3537 1030 3590 ἐκεῖνο
1067 3539 1125 3592 δὲ
1157 3540 1252 3593 τοῦ
1283 3542 1410 3614 ᾅδου
1444 3545 1505 3598 τὸ
1537 3549 1735 3619 χωρίον
1785 3550 2023 3622 ζοφωδέ-

440 3637 632 3674 στατον
663 3618 731 3695 ἦν
765 3625 857 3676 καὶ
883 3626 1116 3696 ἀτερπὲς
1136 3669 1151 3694 ,
1184 3632 1276 3683 καὶ
1311 3633 1568 3689 οὐδέποτε
1595 3618 1774 3707 φωτὸς
1806 3618 2024 3710 ἐδέξατο

439 3714 628 3780 φύσινο
659 3712 746 3766 διὰ
768 3713 926 3767 τοῦτο
955 3721 1264 3784 σκοτεινοὺς
1284 3762 1299 3789 ,
1327 3723 1596 3795 ἀοράτους
1621 3726 1773 3785 εἶπεν
1798 3736 2016 3803 αὐτούς.

438 3805 550 3860 Καὶ
572 3808 682 3879 γὰρ
729 3807 898 3872 ὅντως
951 3814 1214 3865 σκοτεινά
1241 3809 1382 3885 ἦσαν
1407 3855 1422 3881 ,
1449 3818 1557 3883 ἓως
1594 3814 1656 3874 οὗ
1690 3825 1958 3897 κατῆλθεν
1991 3834 2020 3885 6

436 3899 537 3967 τῆς
555 3899 901 3969 δικαιοσύνης
933 3902 1086 3972 ἥλιος
1107 3942 1124 3970 ,
1155 3905 1249 3958 καὶ
1279 3908 1614 3981 κατέλαμψε,
1650 3916 1743 3969 καὶ
1765 3917 1856 3971 τὸν
1888 3919 2020 3991 ᾅδην

436 3990 695 4062 ἐποίησεν
737 3994 1002 4063 οὐρανόν
1027 3996 1163 4051 ὅπου
1217 4000 1326 4072 γὰρ
1363 4003 1394 4054 6
1424 4004 1692 4077 Χριστὸς,
1724 4010 1843 4064 ἐκεῖ
1868 3990 1963 4067 καὶ
1991 4017 2020 4069 6

434 4084 681 4154 οὐρανός.
712 4084 1032 4158 Θησαυροὺς
1087 4089 1145 4144 δὲ
1176 4094 1485 4159 σκοτεινοὺς
1513 4098 1669 4153 καλεί
1703 4102 1796 4156 τὸν
1841 4103 1975 4177 ᾅδην
1999 4124 2014 4140 '

435 4177 701 4243 εἰκότως,
732 4178 867 4231 διότι
918 4180 1083 4245 πολὺς
1139 4182 1369 4248 πλοῦτος
1423 4186 1685 4245 ἀπέκειτο
1732 4196 1867 4249 ἐκεῖ.
1907 4199 2018 4254 Καὶ

433 4268 544 4340 γάρ
585 4268 693 4321 τῶν
747 4269 1050 4342 ἀνθρώπων
1084 4275 1235 4327 πᾶσα
1290 4277 1323 4348 ή
1365 4278 1526 4347 φύσις
1562 4282 1790 4349 πλοῦτος
1842 4287 2019 4361 ὑπάρο

431 4376 601 4431 χουσα
627 4359 720 4414 τοῦ
753 4360 888 4415 Θεοῦ
909 4402 924 4427 ,
955 4363 1061 4418 ὑπὸ
1109 4364 1203 4418 τοῦ
1237 4368 1616 4441 ἀπατήσαντος
1653 4374 1746 4427 τὸν
1800 4359 2016 4450 πρῶτον

431 4452 717 4525 ἄνθρωπον
753 4454 1000 4509 διαϐόλου
1032 4457 1365 4533 ἀπεσυλήθη,
1396 4464 1490 4517 καὶ
1527 4464 1605 4538 τῷ
1636 4465 1849 4543 θανάτῳ
1882 4474 2018 4529 καθ-

432 4545 761 4618 υπεζεύχθη.
798 4547 920 4602 Ὅτι
963 4548 1021 4603 δὲ
1060 4549 1290 4618 πλοῦτος
1334 4551 1402 4628 ἦν
1434 4556 1512 4627 τῷ
1546 4558 1665 4631 Θεῷ
1706 4563 1858 4619 πᾶσα
1906 4567 2016 4623 τῶν

431 4638 732 4708 ἀνθρώπων
759 4641 792 4711 ή
829 4640 991 4712 φύσις
1012 4681 1028 4707 ,
1056 4642 1295 4699 δείκνυσι
1322 4648 1534 4715 Παῦλος
1567 4651 1745 4723 λέγων
1768 4673 1781 4688 ο
1817 4661 2016 4715 Πλου-

429 4728 551 4783 τῶν
581 4733 669 4796 εἰς
700 4732 962 4800 πάντας,
1001 4734 1101 4789 καὶ
1131 4736 1233 4790 ἐπὶ
1255 4738 1487 4808 πάντας
1512 4744 1656 4812 τοὺς
1692 4748 2014 4808 ἐπικαλου-

430 4821 650 4916 μένους
677 4825 882 4880 αὐτόν.
922 4827 1133 4900 Ὥσπερ
1165 4826 1258 4884 οὖν
1292 4831 1544 4902 βασιλεύς
1590 4855 1674 4901 τις
1711 4839 2013 4916 λῄσταρχον

429 4912 607 4986 εὑρὼν
638 4919 1043 4990 κατατρέχοντα
1078 4923 1179 4987 τὰς
1206 4925 1391 4990 πόλεις
1412 4968 1427 4992 ,
1468 4930 1785 5000 ἁρπάζοντα
1816 4912 2013 4993 πάντο-

428 5006 552 5073 θεν,
589 5009 683 5063 καὶ
709 5011 789 5073 εἰς
834 5012 903 5066 τὰ
947 5013 1189 5083 σπήλαια
1216 5019 1651 5091 καταδυόμενον,
1697 5028 1793 5080 καὶ
1821 5029 2013 5084 ἀποτι-

428 5099 653 5169 θέμενον
704 5104 822 5156 ἐκεί
866 5104 957 5157 τὸν
1013 5105 1241 5162 πλοῦτον
1266 5151 1280 5174 ,
1319 5112 1488 5184 δήσας
1541 5117 1634 5170 τὸν
1661 5109 2007 5193 λῄπαρχον,

426 5201 633 5255 ἐκεῖνον
667 5202 766 5274 μὲν
804 5202 1020 5258 κολάσει
1056 5207 1435 5278 παραδίδωσι,
1484 5213 1574 5267 τὸν
1626 5216 1682 5270 δὲ
1736 5217 2009 5294 θησαυρὸν

425 5294 591 5348 αὑτοῦ
624 5299 922 5374 μεταφέρει
969 5302 1050 5364 είς
1082 5301 1151 5356 τά
1198 5308 1421 5375 ταμιεῖα
1454 5307 1520 5361 τά
1548 5307 1802 5379 βασιλικά
1826 5329 1838 5342 '
1864 5315 2008 5370 οὕτω

427 5391 520 5442 καὶ
541 5392 569 5444 6
590 5391 823 5463 Χριστὸς
851 5397 1073 5467 ἐποίησε
1090 5437 1104 5463 ,
1130 5396 1222 5451 τὸν
1250 5399 1554 5473 λῄσταρχον
1581 5405 1676 5458 καὶ
1702 5405 1793 5459 τὸν
1815 5407 2008 5480 δεσμο-

424 5480 644 5548 φύλακα
663 5523 677 5547 ,
708 5485 799 5539 τὸν
821 5486 1064 5542 διάϐολον
1094 5488 1230 5560 ὁμοῦ
1259 5495 1350 5544 καὶ
1382 5493 1471 5546 τὸν
1506 5486 1777 5565 θάνατον,
1801 5499 1889 5554 διά
1909 5501 2005 5556 τοῦ

420 5573 655 5627 θανάτου
689 5577 851 5631 αὑτοῦ
884 5579 1084 5651 δήσας,
1127 5581 1223 5635 καὶ
1249 5584 1340 5637 τὸν
1378 5584 1607 5643 πλοῦτον
1652 5572 1829 5646 πάντα
1848 5633 1863 5657 ,
1895 5594 2006 5648 τῶν

424 5663 728 5757 ἀνθρώπων
757 5667 900 5736 λέγω
920 5670 983 5722 1:6
1019 5674 1205 5741 γένος.
1236 5678 1547 5748 μετήγαγεν
1579 5684 1658 5745 είς
1683 5683 1749 5739 τὰ
1781 5689 2003 5757 ταμιεῖα

423 5752 493 5808 τὰ
516 5754 787 5825 βασιλικά.
833 5759 1003 5815 Τοῦτο
1042 5764 1134 5818 καὶ
1164 5766 1373 5832 Παῦλος
1397 5769 1547 5841 δηλοῖ
1574 5773 1745 5844 λέγων
1773 5796 1783 5807 ·
1829 5752 1999 5837 Ἐλυ-

1130 320 1187 376 S.
1231 320 1514 375 JOANNIS
1553 322 2038 380 CHRYSOSTOMI
2086 326 2409 386 ARCIHEP.
2457 306 3002 388 (ION‘STAN'HNOP.

3626 329 3743 384 596

2143 446 2411 514 τρώσατο
2435 449 2592 518 ἡμᾶς
2629 449 2697 502 ἐκ
2723 449 2832 517 τῆς
2858 447 3145 513 ἐξουσίας
3163 448 3270 501 τοῦ
3299 447 3593 512 σκότους,
3631 447 3744 501 καὶ

2137 544 2514 613 μετέστησεν
2530 548 2617 612 εἰς
2639 545 2753 613 τὴν
2767 544 3095 609 ,βασιλείαν
3114 540 3300 597 αὐτοῦ
3329 561 3351 595 τ
3366 539 3439 609 ης
3463 557 3713 611 arach
3726 583 3739 595 .

2141 640 2252 693 Καὶ
2301 641 2363 694 τὸ
2418 641 2482 714 δὴ
2521 641 2833 713 θαυμαστὸν
2857 683 2872 709 ,
2926 641 3087 704 αὐτὸς
3122 642 3150 694 6
3188 639 3440 711 βασιλεὺς
3474 639 3690 708 ἐπέστη
3716 654 3739 669 ·

2142 740 2318 792 καίτοι
2349 755 2412 807 γε
2441 738 2691 810 βασιλεὺς
2715 739 2889 803 οὐδεὶς
2917 738 2982 792 ἂν
3002 736 3359 803 καταξιωσειε
3387 733 3545 789 τοῦτο
3566 734 3747 802 ποιῆ-

2143 835 2232 887 σαί
2272 853 2422 896 ποτε,
2456 835 2593 889 ἀλλὰ
2623 835 2713 888 διὰ
2735 834 2843 888 τῶν
2870 832 3158 906 ὑπηρετῶν
3191 834 3383 903 ἀφιᾶσι
3420 833 3545 895 τοὺς
3571 831 3702 885 δεδε-
3733 860 3739 869 ι

2146 931 2361 1000 μένους.
2380 932 2643 986 Ἐνταῦθα
2662 932 2718 985 δὲ
2745 932 2842 1001 οὐχ
2868 930 3062 995 οὕτως,
3087 929 3223 983 ἀλλά
3251 929 3410 992 αὐτὸς
3430 925 3557 1001 ἦλθε
3585 927 3745 999 πρὸς

2140 1028 2266 1091 τοὺς
2299 1027 2583 1098 δεσμώτας
2634 1031 2662 1082 6
2701 1027 2992 1098 βασιλεὺς,
3033 1028 3128 1080 καὶ
3173 1027 3274 1079 οὐκ
3306 1023 3629 1096 ἐπῃσχύνθη
3672 1023 3745 1075 τὸ

2139 1123 2510 1195 δεσμωτήριον
2544 1124 2665 1177 οὐδὲ
2693 1126 2818 1187 τοὺς
2844 1123 3162 1194 δεδεμένους
3182 1137 3193 1149 ·
3239 1121 3298 1175 ὃν
3325 1121 3435 1192 γάρ
3463 1120 3738 1183 ἔπλασεν,

2141 1220 2565 1290 ἐπαισχύνεσθαι
2593 1221 2692 1272 οὐκ
2714 1219 2906 1289 ἔμελλε
2922 1235 2936 1249 ·
2968 1219 3060 1272 καὶ
3086 1218 3380 1271 συνέκλασε
3405 1218 3503 1281 τάς
3525 1216 3738 1288 θύρας,

2142 1317 2428 1388 συνέτριψε
2458 1318 2583 1380 τοὺς
2622 1316 2888 1386 μοχλοὺς,
2942 1315 3145 1385 ἐπέστη
3198 1314 3277 1383 τῷ
3321 1313 3455 1385 ᾄδῃ,
3515 1313 3741 1384 ἔρτεμον

2143 1412 2290 1487 [400]
2321 1414 2482 1468 αὐτοῦ
2512 1414 2611 1485 τὴν
2639 1413 2884 1485 φυλακὴν
2913 1412 3169 1483 ἐποίησεν
3211 1411 3428 1465 ἃπασαν
3452 1449 3467 1475 ,
3502 1409 3603 1463 καῖ¹
3636 1410 3742 1462 τὸν

2137 1512 2522 1584 δεσμοφύλακα
2554 1510 2734 1565 λαϐὼν
2773 1510 3070 1579 δεδεμένον.
3105 1508 3276 1573 οὕτως
3307 1510 3437 1580 ἡμῖν
3482 1508 3745 1578 ἐπανῆλ-

2139 1610 2250 1664 θεν.
2296 1610 2354 1662 '0
2383 1608 2648 1681 τύραννος
2686 1607 3032 1679 αἰχμάλωτος
3075 1607 3274 1676 ἤγετο,
3321 1604 3351 1657 6
3384 1604 3606 1676 ἰσχυρὸς
3642 1604 3744 1658 δε-

2137 1704 2394 1776 δεμένοςο
2435 1706 2463 1758 6
2496 1705 2726 1768 θάνατος
2748 1705 2914 1767 αὐτὸς
2961 1701 3125 1773 ῥίψας
3175 1700 3244 1754 τὰ
3288 1701 3461 1765 ὅπλα,
3513 1698 3743 1771 γυμνὸς

2140 1803 2276 1874 πρὸς
2308 1803 2436 1866 τοὺς
2464 1801 2631 1866 πόδας
2660 1801 2756 1855 τοῦ
2791 1799 3054 1871 βασιλέως
3087 1798 3344 1871 ἔδραμεν.

2210 1935 2365 2002 Εἶδες
2413 1938 2569 2010 νίκην
2604 1936 2962 2008 θαυμαστήν;
2994 1930 3134 1998 εἶδες
3172 1930 3405 2006 σταυροῦ
3438 1931 3736 2001 κατορθώ-

2142 2054 2322 2108 ματα;
2358 2038 2511 2090 Εἴπω
2541 2052 2623 2089 σοι
2663 2035 2759 2088 καὶ
2799 2031 2926 2089 ἄλλο
2954 2030 3430 2103 θαυμαστότερονς
3458 2030 3597 2101 μάθε
3634 2031 3737 2086 τὸν

2136 2133 2333 2204 τρόπον
2363 2132 2463 2202 τῆς
2486 2130 2641 2199 νίκης
2661 2171 2675 2194 ,
2702 2130 2799 2183 καὶ
2825 2129 2949 2182 τότε
2978 2127 3297 2199 ἐκπλαγήσῃ
3327 2127 3505 2181 πλέον.
3534 2128 3617 2180 Δι’
3650 2122 3736 2183 ὧν

2135 2228 2246 2299 γὰρ
2280 2228 2532 2299 ἐνίκησεν
2560 2229 2588 2281 6
2615 2225 2860 2289 διάϐολος
2883 2265 2899 2289 ,
2928 2223 3019 2278 διά
3048 2224 3256 2278 τούτων
3284 2223 3448 2278 αὐτοῦ
3474 2225 3739 2294 περιεγέ-

2135 2342 2254 2379 νετο
2286 2326 2316 2378 6
2352 2323 2622 2393 Χριστόςο
2659 2324 2754 2377 καὶ
2788 2321 2929 2377 αὐτά
2965 2319 3036 2375 τὰ
3080 2320 3290 2374 ἐκείνου
3344 2320 3523 2374 λαϐὼν
3551 2320 3731 2387 ὅπλα,

2133 2422 2342 2487 τούτοις
2390 2422 2552 2476 αὐτὸν
2602 2419 3013 2492 κατηγωνίσατο
3041 2430 3058 2449 ³
3110 2419 3205 2472 καὶ
3257 2418 3409 2482 πῶς,
3459 2419 3728 2473 ἄκουσον·

2134 2519 2407 2590 Παρθένος
2440 2519 2537 2572 καὶ
2579 2517 2770 2585 ξύλον,
2808 2516 2902 2571 καὶ
2951 2516 3179 2580 θάνατος
3210 2515 3312 2586 τῆς
3339 2515 3509 2587 ἥττης
3558 2515 3733 2587 ήμῶν

2131 2606 2199 2687 ἦν
2230 2617 2298 2671 τὰ
2338 2617 2600 2688 σύμϐολα.
2636 2613 2912 2686 Παρθένος
2938 2608 3008 2684 ἧν
3038 2616 3072 2683 ὴ
3105 2613 3218 2668 Εὕα
3239 2630 3254 2645 ο
3282 2611 3437 2667 οὔπω
3475 2612 3584 2685 γάρ
3623 2615 3733 2669 ἄν.

2132 2714 2234 2785 δρα
2263 2713 2525 2781 ἐγίνωσκε
2546 2731 2557 2744 ·
2609 2710 2764 2778 ξύλον
2801 2706 2870 2782 ἦν
2908 2710 2969 2763 τὸ
3001 2709 3237 2780 δένδρον,
3269 2711 3364 2764 καὶ
3394 2709 3626 2773 θάνατος
3654 2709 3733 2786 ἦν

2132 2810 2193 2864 τὸ
2223 2810 2497 2880 ἐπιτίμιον
2529 2809 2622 2862 τοῦ
2662 2810 2850 2881 Ἀδάμ.
2904 2809 3045 2862 Ἀλλ’
3082 2809 3190 2862 ἰδοὺ
3210 2848 3226 2871 ,
3259 2807 3420 2862 πάλιν
3448 2807 3733 2880 παρθένος

2132 2907 2227 2961 καὶ
2250 2906 2402 2972 ξύλον
2432 2907 2526 2959 καὶ
2554 2906 2783 2969 θάνατος
2801 2946 2816 2969 ,
2837 2904 2906 2959 τὰ
2928 2906 3027 2976 τῆς
3053 2906 3222 2977 ἥττης
3255 2905 3495 2976 σύμϐολα
3519 2903 3729 2969 ταῦτα,

2132 3004 2225 3059 καὶ
2256 3004 2356 3073 τῆς
2392 3002 2550 3074 νίκης
2574 3003 2791 3070 ἐγένετο
2823 3002 3086 3073 σύμϐολα.
3140 3003 3287 3056 Ἀντὶ
3311 3002 3418 3074 γὰρ
3443 3002 3544 3070 τῆς
3572 3001 3731 3067 Εὔας

2129 3091 2162 3159 ἡ
2195 3087 2460 3158 Μαριάμ·
2494 3089 2613 3141 ἀντὶ
2638 3086 2735 3140 τοῦ
2778 3086 2938 3153 ξύλου
2967 3086 3063 3140 τοῦ
3096 3085 3292 3140 εἰδέναι
3337 3085 3398 3139 τὸ
3430 3085 3591 3139 καλὸν
3624 3087 3735 3139 καὶ

2130 3185 2191 3237 τὸ
2217 3184 2451 3256 πονηρὸν
2472 3223 2487 3247 ,
2517 3183 2578 3237 τὸ
2608 3183 2763 3250 ξύλον
2793 3182 2885 3237 τοῦ
2914 3182 3146 3256 σταυροῦ
3164 3198 3178 3213 ·
3212 3183 3336 3236 ἀντὶ
3360 3181 3453 3235 τοῦ
3483 3181 3729 3235 θανάτου

2128 3279 2222 3332 τοῦ
2262 3279 2433 3350 Ἀδὰμ
2452 3281 2480 3333 6
2519 3280 2746 3344 θάνατος
2774 3277 2869 3332 τοῦ
2900 3276 3160 3350 Χριστοῦ.
3194 3273 3380 3344 Εἶδες,
3410 3275 3478 3331 δι’
3509 3271 3585 3332 ὧν
3609 3278 3731 3330 ἐνί-

2130 3388 2265 3440 κησε
2286 3416 2303 3440 ,
2341 3371 2430 3425 διά
2455 3371 2661 3425 τούτων
2692 3371 2854 3425 αὐτὸν
2880 3370 3223 3443 ήττώμενον;
3249 3369 3388 3441 Περὶ
3414 3368 3475 3421 τὸ
3499 3367 3729 3441 δένδρον

2127 3469 2539 3540 κατηγωνίσατο
2571 3469 2661 3523 τὸν
2701 3468 2870 3539 Ἀδὰμ
2901 3470 2930 3521 6
2958 3468 3205 3533 διάϐολος
3224 3484 3241 3499 ο
3276 3468 3407 3541 περὶ
3436 3467 3528 3521 τὸν
3555 3484 3728 3520 σταυ-

2129 3569 2222 3640 ρὸν
2251 3568 2619 3622 κατεπάλαισε
2662 3566 2753 3620 τὸν
2783 3565 3027 3621 διάϐολον
3067 3568 3096 3621 6
3132 3566 3398 3637 Χριστός’
3428 3565 3522 3640 καὶ
3556 3563 3727 3631 ξύλον

2124 3658 2188 3712 τὸ
2212 3660 2308 3730 μὲν
2333 3658 2580 3730 ἔπεμπεν
2609 3661 2689 3723 εἰς
2716 3659 2851 3730 ᾅδην
2869 3699 2884 3722 ,
2910 3659 2972 3712 :6
3003 3658 3060 3711 δὲ
3098 3660 3193 3711 καὶ
3224 3658 3351 3720 τοὺς
3378 3655 3727 3720 ἀπελθόντας

2125 3754 2334 3808 ἐκεῖθεν
2377 3754 2710 3809 ἀνεκαλεῖτο.
2746 3754 2915 3809 Πάλιν
2959 3753 3115 3820 ξύλον
3155 3752 3217 3807 τὸ
3253 3753 3353 3823 μὲν
3388 3751 3481 3807 τὸν
3508 3751 3725 3822 αἰχμά-

2123 3849 2291 3904 λωτον
2315 3851 2521 3923 γυμνὸν
2551 3839 2786 3924 ἔκρυψε,
2820 3851 2883 3905 τὺ
2908 3851 2966 3905 δὲ
2992 3851 3093 3928 ’τὸν
3126 3850 3350 3921 νικητὴν
3382 3850 3592 3921 γυμνὸν
3625 3851 3722 3919 ἐφ’

2123 3947 2328 4017 ὑψηλοῦ
2359 3949 2525 4002 πᾶσιν
2550 3948 2778 4002 ἐδείκνυ.
2814 3948 2926 4001 Καὶ
2952 3946 3182 4010 θάνατος
3223 3948 3253 3999 6
3291 3945 3392 4017 μὲν
3427 3947 3557 4010 τοὺς
3590 3948 3718 4017 μετ’

2123 4045 2285 4099 αὑτὸν
2312 4046 2631 4116 κατέκρινεν
2655 4087 2669 4110 ,
2705 4047 2734 4099 6
2760 4045 2818 4100 δὲ
2863 4046 2959 4099 καὶ
2986 4045 3110 4109 τοὺς
3140 4044 3245 4116 πρὸ
3279 4044 3443 4098 αὑτοῦ
3479 4045 3718 4115 γενομέ-

2122 4158 2245 4205 νους
2275 4143 2560 4213 ἀνέστησε.
2603 4143 2700 4208 Τίς
2726 4143 2991 4213 λαλήσει
3036 4142 3145 4210 τὰς
3187 4141 3548 4209 δυναστείας
3600 4141 3717 4196 τοῦ

2120 4240 2374 4308 Κυρίου;
2417 4240 2551 4293 Ἀπὸ
2578 4239 2810 4295 θανάτου
2861 4241 3166 4312 γεγόναμεν
3211 4239 3498 4295 ἀθάνατοι·
3531 4240 3717 4295 ταῦτα

2119 4334 2215 4389 τοῦ
2257 4336 2492 4409 σταυροῦ
2529 4336 2599 4391 τά
2641 4337 3062 4409 κατορθώματα.
3095 4336 3336 4408 Ἕμαθες
3386 4337 3484 4407 τὴν
3512 4336 3715 4407 νίκηνς

2120 4430 2323 4503 ἔμαθες
2350 4432 2445 4486 τὸν
2464 4434 2665 4505 τρόπον
2693 4432 2794 4501 τῆς
2826 4433 2983 4504 νίκης
3006 4451 3020 4499 ;
3049 4432 3186 4503 μάθε
3214 4431 3446 4496 καὶπῶς
3475 4432 3717 4503 ἀπονητὶ

2120 4529 2312 4598 γέγονε
2334 4529 2396 4583 τὸ
2424 4530 2776 4605 κατόρθωμα.
2807 4530 2921 4601 Οὐχ
2952 4528 3242 4601 ᾑμάξαμεν
3264 4530 3426 4600 ἡμεῖς
3449 4527 3517 4582 τὰ
3540 4528 3713 4594 ὅπλα,

2119 4626 2219 4680 ούκ
2250 4625 2490 4698 ἔστημεν
2527 4628 2619 4680 ἐπὶ
2666 4627 2769 4697 τῆς
2817 4626 3204 4699 παρατάξεως,
3257 4627 3359 4679 οὐκ
3404 4624 3714 4695 ἐδεξάμεθα

2116 4723 2427 4796 τραύματα,
2452 4723 2574 4778 οὐδὲ
2602 4722 2817 4795 εἴδομεν
2845 4722 2939 4777 τὸν
2966 4723 3201 4794 πόλεμον
3226 4762 3243 4787 ,
3284 4722 3380 4777 καὶ
3406 4723 3507 4795 τὴν
3545 4722 3711 4795 νίκην

2119 4818 2388 4890 ἐλάϐομεν
2415 4835 2429 4850 '
2473 4821 2502 4873 6
2554 4818 2704 4887 ἀγὼν
2732 4818 2828 4874 τοῦ
2878 4818 3151 4873 Δεσπότου
3177 4859 3192 4886 ,
3236 4818 3329 4873 καὶ
3359 4821 3389 4873 6
3439 4818 3710 4888 στέφανος

2118 4915 2406 4987 ἡμέτερος.
2445 4915 2600 4969 Ἐπεὶ
2632 4911 2725 4970 οῦν
2752 4916 2848 4972 καὶΙ
2886 4915 3133 4988 ἡμετέρα
3175 4916 3208 4987 ή
3236 4915 3395 4987 νίκη,
3422 4915 3712 4982 ἀλαλάξω-

2119 5029 2253 5083 μεν,
2284 5012 2539 5085 καθάπερ
2580 5012 2929 5084 στρατιῶται,
2959 5012 3059 5084 τὴν
3091 5012 3359 5067 ἐπινίκιον
3384 5012 3526 5084 ᾠδὴν
3562 5012 3709 5068 πάν-

2113 5125 2206 5173 τες
2240 5111 2499 5181 σήμερον,
2518 5111 2761 5180 εἴπωμεν
2781 5109 3078 5181 ὑμνοῦντες
3100 5110 3192 5164 τὸν
3215 5110 3513 5181 Δεσπότην·
3544 5110 3705 5166 Κατ-

2112 5208 2297 5276 επόθη
2336 5211 2369 5261 ὀ
2392 5207 2647 5275 θάνατος
2670 5211 2758 5275 εἰς
2785 5208 2952 5276 νῖκος
2968 5227 2982 5241 ·
3014 5211 3134 5266 ποῦ
3161 5227 3280 5265 σου
3304 5253 3321 5275 ,
3346 5211 3564 5268 θάνατε
3586 5252 3602 5277 ,
3627 5213 3703 5267 τὸ

2110 5302 2280 5368 νῖκος
2302 5319 2320 5368 ;
2347 5304 2465 5358 ποῦ
2489 5318 2626 5370 σου,
2664 5303 2777 5374 ᾄδη
2803 5346 2817 5371 ,
2850 5307 2914 5361 τὸ
2945 5305 3237 5376 κέντρον;
3270 5306 3459 5362 Ταῦτα
3478 5309 3508 5361 6
3535 5324 3704 5363 σταυ-

2116 5398 2204 5470 ρὸς
2227 5400 2360 5471 ἡμῖν
2386 5399 2716 5473 κατώρθωσε
2737 5419 2750 5433 ·
2776 5405 3006 5477 σταυρὸς
3034 5404 3096 5459 τὸ
3127 5405 3271 5459 κατά
3289 5405 3397 5460 τῶν
3425 5406 3702 5479 δαιμόνων

2107 5496 2369 5568 τρόπαιον
2390 5537 2406 5563 ,
2431 5499 2465 5568 ἡ
2502 5500 2644 5552 κατὰ
2671 5499 2773 5570 τῆς
2799 5501 3077 5574 ἁμαρτίας
3104 5501 3348 5573 μάχαιρα
3369 5543 3383 5569 ,
3414 5502 3476 5555 τὸ
3518 5500 3698 5574 ξίφος,

2106 5584 2152 5660 ᾧ
2182 5592 2274 5646 τὸν
2313 5592 2437 5663 ὅφιν
2481 5594 2772 5669 ὲκέντησεν
2825 5598 2855 5651 6
2905 5599 3172 5671 Χριστός’
3232 5596 3461 5672 σταυρδς
3496 5601 3560 5654 τὸ
3598 5602 3700 5657 τοῦ

2110 5688 2321 5759 Πατρδς
2372 5689 2618 5762 θέλημα,
2656 5696 2688 5765 ή
2742 5688 2836 5748 τοῦ
2886 5695 3225 5766 Μονογενοῦς
3262 5696 3425 5767 δόξα,
3476 5697 3539 5754 τὸ
3597 5707 3700 5757 τοῦ

2110 5784 2426 5859 Πνεύματος
2459 5789 2769 5864 ἁγαλλίαμα
2791 5832 2805 5861 ,
2841 5794 2869 5847 6
2915 5793 3021 5850 τῶν
3049 5795 3295 5865 ἀγγέλων
3331 5796 3563 5869 κόσμος,
3593 5801 3701 5873 τῆς
