3906 6224
228 227 251 245 η

153 227 257 284 3ου

148 339 339 394 circuit
364 338 620 393 Dominus
647 346 848 400 noster,
878 332 1035 388 hodie
1051 341 1230 401 portas
1256 346 1424 387 :creas
1441 331 1732 401 confregit:

148 431 309 487 hodie
335 440 515 485 vectes
540 429 741 482 ferreos
760 425 1007 481 contrivit
1027 422 1194 497 (Psal.
1218 423 1337 482 106.
1361 416 1614 488 16;”1εαὶ.
1640 424 1729 478 45.

144 522 226 594 2).
249 523 381 579 Vide
398 520 525 577 dicti
550 518 964 575 accurationem.
984 516 1097 571 Non
1120 515 1275 582 dixit,
1304 515 1525 583 Aperuit
1556 524 1734 583 portas

146 632 342 679 aureas,
355 614 471 681 sed,
491 612 746 685 Confugit
772 622 943 681 portas
968 624 1161 674 (creas;
1184 621 1243 663 ut
1269 608 1468 661 inutilis
1484 607 1735 676 deinceps

146 723 333 763 carcer
350 706 456 761 fiat.
473 704 589 761 Non
610 703 830 758 abstulit
849 710 1050 767 vectes,
1080 700 1173 755 sed
1199 700 1468 763 contrivit,
1486 708 1541 752 ut
1557 707 1738 752 custo-

144 803 230 855 dia
254 800 504 867 deinceps
526 798 735 852 infirma
760 794 1046 849 reddatur:
1070 793 1156 846 ubi
1183 807 1354 861 neque
1367 791 1547 859 janua,
1564 805 1735 859 neque

152 892 350 957 vectis;
376 899 430 945 et
454 890 579 945 licet
607 886 725 957 quis
750 886 1048 950 intret,non
1080 891 1305 937 tenetur.
1328 880 1551 947 Quando
1579 879 1736 949 igitur

147 983 390 1037 Christus
426 979 723 1051 confregit,
746 978 865 1047 quis
893 974 1029 1029 alius
1053 988 1301 1044 reparare
1324 972 1561 1041 poterit?
1583 971 1733 1038 Quod

150 1072 290 1127 enim
318 1072 458 1126 Deus
480 1078 720 1135 evertet,
753 1065 956 1136 inquit,
987 1064 1106 1134 quis
1132 1063 1198 1117 de
1224 1072 1418 1118 caetero
1447 1061 1688 1116 restituet
1711 1060 1736 1114 ?

150 1162 324 1234 Reges
347 1177 467 1217 cum
498 1159 701 1215 vinctos
722 1157 988 1212 dimittere
1011 1154 1224 1220 volunt,
1256 1153 1432 1207 missis
1458 1151 1698 1221 epistolis
1717 1192 1731 1216 ,

150 1271 260 1311 non
289 1262 358 1319 tta
399 1262 593 1323 agunt,
621 1250 714 1305 sed
747 1261 854 1305 tam
895 1247 1057 1311 fores,
1084 1261 1241 1316 quam
1289 1244 1539 1298 custodes
1568 1245 1733 1298 relin-

150 1355 322 1417 quunt
340 1387 355 1409 ,
383 1356 440 1399 ut
476 1343 793 1409 ostendant,
822 1356 887 1395 eo
919 1339 1096 1394 denuo
1143 1335 1545 1407 ingrediendum
1574 1349 1693 1389 esse.
1715 1375 1732 1401 ,

148 1440 236 1495 vel
267 1438 391 1500 illis,
418 1435 627 1505 quijam
656 1432 805 1488 liberi
829 1431 1101 1488 abierunt.
1127 1428 1211 1482 vel
1246 1428 1363 1480 loco
1382 1441 1567 1480 eorum
1593 1423 1731 1478 aliis.

147 1529 268 1586 Non
314 1530 383 1581 ita
427 1525 704 1589 Christus,
733 1521 826 1577 sed
866 1520 1237 1575 demonstrare
1276 1516 1460 1572 volens
1508 1523 1734 1569 mortem

144 1624 258 1693 jam
280 1621 346 1674 ad
375 1618 530 1673 linem
569 1625 874 1683 metamque
904 1612 1241 1682 pervenisse,
1274 1624 1441 1663 aereas
1466 1607 1582 1676 ejus
1607 1622 1736 1676 por-

150 1722 234 1769 tas
263 1709 519 1779 confregit
543 1725 557 1760 :
581 1722 748 1761 terens
777 1721 904 1759 vero
935 1702 1247 1767 nominavit,
1278 1717 1380 1754 non
1409 1699 1547 1770 quod
1572 1708 1737 1769 porta:

148 1806 257 1859 ilhc
286 1819 351 1859 ex
391 1817 498 1856 mre
527 1800 632 1854 sint
671 1796 1000 1861 fabrefactus,
1030 1793 1123 1849 scd
1151 1801 1208 1848 ut
1236 1792 1530 1848 declararet
1558 1793 1735 1846 immi-

149 1905 260 1952 tem
287 1893 430 1947 illam
461 1899 515 1946 et
542 1888 919 1945 inexorabilem
960 1886 1149 1940 mortis
1169 1885 1561 1939 necessitatem.
1595 1884 1659 1936 Et
1681 1891 1739 1936 ut

148 1986 439 2053 intelligas,
467 1992 571 2036 tam
602 1995 676 2035 ωε
700 1993 856 2049 quam
881 1977 1077 2031 ferrum
1105 1973 1405 2046 significare
1431 1974 1568 2028 idem
1596 1971 1734 2043 quod

147 2080 378 2151 rigidum
405 2084 461 2131 et
502 2072 817 2133 inflexibile,
847 2068 965 2124 audi
997 2068 1121 2138 quid
1152 2067 1218 2122 ad
1248 2065 1531 2137 quemdam
1561 2066 1737 2133 impu-

147 2172 367 2228 dentem
415 2167 552 2222 Deus
598 2165 785 2220 dicat:
818 2161 1018 2216 Nervus
1062 2160 1285 2229 ferreus,
1317 2157 1483 2210 cert-ia:
1527 2165 1647 2220 tua,
1691 2165 1738 2208 et

147 2265 293 2335 [rans
343 2270 430 2314 tua
472 2273 603 2312 terea
634 2257 652 2328 (
681 2253 806 2309 Isai.
839 2253 926 2308 48.
960 2250 1053 2323 4).
1092 2251 1201 2303 lloc
1245 2248 1416 2312 dixit,
1445 2261 1547 2300 non
1597 2244 1738 2313 quod

146 2369 345 2410 tuream
373 2351 602 2406 frontem
628 2347 874 2402 habuerit
899 2362 913 2410 ;
943 2344 1035 2398 sed
1070 2343 1189 2412 quia
1213 2338 1597 2408 implacabilem
1624 2336 1739 2390 vulo

149 2460 264 2504 tum
293 2456 348 2501 et
388 2442 748 2513 impudentem
784 2448 836 2494 et
885 2436 1140 2492 immitem
1170 2434 1371 2487 habuit.
1401 2431 1490 2487 Vis
1533 2431 1740 2487 discere

146 2535 420 2611 quomodo
452 2534 614 2589 fueris
646 2528 1028 2601 implacabilis,
1061 2525 1402 2591 inflexibilis,
1443 2531 1499 2578 et
1536 2520 1741 2591 ipsissi-

149 2646 273 2687 mus
317 2625 575 2682 adamas?
604 2624 775 2678 Tanto
802 2630 1040 2690 tempore
1067 2632 1225 2672 nemo
1260 2629 1510 2684 umquam
1541 2613 1589 2669 ei
1621 2628 1741 2681 per-

146 2720 378 2777 suadere
408 2717 606 2788 potuit,
634 2723 688 2768 ut
720 2725 1040 2784 quemquam
1071 2724 1135 2764 ex
1164 2707 1268 2761 illis
1288 2748 1302 2771 ,
1340 2722 1473 2776 quos
1502 2704 1741 2773 captivos

147 2813 389 2876 tenebat,
412 2809 736 2870 dimitteret;
764 2803 1111 2874 quoadusque
1138 2799 1452 2868 angelorum
1484 2795 1741 2850 Dominus

150 2920 222 2960 eo
248 2900 580 2958 descendens
600 2940 614 2963 ,
638 2911 759 2952 eum
788 2894 839 2949 vi
866 2908 959 2948 sua
985 2891 1179 2962 coegit.
1204 2890 1334 2943 Nam
1361 2888 1590 2958 primum
1618 2887 1739 2956 qui-

145 2996 272 3052 dem
299 2993 530 3063 alligavit
556 2989 768 3050 fortem,
786 2997 840 3042 et
861 2994 987 3040 tunc
1005 2999 1130 3038 vasa
1152 2983 1268 3052 ejus
1295 2982 1548 3050 diripuit:
1577 2994 1742 3050 quare

146 3096 206 3143 et
231 3085 471 3154 adjungit
498 3099 513 3135 :
543 3079 828 3134 Tltesauros
852 3075 1184 3129 tenebricosos
1207 3112 1222 3136 ,
1264 3072 1532 3125 invisibiles
1572 3073 1588 3137 (
1611 3068 1737 3121 Isai.

146 3179 242 3235 £5.
275 3177 351 3246 5).
391 3174 539 3227 Licet
566 3171 766 3224 dictum
795 3167 896 3219 hoc
924 3165 1151 3232 situplex
1194 3162 1302 3225 sit,
1331 3170 1386 3214 at
1423 3160 1617 3228 duplex
1663 3165 1746 3213 est

145 3283 370 3333 sensus;
394 3272 517 3319 sunt
542 3261 682 3316 enim
707 3260 821 3313 loca
840 3258 1192 3321 tenebricoso,
1215 3254 1309 3308 sed
1330 3253 1494 3309 videri
1522 3258 1746 3323 possunt

144 3359 372 3417 candela
410 3365 465 3410 ct
492 3353 690 3407 lumine
718 3350 904 3415 illato;
938 3349 1027 3402 ille
1063 3362 1189 3402 vero
1216 3345 1409 3401 inferni
1442 3345 1590 3398 locus
1617 3343 1745 3396 cali-

144 3452 521 3527 ginOsissimus
559 3457 696 3511 erat,
727 3454 783 3503 et
812 3448 1067 3515 ingratus,
1092 3457 1265 3512 neque
1311 3455 1560 3510 umquam
1612 3436 1744 3491 luris

145 3558 394 3604 naturam
435 3543 570 3598 intra
601 3555 659 3599 se
699 3546 973 3606 receperat
1005 3555 1019 3591 :
1063 3542 1341 3606 propterea
1382 3532 1744 3587 tenebricosos

145 3650 205 3695 et
234 3635 525 3692 invisibiles
562 3648 655 3688 eos
679 3631 832 3686 dixit.
863 3629 998 3684 \‘ere
1031 3627 1173 3683 enim
1205 3625 1523 3681 tenebricosi
1551 3631 1701 3678 erant
1724 3662 1739 3688 ,

145 3731 327 3786 donec
349 3724 622 3782 descendit
646 3722 736 3779 Sol
762 3721 983 3791 justititc
1003 3759 1018 3779 ,
1049 3733 1247 3788 eosque
1269 3715 1571 3782 illustravit,
1599 3723 1655 3768 et
1678 3728 1745 3769 ex

148 3824 362 3878 inferno
389 3820 578 3876 ett-lum
613 3817 755 3872 fecit.
781 3815 911 3869 Nam
942 3812 1028 3867 ubi
1052 3810 1328 3875 Christus,
1354 3808 1424 3863 ibi
1451 3817 1505 3862 et
1532 3808 1742 3862 caelum.

150 3915 461 3970 'l‘besauros
502 3921 679 3973 autem
729 3906 1092 3962 tenebricosos
1139 3902 1378 3956 nominat
1428 3899 1740 3955 infernum:

148 4006 371 4071 merito,
402 4003 526 4074 quia
557 4001 739 4059 multa:
773 3997 972 4053 divitiae
1003 3994 1160 4049 isthic
1183 4002 1337 4048 erant
1357 3992 1622 4061 reposito.
1651 3992 1745 4044 Et.

148 4098 301 4153 enim
332 4104 437 4150 tota
469 4094 746 4149 hominum
775 4104 961 4145 natura
986 4130 1002 4151 ,
1030 4103 1149 4158 qua:
1195 4100 1325 4157 gaza
1361 4083 1604 4155 qum-dam
1652 4083 1743 4137 Dei

151 4200 269 4251 est.
297 4204 327 4243 a
353 4188 567 4243 diabolo
586 4228 600 4249 ,
629 4186 718 4256 qui
744 4184 974 4255 primum
998 4180 1269 4235 hominem
1299 4178 1352 4232 in
1377 4177 1616 4232 fraudem
1644 4174 1744 4229 im-

153 4281 324 4353 pulit,
347 4280 593 4348 spoliata,
624 4276 888 4344 mortique
921 4272 1161 4338 subjecta
1187 4278 1290 4325 est.
1317 4267 1469 4337 Quod
1495 4284 1622 4323 vero
1649 4266 1747 4321 ho-

153 4373 361 4427 minum
394 4376 638 4421 naturam
684 4363 826 4418 Deus
853 4362 1155 4417 divitiarum
1194 4360 1315 4415 loco
1359 4359 1640 4424 habuerit,
1670 4367 1746 4412 te-

150 4470 337 4517 statur
371 4458 454 4512 his
499 4457 676 4512 verbis
724 4455 917 4510 Paulus
947 4471 962 4509 :
998 4452 1144 4507 Dives
1173 4455 1227 4507 in
1270 4468 1439 4506 omnes
1463 4494 1478 4517 ,
1508 4461 1554 4506 et
1595 4468 1747 4523 super

157 4566 332 4606 onines
355 4591 370 4614 ,
410 4548 495 4618 qui
520 4547 752 4600 invocant
797 4560 910 4599 eum
945 4542 1119 4615 (Rom.
1142 4542 1228 4597 1ο.
1254 4541 1366 4610 1Ξ).
1391 4541 1746 4609 Quemadmo-

157 4645 287 4699 dum
315 4642 471 4711 igitur
497 4655 590 4693 rex
612 4679 625 4701 ,
668 4636 1056 4706 comprehenso
1082 4635 1218 4689 duce
1242 4633 1506 4688 latronum
1530 4644 1584 4688 et
1612 4650 1747 4703 prae-

157 4735 358 4789 donum
380 4772 396 4797 ,
426 4732 516 4802 qui
543 4731 784 4785 civitates
814 4727 1074 4798 percurrit
1096 4767 1110 4789 ,
1143 4736 1198 4782 et
1231 4725 1464 4795 undique
1490 4726 1660 4794 rapit,
1692 4734 1748 4780 et

157 4834 312 4880 antra
353 4823 530 4885 subit,
561 4828 619 4874 ut
644 4820 713 4874 ibi
743 4827 969 4890 reponat
993 4816 1205 4872 divitias
1229 4825 1442 4886 raptas,
1476 4816 1743 4870 latronum

157 4916 351 4969 ducem
380 4914 540 4983 ligat,
573 4910 940 4982 supplicioque
972 4909 1189 4963 meritas
1227 4923 1412 4976 paruas
1443 4909 1745 4978 persolutu-

157 5018 278 5061 rum
306 5004 493 5069 tradit,
526 5002 831 5057 thesaurum
861 5015 989 5056 vero
1027 4999 1141 5069 ejus
1168 5000 1221 5053 in
1265 4999 1469 5068 regium
1499 5015 1745 5054 :eranum

158 5096 428 5151 convertit
453 5112 467 5150 :
494 5095 572 5149 sic
596 5102 651 5148 ct
676 5091 919 5147 Christus
947 5090 1090 5155 fecit,
1120 5090 1411 5162 principem
1444 5090 1591 5144 illum
1615 5107 1748 5159 prte-

160 5191 361 5244 donum
403 5196 460 5244 et
507 5187 738 5243 carceris
782 5184 1092 5249 custodem,
1140 5182 1443 5247 diabolum,
1494 5183 1650 5237 simul
1693 5193 1747 5236 et

161 5290 413 5346 mortem,
444 5294 564 5334 cum
591 5294 687 5349 per
715 5286 942 5331 mortem
971 5290 1120 5330 suam
1149 5275 1426 5339 vinxisset,
1452 5288 1640 5328 omnes
1668 5273 1749 5327 di-

160 5382 317 5438 vttias
340 5422 354 5444 ,
385 5379 672 5432 humanum
703 5378 916 5446 inquam
962 5390 1129 5445 genus
1156 5372 1423 5427 transtulit
1463 5371 1516 5425 in
1560 5371 1745 5425 :eraria

163 5480 327 5545 regia.
362 5473 471 5527 lloc
508 5481 562 5526 et
608 5470 803 5525 Paulus
832 5470 1047 5531 indicat,
1082 5484 1201 5523 cum
1234 5468 1308 5521 ait
1338 5485 1349 5520 :
1382 5465 1611 5520 Redemit
1655 5480 1748 5515 nos

166 5569 227 5622 de
248 5572 490 5637 potestate
515 5563 846 5620 tenebrarum,
870 5570 914 5612 et
946 5560 1195 5613 transtulit
1218 5559 1268 5611 in
1289 5572 1497 5627 regnum
1522 5553 1748 5608 dilectio-

166 5661 242 5713 nis
264 5662 374 5730 ejus
404 5660 422 5731 (
448 5654 642 5712 Coloss.
677 5654 732 5708 1.
762 5651 887 5722 15).
920 5653 1084 5708 Ροιτο
1114 5651 1253 5723 quod
1292 5647 1640 5706 admiratione
1667 5646 1748 5700 di-

1160 226 1247 282 DE
1285 224 1723 286 COEMETERIO
1746 225 1846 286 ET
1883 221 1969 278 DE
2007 214 2252 274 CRUCE.

3311 226 3417 282 526

1840 331 2150 406 guissimum
2179 341 2298 397 est,
2342 332 2453 403 ipse
2495 331 2601 388 Rex
2634 333 2866 389 advenit.
2899 336 3056 406 Atqui
3105 335 3282 390 nullus
3326 354 3414 394 res

1838 440 2088 494 umquam
2126 423 2227 479 hoc
2256 423 2562 496 dignaretur
2603 423 2800 490 facere,
2834 426 2926 481 sed
2957 427 3184 483 ministri
3216 428 3425 485 vinctos

1836 515 2110 571 dimittunt
2139 532 2152 569 :
2185 532 2341 571 secus
2369 516 2486 581 hic;
2521 517 2743 587 ipsemet
2764 519 2876 573 Rex
2916 519 2984 574 ad
3020 521 3226 577 vinctos
3254 523 3416 580 venit.

1837 609 1951 664 Non
1991 611 2202 665 erubuit
2245 625 2512 667 carcerem
2534 651 2549 672 ,
2580 624 2755 680 neque
2802 611 3048 668 detentos
3077 614 3129 669 in
3156 629 3370 672 carcere
3403 634 3419 673 :

1837 701 1904 756 de
1927 716 1992 756 eo
2016 703 2158 756 enim
2186 718 2344 772 quem
2375 702 2623 767 finxerat,
2649 703 2970 760 erubescere
2997 720 3103 760 non
3130 709 3339 776 pomit;
3367 718 3424 764 et

1837 793 2101 865 confregit
2144 794 2286 850 fores
2306 835 2320 859 ,
2349 805 2403 849 et
2432 805 2612 850 vectes
2640 797 2926 860 contrivit,
2971 802 3299 868 superaStitit
3341 803 3423 857 in-

1839 885 1989 938 ferno
2013 926 2027 948 ,
2057 895 2109 940 et
2132 885 2398 941 desertam
2428 885 2556 943 fecit
2586 896 2748 942 totam
2780 889 2920 943 illius
2946 891 3238 947 custodiam
3259 934 3276 959 ,
3306 908 3425 948 car-

1837 974 2085 1044 cerisque
2128 975 2348 1030 custode
2378 977 2428 1029 in
2455 977 2665 1032 vincula
2693 978 2956 1047 conjecto,
2986 980 3052 1034 ad
3085 995 3182 1034 nos
3218 997 3426 1037 remea-

1838 1063 1932 1118 vit.
1964 1064 2243 1136 Tyrannus
2287 1067 2527 1136 captivus
2576 1068 2910 1136 ducebatur,
2962 1068 3116 1124 fortis
3166 1073 3376 1128 vinctus
3403 1091 3424 1129 :

1840 1156 1950 1226 ipsa
1981 1174 2126 1221 iners
2170 1158 2391 1230 abjectis
2420 1160 2584 1217 armis
2607 1203 2622 1229 ,
2651 1162 2791 1217 nuda
2822 1163 2886 1219 ad
2931 1163 3091 1234 Regis
3121 1164 3283 1234 pedes
3327 1181 3423 1222 cu-

1839 1252 2022 1305 currit.

1915 1340 2021 1395 Per
2046 1358 2159 1407 qua:
2187 1344 2369 1398 vicerat
2399 1344 2630 1400 diabolus
2671 1347 2916 1411 rincitur;
2959 1348 3165 1401 uictoria
3205 1348 3314 1402 sine
3351 1350 3429 1404 la-

1839 1431 1957 1486 bore
1999 1444 2191 1488 nostra.
2219 1434 2500 1491 -—Vidisti
2547 1437 2842 1493 mirandam
2890 1440 3206 1494 victoriam?
3248 1442 3428 1499 vidisti

1839 1525 2013 1579 crucis
2043 1525 2298 1593 pricclara
2327 1527 2600 1582 facinora?
2630 1528 2807 1584 Dicam
2850 1529 2940 1584 tibi
2972 1531 3220 1600 quiddam
3252 1532 3430 1588 adhuc

1840 1615 2176 1673 mirabilius?
2203 1618 2349 1674 disce
2373 1620 2590 1676 modum
2622 1622 2880 1689 victorim,
2906 1631 2961 1677 et
2991 1630 3114 1678 tunc
3143 1625 3309 1694 magis
3333 1625 3434 1678 ob-

1843 1717 2137 1776 stupesces.
2167 1710 2270 1766 Per
2293 1727 2413 1781 quas
2439 1713 2582 1768 enim
2607 1713 2850 1769 diabolus
2877 1715 3094 1779 vicerat,
3126 1730 3220 1784 per
3239 1716 3426 1772 eadem

1841 1800 2083 1855 Christus
2110 1804 2356 1861 eumdem
2378 1804 2593 1873 devicit,
2623 1815 2677 1861 et
2696 1808 2928 1876 acceptis
2954 1807 3142 1877 quibus
3168 1823 3297 1865 usus
3322 1806 3434 1861 fue-

1846 1900 1928 1945 rat
1955 1892 2143 1959 armis,
2175 1909 2296 1948 eum
2325 1895 2613 1951 debellavit
2640 1914 2652 1950 :
2679 1904 2734 1955 et
2754 1900 3045 1968 quomodo,
3075 1899 3218 1952 audi.
3250 1899 3425 1968 Virgo,

1841 1980 2041 2051 lignum
2070 1991 2124 2037 et
2151 1999 2297 2039 mors
2322 1985 2490 2040 cladis
2520 1997 2715 2042 nostra:
2738 1987 2955 2044 fuerunt
2984 1989 3244 2060 symbolo.
3274 1989 3432 2061 Virgo

1845 2081 1959 2125 erat
1999 2072 2108 2126 Eva
2137 2091 2150 2127 :
2183 2074 2407 2129 necdum
2445 2076 2587 2131 enim
2620 2078 2790 2133 virum
2831 2088 3186 2149 cognoverat;
3233 2081 3431 2150 lignum
3458 2130 3472 2135 -

1841 2176 1958 2219 erat
1986 2165 2167 2231 arbor,
2193 2182 2336 2222 mors
2365 2168 2560 2223 mulcta
2587 2169 2797 2224 Adami.
2820 2172 2889 2225 At
2910 2186 3036 2225 ecce
3058 2172 3249 2228 iterum
3273 2173 3434 2242 Virgo

1843 2264 1897 2309 et
1925 2256 2124 2325 lignum
2152 2268 2207 2312 et
2232 2272 2398 2322 mors,
2428 2259 2514 2313 illa
2535 2258 2703 2314 cladis
2721 2260 2984 2331 symbola,
3010 2261 3175 2331 ipsius
3199 2262 3432 2317 victorias

1844 2347 2083 2416 symbola
2116 2347 2249 2401 facta
2280 2356 2426 2402 sunt.
2455 2355 2591 2404 Nam
2637 2349 2755 2405 loco
2794 2350 2921 2407 Eva:
2958 2360 3042 2409 est
3073 2351 3268 2415 Maria;
3314 2352 3435 2407 loco

1843 2435 1971 2505 ligni
1998 2437 2232 2492 scientia:
2259 2438 2381 2493 boni
2411 2448 2461 2493 et
2491 2441 2616 2495 mali
2643 2440 2840 2510 lignqu
2867 2443 3070 2507 crucis;
3094 2443 3214 2498 loco
3243 2446 3434 2499 mortis

1843 2527 2036 2582 Adumi
2080 2544 2225 2584 mors
2262 2530 2480 2586 Christi.
2512 2533 2670 2587 Vides
2697 2548 2854 2599 eum,
2889 2550 2984 2603 per
3010 2550 3129 2605 qua:
3153 2536 3308 2597 vicit.
3341 2552 3436 2605 per

1844 2620 2029 2675 eadem
2059 2631 2113 2677 et
2138 2623 2333 2677 victum
2361 2625 2526 2680 esse?
2553 2621 2706 2680 Circa
2736 2626 2981 2681 arborem
3013 2628 3297 2695 prostravit
3323 2627 3436 2682 dia-

1845 2710 2002 2766 bolus
2049 2712 2345 2780 Adamum,
2391 2715 2528 2769 circa
2573 2714 2819 2773 arborem
2867 2716 3153 2772 debellavit
3196 2718 3437 2774 Christus

1846 2803 2136 2861 diabolum.
2166 2807 2229 2861 Et
2258 2807 2386 2862 illud
2414 2809 2628 2877 quidem
2658 2809 2857 2879 lignum
2902 2811 3147 2866 mittebat
3182 2811 3250 2866 ad
3294 2811 3434 2869 infe-

1847 2908 1937 2949 ros
1963 2912 1976 2947 :
2006 2905 2062 2950 at
2093 2897 2195 2951 hoc
2223 2899 2381 2951 etiam
2415 2899 2556 2964 illos,
2581 2900 2670 2970 qui
2693 2900 2803 2970 jam
2827 2916 2890 2955 eo
2911 2901 3314 2970 descenderant,
3347 2919 3436 2960 re-

1845 2988 2091 3040 vocabat.
2146 2988 2341 3043 lterum
2405 2990 2669 3058 lignorum
2721 2993 2948 3048 alterum
3005 2993 3275 3048 hominem
3325 2995 3437 3065 jam

1847 3089 2060 3150 captum
2102 3080 2408 3151 nudumque
2457 3083 2785 3138 occultavit:
2813 3093 2869 3139 at
2907 3084 3009 3140 hoc
3048 3085 3305 3140 victorem
3336 3101 3438 3140 nu-

1848 3171 1975 3225 dum
2021 3169 2073 3224 in
2113 3170 2221 3225 alto
2254 3170 2501 3227 omnibus
2544 3172 2798 3250 ostendit.
2828 3173 2898 3228 Et
2936 3175 3023 3229 illa
3051 3175 3262 3246 quidem
3293 3190 3438 3233 mors

1849 3279 1976 3330 eos,
2009 3263 2097 3334 qui
2131 3271 2252 3332 post
2281 3264 2448 3332 ipsam
2482 3264 2589 3318 nati
2621 3272 2780 3330 sunt,
2822 3264 3227 3324 condemnavit:
3255 3275 3310 3319 at
3339 3268 3437 3321 ista

1848 3370 1995 3409 mors
2015 3355 2174 3409 etiam
2201 3354 2318 3408 illos
2343 3355 2431 3425 qui
2462 3355 2569 3409 nati
2598 3353 2807 3409 fuerant
2832 3363 2956 3410 ante
2982 3357 3171 3423 ipsam,
3204 3357 3437 3412 resusci-

1850 3448 1998 3501 tavit.
2027 3446 2152 3511 Quis
2180 3447 2410 3516 loquetur
2437 3447 2684 3519 potentias
2706 3445 2917 3504 Domini
2949 3444 3117 3519 (Psol.
3145 3446 3265 3502 105.
3287 3446 3372 3520 9)?
3389 3449 3434 3504 Α

1850 3547 2021 3593 morte
2052 3537 2378 3593 immortales
2407 3537 2531 3602 facti
2555 3554 2779 3597 sumus:
2813 3538 2927 3595 haec
2952 3547 3077 3593 sunt
3096 3540 3274 3595 crucis
3297 3556 3435 3610 pra:-

1849 3628 1995 3683 clara
2026 3628 2282 3683 facinora.
3333 3672 3338 3676 .

1921 3720 2231 3776 Intellexisti
2258 3721 2530 3776 victoriam
2548 3721 2572 3781 2
2600 3720 2907 3779 intellexisti
2928 3721 3146 3781 modum
3167 3720 3400 3779 victoria:
3413 3726 3439 3778 τ

1849 3810 1996 3867 disce
2021 3827 2181 3876 nunc,
2211 3812 2481 3882 quomodo
2510 3819 2566 3867 et
2589 3813 2706 3868 sine
2731 3812 2914 3868 labore
2942 3822 2999 3882 et
3027 3815 3225 3871 sudore
3250 3827 3435 3871 nostro

1848 3904 2071 3959 victoria
2088 3902 2204 3959 haec
2224 3904 2381 3957 fuerit
2404 3911 2575 3972 parta.
2595 3902 2705 3959 Nos
2725 3918 2871 3959 arma
2894 3920 3000 3959 non
3019 3907 3436 3972 cruentavimus,

1850 4011 1956 4050 non
1998 3996 2239 4049 stetimus
2267 3994 2320 4049 in
2351 3994 2466 4054 acie
2484 4035 2500 4061 ,
2529 4008 2634 4055 non
2660 3996 2961 4064 accepimus
2986 3996 3202 4051 vulnera
3221 4036 3235 4059 ,
3265 4012 3439 4067 neque

1849 4089 2078 4144 vidimus
2104 4086 2324 4152 bellum,
2348 4096 2400 4141 et
2426 4095 2601 4141 tamen
2627 4087 2903 4141 victoriam
2930 4086 3295 4151 obtinuimus:
3318 4101 3437 4141 cer-

1832 4187 2028 4234 tamen
2048 4176 2260 4232 Domini
2281 4177 2401 4243 fuit,
2423 4192 2621 4233 corona
2644 4187 2846 4234 nostra.
2871 4175 3004 4232 Cum
3029 4192 3156 4248 ergo
3178 4187 3234 4233 et
3255 4187 3435 4234 nostra

1849 4273 1920 4324 sit
1950 4269 2193 4336 victoria,
2223 4269 2418 4324 milites
2443 4270 2734 4336 imitemur,
2760 4268 3002 4339 lmtisque
3028 4268 3245 4324 vocibus
3271 4269 3438 4325 victo~

1850 4361 1945 4418 riae
1988 4361 2173 4415 laudes
2216 4368 2271 4415 et
2299 4362 2535 4415 carmina
2580 4359 2736 4414 hodie
2774 4358 3120 4415 decantemus
3151 4378 3166 4413 :
3197 4360 3437 4416 dicamus

1853 4455 2132 4508 Dominum
2174 4452 2494 4524 laudantes:
2526 4451 2779 4522 Absorpta
2821 4463 2893 4506 est
2933 4468 3069 4506 mors
3109 4452 3162 4505 in
3205 4452 3432 4513 uictoria.

1855 4544 1951 4601 Ubi
1989 4555 2096 4608 est,
2122 4560 2277 4609 mors,
2318 4543 2528 4597 victoria
2552 4543 2667 4597 tua?
2694 4543 2776 4595 ubi
2803 4543 3034 4598 stimulus
3057 4551 3176 4597 tuus
3194 4584 3210 4608 ,
3240 4543 3438 4617 inferne

1851 4635 2023 4708 (Osee
2061 4635 2154 4692 15.
2182 4635 2282 4697 14;
2319 4633 2370 4687 1.
2401 4630 2519 4688 Cor.
2544 4634 2631 4688 15.
2656 4634 2745 4689 54.
2768 4632 2908 4704 55)?
2935 4632 3058 4688 llaec
3090 4635 3266 4688 omnia
3296 4649 3436 4703 pra:-

1850 4729 1995 4783 clare
2024 4728 2158 4781 facta
2188 4740 2319 4779 crux
2348 4724 2504 4779 nobis
2528 4725 2735 4794 peperit
2766 4741 2781 4779 :
2811 4739 2938 4779 crux
2967 4731 3225 4793 tropaeum
3248 4734 3434 4781 contra

1850 4819 2125 4874 daemones
2153 4824 2412 4880 erectum,
2442 4816 2647 4886 gladius
2670 4825 2857 4870 contra
2889 4825 3199 4885 peccatum,
3228 4814 3437 4887 gladius

1851 4927 1956 4982 quo
1981 4918 2285 4980 serpentem
2313 4908 2553 4964 confodit
2583 4908 2827 4964 Christus
2849 4923 2863 4960 :
2888 4922 3016 4963 crux
3048 4909 3219 4963 Patris
3244 4909 3439 4963 volun-

1853 5014 1969 5070 tas,
2012 5002 2278 5073 Unigeniti
2302 5000 2493 5072 gloria,
2534 5001 2762 5071 Spiritus
2789 5000 3094 5068 exsultatio,
3120 5000 3434 5071 angelorum

1850 5097 2031 5161 decus,
2077 5095 2332 5150 Ecclesia:
2356 5094 2637 5161 securitas,
2662 5093 2908 5162 gloriatio
2936 5093 3102 5156 Pauli,
3129 5099 3433 5145 sanctorum

1852 5202 2067 5250 murus,
2101 5186 2260 5242 totius
2301 5186 2446 5241 orbis
2476 5185 2674 5240 lumen.
2699 5182 3155 5251 Quemadmodum
3199 5182 3341 5237 enim
3388 5181 3434 5235 si

1851 5279 1970 5348 quis
2015 5278 2283 5332 lucernam
2328 5276 2382 5331 in
2421 5275 2582 5331 domo
2609 5276 2854 5346 quapiam
2885 5274 3117 5329 tenebris
3142 5272 3311 5327 obsita
3342 5286 3430 5325 ac-

1853 5371 2044 5425 condat
2072 5379 2127 5425 et
2154 5370 2207 5425 in
2234 5369 2396 5423 altum
2422 5376 2638 5430 statuat,
2670 5366 2917 5423 tenebras
2945 5364 3233 5432 derepente
3262 5363 3432 5432 fugat:

1853 5463 1931 5517 sic
1959 5463 2189 5517 tenebris
2218 5477 2316 5532 per
2344 5461 2649 5516 universum
2680 5460 2864 5514 orbem
2891 5455 3091 5526 sparsis
3114 5496 3129 5519 ,
3161 5453 3434 5515 Christus.

1856 5561 2123 5622 tamquam
2152 5551 2450 5623 lampadem
2487 5550 2770 5621 quamdam
2795 5590 2809 5614 ,
2838 5562 3048 5603 crucem
3080 5543 3320 5600 accendit
3341 5587 3356 5611 ,
3384 5556 3437 5599 et

1859 5645 1909 5699 in
1940 5644 2103 5699 altum
2145 5644 2345 5707 erexit,
2392 5657 2707 5713 omnemque
2751 5640 3030 5710 caliginem
3079 5637 3238 5694 totius
3282 5645 3437 5693 terra:
