3906 6224
454 402 755 476 dissipavit.
783 400 852 457 Et
879 400 1323 472 quemadmodum
1352 401 1557 472 lampas
1576 416 1734 472 supra
1761 403 1814 456 in
1836 409 2035 457 vertice

455 492 637 548 lumen
668 491 864 560 habet,
892 491 969 550 sic
996 498 1053 545 et
1076 505 1206 545 crux
1239 489 1423 545 habuit
1446 505 1607 560 supra
1638 492 1689 545 in
1714 491 1914 545 vertice
1932 489 2035 545 So-

456 583 560 638 lem
585 583 804 653 justitize
832 582 1190 651 cﬂ’ulgentcm.
1228 581 1378 636 llunc
1414 597 1535 637 cum
1576 581 1778 637 videret
1807 580 2036 636 mundus

455 673 623 728 clavis
647 673 884 737 afﬁxum,
928 671 1222 738 cohorruit,
1263 682 1404 726 mota
1443 681 1742 743 estlterra,
1787 672 2040 741 disrupta:

459 773 642 832 petrze.
671 763 778 817 Sed
807 763 928 817 licet
955 762 1209 831 disrupta:
1236 764 1341 818 sint
1374 776 1538 834 petra:
1558 806 1574 831 ,
1612 765 1834 820 durities
1863 775 2038 820 tamen

457 855 757 909 Judzeorum
803 870 908 909 non
952 864 1035 910 est
1074 856 1311 926 disrupta
1345 874 1358 910 :
1390 858 1562 912 velum
1603 859 1784 928 templi
1816 859 2040 914 scissum

462 956 564 1007 est,
595 954 650 1000 et
677 961 782 1000 non
812 955 894 1000 est
917 948 1082 1001 scissa
1110 948 1349 1018 improba
1373 948 1583 1003 illorum
1611 951 1956 1019 conspiratio.

543 1036 716 1090 Vetnm
742 1037 916 1107 templi
938 1055 1029 1091 cur
1051 1039 1280 1092 scissum.
1308 1069 1379 1078 --
1402 1039 1577 1105 Quare
1597 1041 1821 1094 scissum
1843 1049 1926 1095 est
1955 1055 2044 1095 ve-

460 1126 610 1182 lum?
637 1125 770 1194 Quia
798 1129 1051 1198 templum
1085 1145 1189 1183 non
1222 1131 1390 1200 potuit
1417 1131 1597 1186 videre
1629 1130 1910 1185 Dominum
1933 1146 2046 1184 cru-

461 1217 703 1283 ciﬁxum,
733 1228 785 1274 et
815 1235 910 1288 per
933 1235 1016 1286 ea,
1048 1237 1168 1290 qum
1190 1221 1310 1275 velo
1339 1237 1437 1276 suo
1465 1221 1808 1285 acciderunt,
1838 1231 2043 1276 tantum

462 1325 569 1363 non
599 1309 983 1365 exhortationis
1013 1311 1172 1365 modo
1199 1313 1296 1366 ista
1330 1312 1567 1382 protulit.
1595 1312 1668 1366 De
1695 1321 1892 1367 caetero
1916 1327 2045 1366 san-

462 1409 546 1454 cta
572 1411 876 1455 sanctorum
905 1403 1217 1466 conculcet,
1257 1403 1497 1473 quisquis
1522 1403 1683 1457 volet.
1724 1402 1860 1471 Quid
1903 1402 2044 1457 enim

465 1490 581 1544 istis
601 1505 734 1561 opus
758 1491 946 1555 habeo,
973 1493 1061 1545 tali
1080 1492 1344 1548 sacriﬁcio
1365 1503 1514 1548 extra
1536 1493 1716 1548 oblato
1735 1503 1788 1548 et
1809 1493 2047 1562 peracto?

465 1581 590 1650 quid
618 1581 746 1635 mihi
774 1583 993 1652 prodest
1018 1584 1436 1639 testamentum?
1463 1584 1657 1640 frustra
1697 1595 1752 1640 et
1783 1585 2047 1641 incassum

467 1681 614 1727 tanto
642 1683 882 1744 tempore
912 1675 1040 1729 istos
1067 1675 1244 1731 docui.
1269 1677 1397 1744 Quae
1423 1693 1487 1731 ex
1515 1678 1630 1747 lege
1650 1677 1715 1731 ad
1742 1693 1826 1732 mc
1854 1678 2051 1732 utilitas

467 1762 642 1816 redit?
671 1763 781 1818 lloc
814 1773 868 1818 et
907 1765 1162 1835 propheta
1191 1767 1454 1821 clamabat
1491 1767 1712 1821 dicens:
1746 1767 1914 1834 Quare
1942 1769 2048 1838 fre-

467 1865 696 1908 muerunt
722 1867 906 1926 gentes,
938 1867 982 1911 et
1011 1859 1187 1928 pepuli
1213 1859 1436 1913 meditati
1459 1870 1573 1912 sunt
1597 1860 1770 1913 inania
1799 1859 1967 1933 (Psal.
1992 1860 2047 1915 2.

469 1948 564 2018 1)?
592 1947 886 2002 Audierant
917 1966 930 2002 :
958 1947 1240 2020 Tamquam
1283 1951 1388 2004 ovis
1426 1951 1494 2004 ad
1538 1953 1836 2006 occisionem
1873 1952 2053 2006 ductus

470 2048 561 2102 est,
583 2048 633 2092 et
654 2048 908 2110 tamquam
927 2058 1088 2112 agnus
1112 2059 1282 2096 coram
1301 2043 1532 2096 tondente
1547 2061 1600 2097 se
1624 2045 1867 2098 obmutuit
1898 2043 1950 2114 (Ι
1956 2046 2052 2102 sai.

469 2130 560 2186 55.
592 2131 650 2202 7)
679 2149 693 2186 :
723 2142 776 2186 et
802 2149 923 2187 cum
953 2134 1089 2189 hanc
1119 2135 1452 2205 prophetiam
1479 2147 1624 2192 tanto
1651 2148 1893 2208 tempore
1918 2155 2052 2194 con-

469 2221 814 2286 siderassent,
841 2235 1102 2292 prtescnte
1123 2227 1232 2295 jam
1255 2243 1339 2294 eo,
1363 2229 1501 2297 quod
1530 2229 1835 2299 pra-dictum
1860 2230 2050 2296 fuerat,

471 2325 576 2367 non
607 2313 965 2369 crediderunt.
991 2315 1198 2383 Cernis,
1231 2318 1497 2387 quomodo
1525 2319 1760 2374 meditati
1788 2329 1910 2374 sunt
1935 2321 2052 2375 ina-

471 2405 592 2458 nia?
619 2405 905 2474 Propterea
944 2409 1168 2463 scissum
1197 2420 1277 2463 est
1305 2411 1590 2480 templum,
1633 2411 1938 2482 signiﬁcans
1963 2428 2055 2467 so-

471 2494 746 2550 litudinem
790 2505 844 2552 et
888 2499 1238 2554 vastationem
1279 2500 1498 2570 posthac
1541 2502 1592 2556 in
1637 2512 1950 2573 perpetuum
1979 2502 2058 2557 fu-

472 2596 664 2640 turam.

545 2677 599 2730 5.
634 2677 711 2730 Ad
734 2678 1144 2734 communionem
1165 2698 1264 2752 quo
1290 2695 1436 2753 pacto
1456 2685 1693 2738 eundum.
1716 2716 1788 2725 —
1806 2685 1939 2740 Cum
1963 2686 2060 2756 igi-

473 2777 561 2821 tur
603 2781 757 2834 eum,
805 2770 894 2839 qui
939 2771 990 2825 in
1039 2786 1196 2827 cruce
1237 2773 1424 2827 afﬁxus
1453 2783 1563 2840 est,
1598 2791 1696 2829 nos
1737 2776 1918 2831 itidem
1957 2777 2058 2831 sub

474 2873 753 2928 vesperam
785 2861 948 2916 visuri
993 2863 1193 2927 simus,
1239 2873 1504 2934 tamquam
1547 2881 1742 2936 agnum
1771 2876 2058 2922 mactatum

474 2959 528 3004 et
558 2951 910 3020 immolatum,
941 2971 1132 3010 moneo
1152 2997 1167 3023 ,
1196 2966 1394 3012 etcum
1424 2967 1678 3025 tremore,
1717 2961 2060 3015 veneratioae

474 3050 531 3096 et
558 3044 853 3098 reverentia
876 3046 1040 3100 multa
1063 3047 1398 3103 accedamus.
1423 3051 1502 3104 An
1531 3051 1765 3118 nescitis,
1792 3053 2060 3122 quomodo

475 3135 648 3204 angeli
679 3135 978 3191 adstiterint
999 3139 1246 3208 sepulcro
1273 3155 1466 3212 corpus
1492 3157 1594 3196 non
1628 3143 1860 3211 habenti,
1883 3145 2062 3214 sepul-

479 3241 575 3281 cro
605 3230 814 3282 vacuo?
837 3239 1068 3286 attamen
1096 3248 1215 3287 cum
1245 3235 1413 3288 semel
1443 3243 1609 3288 totum
1631 3252 1825 3306 corpus
1851 3238 2059 3292 Domini

480 3320 788 3388 recepisset,
818 3321 1040 3375 multum
1074 3323 1291 3380 honoris
1321 3325 1420 3394 ipsi
1449 3327 1608 3380 etiam
1638 3327 1756 3382 loco
1784 3327 2056 3382 exhibent.

480 3412 665 3482 Angeli
691 3453 708 3477 ,
735 3413 824 3483 qui
862 3423 1100 3469 naturam
1141 3429 1378 3472 nostram
1406 3420 1718 3474 excellentia
1765 3435 1862 3474 sua
1908 3422 2062 3492 longe

482 3514 758 3572 superant,
811 3514 952 3560 tanta
1000 3510 1298 3563 reverentia
1343 3518 1398 3564 et
1438 3509 1778 3565 observantia
1816 3512 2063 3580 sepulcro

482 3595 738 3649 assistunt
768 3612 782 3648 :
810 3611 908 3651 nos
931 3613 1035 3651 non
1061 3599 1128 3653 ad
1153 3601 1457 3668 sepulcrum
1488 3602 1664 3665 inane,
1684 3603 1777 3658 sed
1803 3603 1867 3657 ad
1894 3605 2063 3672 ipsam

454 3685 457 3687 ’
486 3699 724 3738 mensam
743 3726 759 3750 ,
793 3685 843 3739 in
871 3701 972 3755 qua
998 3689 1179 3758 Agnus
1209 3691 1412 3758 positus
1437 3699 1546 3756 est,
1573 3693 1801 3758 adituri,
1827 3709 1949 3749 cum
1979 3703 2065 3749 tu-

485 3776 656 3829 multu
685 3783 738 3830 et
769 3777 1070 3834 turbatione
1093 3780 1436 3836 accedimus?
1463 3783 1525 3837 Et
1556 3801 1674 3855 qua:
1699 3787 1851 3842 nobis
1880 3787 1948 3843 de
1976 3803 2063 3843 re-

487 3867 631 3937 liquo
669 3870 822 3924 venia
867 3872 1128 3940 speranda
1156 3873 1297 3928 erit?
1323 3873 1437 3930 Non
1473 3876 1592 3931 dico
1622 3876 1737 3933 haec
1759 3879 2071 3948 simpliciter
2107 3876 2118 3884 ’

488 3971 543 4016 et
567 3970 787 4028 temere,
813 3964 906 4018 sed
935 3979 1056 4019 cum
1078 3964 1259 4021 videre
1279 3966 1479 4022 soleam
1506 3967 1605 4024 hac
1630 3985 1848 4039 veSpera
1875 3970 2071 4026 multos

490 4052 887 4117 tumultuantes,
919 4055 1233 4122 clamantes,
1255 4071 1374 4112 sese
1398 4067 1584 4115 mutuo
1606 4060 1898 4129 trudentes,
1926 4062 2072 4117 exsi-

490 4144 683 4218 lientcs
705 4187 718 4209 ,
751 4147 985 4202 convicia
1022 4147 1276 4218 iacientes
1297 4191 1311 4215 ,
1345 4152 1617 4222 magisque
1664 4169 1874 4222 poenam
1914 4169 2071 4223 quam

492 4236 716 4290 salutem
744 4237 842 4292 sibi
869 4251 1239 4309 comparantes
1259 4285 1274 4311 ,
1300 4259 1366 4298 ea
1387 4243 1454 4298 de
1480 4259 1641 4299 causa
1671 4244 1809 4300 hanc
1833 4246 2076 4300 admoni-

498 4328 695 4383 tionem
723 4330 960 4385 instituo.

570 4421 829 4478 lnvocatio
880 4424 1105 4494 Spiritus
1138 4439 1320 4484 sancti.
1351 4460 1421 4470 —
1448 4431 1600 4497 Quod
1653 4430 1782 4486 facis
1811 4471 1827 4496 ,
1876 4430 2076 4485 homo?

499 4512 714 4581 quando
743 4515 994 4570 sacerdos
1022 4527 1126 4573 stat
1149 4529 1274 4576 ante
1300 4537 1505 4576 sacram
1534 4537 1771 4578 mensam
1793 4563 1808 4590 ,
1835 4521 2078 4576 manibus

501 4608 553 4664 in
578 4606 766 4663 etclam
787 4609 1042 4676 extensis,
1071 4611 1322 4669 invocans
1342 4613 1594 4685 Spiritum
1617 4621 1877 4682 sanctum,
1903 4622 1963 4670 ut
1986 4613 2081 4669 ad-

1201 288 1260 344 S.
1297 289 1577 345 JOANNIS
1601 285 2084 343 CHRYSOSTOMI
2119 283 2439 340 ARCIIIEP.
2479 282 3014 338 CONSTANTINOP.

3624 283 3731 338 593

2144 400 2358 465 veniat,
2388 406 2446 454 ut
2472 398 2743 470 proposita
2785 396 2924 452 dona
2969 396 3274 468 contingat,
3322 411 3512 468 magna
3543 399 3737 468 quies.

2144 504 2392 561 magnum
2441 489 2711 544 silentium
2739 507 2752 544 :
2778 487 2990 559 quando
3037 487 3269 558 Spiritus
3313 489 3538 559 gratiam
3582 503 3743 544 suam

2145 584 2360 647 tribuit,
2409 581 2622 652 quando
2664 581 2974 648 descendit,
3024 581 3236 652 quando
3278 582 3547 652 preposita
3595 581 3744 637 dona

2146 675 2405 744 contingit
2427 715 2442 740 ,
2468 672 2680 744 quando
2709 689 2862 728 ovem
2905 682 3190 727 mactatam
3225 681 3280 728 et
3306 681 3743 727 consummatam

2146 769 2342 832 cernis,
2374 780 2498 823 tunc
2527 767 2808 822 tumultum
2833 808 2851 834 ,
2882 775 3008 822 tunc
3045 767 3260 833 turbas,
3292 775 3418 823 tunc
3436 769 3749 822 contentio-

2148 873 2268 913 nem
2297 858 2498 912 excitas
2516 865 2570 912 et
2595 857 2833 912 convicia
2857 857 3028 926 jacis?
3049 857 3327 925 Quomodo
3348 857 3620 912 sacriﬁcio
3641 858 3749 913 hoc

2149 948 2348 1020 perfrui
2374 957 2544 1018 potes,
2575 964 2695 1003 cum
2725 958 2875 1003 tanto
2903 949 3130 1002 tumultu
3157 957 3212 1003 et
3235 949 3460 1019 strepitu
3489 948 3558 1004 ad
3590 964 3752 1003 men-

2149 1055 2262 1096 sam
2291 1041 2427 1096 hanc
2446 1040 2708 1096 accedas?
2733 1039 2847 1095 Non
2875 1040 3070 1095 sufﬁcit
3101 1039 3254 1094 nobis
3292 1041 3528 1109 peccatis
3557 1050 3753 1095 conta-

2150 1134 2379 1187 minatos
2405 1133 2684 1198 accedere,
2713 1133 2809 1188 sed
2835 1133 3006 1202 ipsum
3035 1133 3193 1187 etiam
3220 1147 3468 1188 accessus
3493 1149 3751 1188 momen-

2152 1233 2264 1278 tum
2297 1239 2400 1278 non
2431 1224 2654 1278 sinimus
2679 1239 2710 1278 a
2733 1233 2953 1293 peccato
2978 1223 3204 1278 liberum
3243 1224 3540 1293 praeterire.
3565 1225 3755 1290 Quan-

2151 1313 2220 1368 do
2247 1313 2386 1368 enim
2408 1313 2704 1384 jurgamur,
2733 1314 2946 1383 quando
2976 1314 3378 1378 tumultuamur,
3406 1315 3626 1385 quando
3648 1329 3753 1370 nos

2153 1415 2339 1460 mutuo
2369 1405 2698 1472 mordemus,
2731 1405 3002 1476 quomodo
3027 1421 3055 1459 a
3086 1407 3317 1475 peccatis
3342 1407 3613 1462 immunes
3641 1407 3752 1462 eri-

2154 1498 2306 1552 mus?
2335 1499 2430 1553 Dic
2455 1497 2607 1563 mihi,
2634 1497 2761 1567 quid
2790 1497 3083 1567 properas?
3109 1498 3260 1566 cujus
3287 1498 3455 1568 gratia
3487 1499 3717 1554 festinas
3736 1540 3754 1564 ,

2154 1604 2276 1643 cum
2321 1603 2475 1643 ovem
2517 1589 2627 1658 jam
2671 1589 2903 1643 occisam
2931 1589 3161 1657 aspicis?
3187 1604 3308 1642 nam
3340 1589 3385 1644 si
3421 1598 3540 1644 tota
3587 1597 3755 1645 nocte

2155 1679 2472 1734 sacriﬁcium
2502 1678 2604 1733 hoc
2628 1678 2820 1732 intueri
2850 1677 3095 1742 deberes,
3124 1694 3191 1732 an
3221 1679 3588 1748 spectaculum
3619 1679 3750 1744 hoc,

2156 1771 2292 1826 cedo
2315 1811 2330 1837 ,
2379 1771 2675 1826 satietatem
2714 1769 2972 1825 afferret?
2997 1769 3132 1824 Toto
3156 1769 3244 1824 die
3269 1771 3531 1840 patienter
3551 1785 3755 1840 exspe-

2157 1863 2312 1918 ctasti
2335 1904 2350 1928 ,
2379 1863 2572 1918 bonam
2603 1863 2774 1919 noctis
2803 1871 3006 1931 partem
3037 1863 3372 1917 transmisisti
3393 1903 3408 1929 ,
3434 1871 3756 1932 tantumque

2158 1953 2402 2008 laborum
2443 1951 2592 2008 brevi
2627 1954 2880 2022 temporis
2921 1962 3116 2022 puncto
3146 1952 3379 2023 prodigis
3422 1961 3476 2007 et
3522 1952 3753 2022 perdis?

2157 2043 2363 2113 Cogita,
2395 2042 2650 2113 quidnam
2674 2042 2742 2096 sit
2765 2041 2890 2097 illud
2912 2041 3051 2111 quod
3073 2041 3399 2111 propositum
3421 2050 3526 2107 est,
3553 2051 3607 2096 et
3628 2057 3753 2111 qua:

2160 2133 2230 2186 sit
2253 2131 2368 2201 ejus
2397 2146 2556 2187 causa
2587 2148 2600 2184 :
2630 2130 2838 2185 occisus
2866 2140 2948 2186 cst
2976 2141 3192 2202 propter
3222 2142 3306 2196 te,
3347 2139 3400 2186 et
3447 2141 3502 2184 tu
3542 2131 3754 2187 deseris

2162 2223 2309 2277 illum
2337 2224 2505 2293 ipsum
2525 2222 2854 2276 immolatum
2875 2223 3156 2291 aspiciens.
3179 2221 3278 2276 Ubi
3299 2223 3532 2288 cadaver,
3556 2223 3750 2292 inquit,

2161 2315 2230 2370 ibi
2254 2325 2302 2370 et
2327 2316 2511 2385 aquila:
2531 2314 2739 2388 (Matth.
2771 2315 2860 2370 24.
2889 2315 3004 2386 28).
3033 2315 3138 2369 Nos
3177 2323 3355 2369 autem
3383 2331 3488 2369 non
3513 2323 3574 2369 ut
3601 2317 3753 2384 aqui-

2163 2408 2250 2474 lac,
2281 2407 2375 2461 sed
2406 2417 2463 2460 ut
2488 2423 2652 2462 canes
2676 2406 2978 2461 accedimus
3011 2424 3024 2458 :
3060 2414 3202 2460 tanta
3233 2415 3411 2460 nostra
3451 2415 3537 2460 est
3576 2405 3752 2474 impu-

2163 2499 2366 2555 dcntia.
2397 2499 2580 2569 Cogita
2605 2499 2728 2569 quid
2757 2498 2969 2553 tandem
3009 2497 3137 2552 illud
3179 2497 3282 2563 sit,
3331 2495 3474 2566 quod
3518 2497 3749 2551 eﬂ'usum

2165 2602 2248 2648 est
2273 2612 2286 2648 :
2317 2593 2530 2662 sanguis
2557 2603 2659 2656 est,
2690 2592 2905 2662 sanguis
2933 2591 3020 2662 qui
3049 2589 3461 2661 chirographum
3504 2599 3754 2658 peccato-

2163 2700 2282 2740 rum
2310 2683 2541 2738 delevit:
2573 2683 2787 2752 sanguis
2807 2724 2821 2748 ,
2850 2682 2941 2752 qui
2987 2681 3217 2735 animam
3261 2689 3404 2734 tuam
3451 2678 3753 2740 mandavit,

2165 2778 2252 2846 qui
2305 2775 2562 2830 maculam
2609 2775 2776 2839 eluit,
2829 2775 2917 2844 qui
2972 2773 3300 2842 principatus
3350 2780 3405 2826 et
3456 2781 3756 2841 potestates

2167 2869 2526 2936 triumphavit.
2546 2865 2856 2933 Exspatians
2873 2866 3026 2931 enim,
3047 2866 3232 2935 inquit,
3257 2864 3569 2935 principatus
3588 2873 3641 2916 et
3666 2878 3760 2933 po-

2167 2969 2363 3015 testates
2385 2961 2609 3014 traduxit
2629 2959 2939 3028 conﬁdenter
2959 2956 3274 3027 triumphans
3297 2957 3351 3009 in
3369 2971 3518 3008 cruce
3532 2953 3758 3026 (Coloss.

2166 3051 2222 3105 2.
2265 3050 2399 3122 15).
2441 3050 2600 3104 Multa
2644 3050 2882 3104 victoriae
2925 3047 3166 3118 symbola
3213 3045 3396 3100 habuit
3445 3055 3759 3114 tropaeum:

2168 3143 2337 3212 spolia
2383 3156 2612 3211 superne
2663 3139 2731 3195 de
2778 3155 2936 3195 cruce
2989 3137 3242 3209 pendent.
3291 3136 3760 3203 Quemadmodum

2168 3235 2309 3289 enim
2340 3235 2706 3303 magnanimus
2737 3234 2927 3303 aliquis
2952 3248 3070 3297 rex,
3099 3231 3342 3286 confecto
3366 3230 3594 3285 feliciter
3625 3229 3767 3284 difﬁ-

2169 3326 2373 3380 cillimo
2404 3325 2561 3393 bello,
2593 3325 2862 3379 thoracem
2882 3330 2934 3378 et
2962 3322 3207 3394 clypeum
3233 3330 3286 3376 et
3306 3336 3453 3374 arma
3473 3321 3694 3390 tyranni
3713 3328 3768 3375 et

2169 3416 2393 3470 militum
2417 3430 2550 3486 quos
2576 3415 2790 3481 devicit,
2820 3429 2981 3484 super
2999 3413 3266 3468 excelsum
3289 3421 3548 3479 trepteum
3573 3412 3765 3480 ponit:

2170 3507 2248 3562 sic
2274 3517 2328 3562 et
2355 3506 2618 3571 Christus,
2652 3506 2801 3560 ﬁnito
2830 3506 2989 3571 bello,
3015 3505 3156 3575 quod
3187 3518 3308 3557 cum
3337 3502 3550 3556 diabolo
3571 3517 3766 3572 gesse-

2171 3606 2287 3662 rat,
2314 3613 2462 3652 arma
2502 3597 2618 3668 ejus
2647 3597 2897 3652 universa
2918 3637 2936 3662 ,
2977 3605 3206 3650 mortem
3236 3603 3290 3648 et
3329 3591 3767 3647 maledictionem

2172 3687 2240 3743 ab
2269 3689 2478 3745 excelsa
2505 3703 2665 3743 cruce
2687 3687 2986 3758 suspendit,
3013 3695 3278 3756 tamquam
3300 3684 3369 3739 de
3395 3692 3610 3752 tropzeo
3638 3696 3770 3754 quo-

2173 3781 2296 3837 dam
2322 3798 2335 3834 :
2361 3789 2420 3835 ut
2448 3793 2637 3834 omnes
2684 3787 2943 3848 tropaeum
2989 3776 3118 3831 illud
3165 3775 3634 3844 conspicarentur,
3679 3789 3767 3827 su-

2176 3887 2356 3943 perna:
2383 3871 2650 3936 Virtutes,
2681 3885 2801 3941 qua:
2831 3869 2883 3924 in
2912 3868 3057 3923 caelis
3077 3908 3091 3930 ,
3125 3866 3366 3921 homines
3387 3906 3403 3932 ,
3435 3865 3524 3934 qui
3555 3864 3770 3919 inferne

2178 3975 2379 4020 terram
2409 3963 2678 4028 incolunt;
2709 3963 2915 4033 ipsique
2941 3961 3065 4015 mali
3100 3959 3372 4014 daemones
3395 3998 3410 4023 ,
3439 3959 3529 4029 qui
3567 3957 3769 4012 devicti

2180 4065 2324 4112 sunt.
2353 4057 2485 4112 Cum
2519 4056 2677 4126 igitur
2709 4064 2856 4110 tanto
2886 4069 3106 4109 munere
3135 4051 3309 4107 affecti
3344 4051 3546 4115 simus,
3574 4050 3769 4120 dignos

2181 4148 2538 4218 nosmetipsos
2568 4163 2664 4217 pro
2694 4146 2896 4201 viribus
2925 4145 3267 4200 ostendamus
3293 4143 3446 4198 bonis
3477 4142 3583 4197 illis
3610 4183 3626 4209 ,
3655 4156 3770 4212 quae

2182 4242 2335 4296 nobis
2360 4249 2486 4295 sunt
2513 4254 2768 4295 concessa
2790 4282 2804 4305 ,
2835 4249 2892 4294 ut
2919 4248 2972 4295 et
3000 4238 3248 4292 cmlorum
3276 4251 3495 4307 regnum
3520 4247 3771 4304 assequa-

2183 4347 2324 4398 mur,
2353 4331 2520 4402 gratia
2543 4340 2598 4386 et
2624 4330 2952 4385 humanitate
2977 4328 3182 4384 Domini
3209 4326 3375 4390 nostri
3400 4326 3524 4381 Jesu
3545 4324 3770 4390 Christi,

2186 4441 2282 4496 per
2309 4440 2464 4496 quem
2495 4433 2549 4480 et
2574 4439 2696 4478 cum
2735 4439 2843 4495 quo
2868 4423 3010 4479 Patri
3042 4422 3196 4479 simul
3227 4431 3280 4476 et
3305 4419 3527 4490 Spiritui
3552 4426 3769 4480 sancto,

2186 4521 2391 4592 gloria,
2444 4517 2619 4575 honor
2642 4558 2659 4587 ,
2728 4516 2964 4590 potentia
2989 4557 3004 4585 ,
3057 4517 3111 4572 in
3168 4513 3362 4571 saecula
3427 4509 3776 4592 saeculorum.

2187 4615 2378 4669 Amen.
