3906 6224
203 253 310 310 337

214 363 541 435 Ἐκκλησίας
572 363 606 434 ἠ
631 361 918 432 ἀσφάλεια,
948 363 1009 415 rb
1040 361 1298 433 καύχημα
1320 360 1556 421 Παύλου,
1581 357 1644 412 rb
1665 358 1774 411 τῶν

204 448 376 516 ἁγίων
451 449 661 518 τεῖχος,
715 445 774 499 rb
821 445 936 514 φῶς
996 446 1093 516 τῆς
1156 445 1480 516 οἰκουμένης
1534 443 1772 512 ἀπάσης.

205 524 472 594 Καθάπερ
509 531 617 600 γάρ
655 528 830 600 σκότῳ
850 528 1211 598 κατεχομένου
1237 531 1384 582 οίκου
1410 525 1670 596 λαμπάδα
1694 542 1778 588 τις

202 614 414 683 ἀνάψας
447 613 542 668 καὶ
585 611 750 684 ὀρθὴν
789 612 1096 682 ἀναστήσας
1134 610 1424 664 ἀπελαύνει
1456 609 1515 663 rb
1549 608 1736 670 σκότος
1759 624 1774 638 ·

201 699 346 752 οὕτω
372 697 470 766 τῆς
498 695 820 765 οἰκουμένης
853 693 956 746 ὑπὸ
979 692 1141 761 ζόφου
1173 692 1572 763 κατεχομένης,
1605 691 1778 744 καθά-

203 798 313 851 περ
344 779 600 848 λαμπάδα
642 777 761 831 τινὰ
827 777 920 830 τὸν
969 777 1198 845 σταυρὸν
1226 776 1438 844 ἀνάψας
1484 777 1577 828 καὶ
1622 775 1778 844 ὀρθὸν

205 865 515 933 ἀναστήσας
546 863 574 914 6
619 860 884 930 Χριστὸς,
935 859 1033 930 τῆς
1085 861 1188 930 γῆς
1235 859 1451 913 ἅπαντα
1488 859 1577 912 τὸν
1619 857 1778 926 ζόφον

206 947 381 999 ἔλυσε.
411 945 520 998 Καὶ
544 943 794 1013 καθάπερ
823 945 857 1012 ἡ
886 942 1107 1013 λαμπάς
1131 944 1223 995 ἐπὶ
1244 945 1309 1013 τῇ
1338 941 1545 1012 κεφαλῇ
1580 942 1692 996 ἄνω
1718 941 1780 992 τὸ

207 1030 323 1098 φῶς
354 1028 486 1099 ἔχει,
513 1027 653 1080 οὔτω
684 1028 778 1081 καὶ
797 1028 825 1079 ὁ
857 1026 1088 1098 σταυρὸς
1115 1027 1224 1080 ἄνω
1250 1027 1307 1078 ἐν
1336 1027 1402 1095 τῇ
1436 1023 1645 1094 κεφαλῇ
1692 1023 1780 1076 τὸν

205 1113 358 1184 ήλιον
378 1113 476 1181 τῆς
494 1108 838 1179 δικαιοσύνης
859 1103 1002 1178 εἶχεν
1030 1107 1401 1177 ἐκλάμποντα.
1425 1108 1625 1159 Τοῦτον
1659 1104 1781 1159 ἰδὼν

205 1192 624 1266 προσηλωμένον
677 1194 705 1246 6
761 1193 963 1264 κόσμος
1013 1191 1264 1261 ἔφριξεν,
1309 1191 1570 1260 ἐκλονήθη
1609 1193 1643 1259 ή
1685 1191 1778 1259 γῆ,

204 1277 570 1348 διερράγησαν
599 1276 654 1328 αἱ
689 1275 907 1344 πέτραι.
952 1273 1087 1326 Ἀλλ’
1124 1276 1171 1326 εί
1205 1275 1298 1326 καὶ
1329 1274 1693 1344 διεῤῥάγησαν
1725 1273 1781 1324 αἱ

205 1361 438 1432 πέτραι,
479 1361 512 1429 ή
547 1359 869 1428 ἀναισθησία
917 1358 1025 1412 τῶν
1071 1359 1338 1412 Ἰουδαίων
1374 1359 1432 1411 οὺ
1475 1357 1737 1428 διεῤῥάγη
1764 1374 1779 1389 ·

205 1444 431 1516 ἐσχίσθη
463 1442 524 1496 rb
557 1443 951 1512 καταπέτασμα
972 1483 987 1507 ,
1037 1443 1132 1496 καὶ
1172 1443 1271 1497 ούκ
1307 1441 1455 1515 [401]
1488 1440 1711 1512 ἐσχίσθη
1746 1442 1779 1512 ή

206 1526 424 1597 πονηρά
458 1527 743 1596 συμφωνία
776 1526 1016 1580 ἐκείνων,
1578 1566 1595 1575 .

281 1609 380 1663 Διά
404 1610 455 1662 τί
485 1607 706 1678 ἐσχίσθη
731 1608 790 1660 τὸ
819 1607 1243 1677 καταπέτασμα;
1277 1607 1402 1659 Ὅτι
1425 1606 1526 1660 οὐκ
1551 1605 1781 1674 ἠδύνατο

205 1692 300 1748 rbv
337 1693 613 1762 Δεσπότην
654 1692 784 1761 ὁρᾷν
819 1691 1217 1762 σταυρούμενον
1261 1693 1288 1743 6
1327 1690 1488 1753 ναόςο
1528 1689 1594 1742 δι’
1624 1682 1698 1742 ὧν
1725 1688 1780 1740 δέ

206 1779 290 1840 εἰς
317 1775 378 1828 rb
408 1774 574 1828 αὑτοῦ
606 1774 1005 1843 καταπέτασμα
1037 1776 1260 1842 γέγονε,
1310 1771 1588 1842 μονονουχὶ
1626 1769 1782 1824 τοῦτο

205 1861 531 1934 προτρέπων
577 1858 758 1927 φησίνο
800 1857 857 1909 Ὀ
893 1856 1206 1926 βουλόμενος
1237 1856 1476 1908 πατείτω
1519 1854 1587 1906 τὰ
1615 1853 1781 1920 ’Ἅγια

204 1944 318 1998 τῶν
347 1943 516 2010 άγίων
543 1942 746 1997 λοιπόν.
779 1940 843 1992 Τί
869 1940 976 2011 γάρ
1013 1959 1100 2009 μοι
1127 1941 1186 1992 τὸ
1215 1940 1405 2008 ὄφελος
1428 1938 1653 2000 τούτων,
1677 1937 1782 2003 ἐξω

206 2025 464 2095 τοιαύτης
499 2024 688 2087 θυσίας
727 2023 1202 2092 προσενεχθείσης;
1255 2022 1309 2074 τί
1358 2039 1446 2092 μοι
1490 2021 1551 2073 rb
1593 2019 1782 2087 δφελος

206 2110 311 2180 τῆς
337 2108 597 2178 διαθήκης
615 2123 630 2170 ;
672 2106 726 2159 τί
759 2123 847 2177 μοι
867 2107 928 2158 rb
955 2105 1144 2174 ὄφελος
1174 2104 1268 2158 τοῦ
1301 2105 1500 2174 νόμου;
1535 2102 1657 2172 εἰκῆ
1691 2102 1786 2154 καὶ

213 2193 392 2262 μάτην
438 2189 659 2252 τούτους
715 2188 1005 2242 ἐπαίδευσα
1063 2187 1314 2241 τοσοῦτον
1370 2187 1583 2257 χρόνον.
1617 2184 1788 2236 Τοῦτο

208 2275 306 2328 καὶ
357 2274 385 2326 6
437 2273 724 2343 προφήτης
769 2271 929 2336 ἐϐόα,
985 2269 1190 2339 λέγων·
1265 2270 1436 2324 Ἱνατί
1481 2266 1788 2336 ἐφρύαξαν

210 2357 356 2422 ἔθνη
380 2396 395 2419 ,
422 2354 522 2408 καὶ
555 2354 691 2408 λαοὶ
715 2353 1091 2422 ἐμελέτησαν
1117 2351 1264 2405 κενά
1294 2368 1311 2414 ;
1347 2354 1641 2404 Ἤκουσαν·
1695 2351 1788 2414 Ὡς

209 2439 511 2506 πρόϐατον
541 2437 638 2490 ἐπὶ
661 2436 906 2505 σφαγὴν
938 2436 1095 2503 ἤχθη
1117 2475 1130 2499 ,
1157 2434 1255 2488 καὶ
1277 2436 1357 2499 ὡς
1385 2434 1572 2504 ἀμνὸς
1613 2435 1787 2487 ἐναν-

210 2521 345 2574 τίον
368 2520 476 2574 τοῦ
517 2521 812 2587 κείροντος
849 2520 1036 2572 αὐτὸν
1073 2518 1342 2586 ﬁgam-or
1389 2519 1481 2571 καὶ
1527 2517 1790 2586 μελετῶν-

211 2621 304 2666 τες
336 2602 397 2654 ἐν
428 2603 664 2672 τοσούτῳ
690 2602 861 2674 χρόνῳ
893 2601 989 2668 τὴν
1020 2601 1374 2671 προφητείαν,
1405 2599 1498 2652 τοῦ
1529 2601 1790 2669 πράγμα-

211 2703 305 2749 τος
337 2685 776 2756 παραγενομένου
809 2684 1141 2754 ἠπίστησαν.
1177 2679 1330 2746 Εἶδες
1373 2682 1490 2744 πῶς
1530 2683 1791 2752 ἐμελέτη-

213 2785 318 2821 σαν
375 2767 536 2832 κενά;
591 2766 692 2818 Διά
737 2766 894 2819 τοῦτο
951 2766 1331 2838 περιεσχίσατο
1392 2769 1421 2818 6
1474 2764 1634 2827 ναὸς,
1691 2764 1790 2834 τὴν

214 2851 494 2920 ἐρήμωσιν
537 2844 818 2919 προδηλῶν
874 2849 972 2918 τὴν
1008 2849 1145 2920 μετά
1189 2846 1364 2903 ταῦτα
1410 2847 1671 2918 ἐσομένην
1716 2846 1792 2899 δι-

211 2950 446 3004 τινεκως.

300 3017 452 3068 Ἐπεὶ
475 3010 565 3069 οὖν
595 3015 682 3069 τὸν
714 3017 772 3067 ἐν
800 3014 876 3085 τῷ
911 3014 1130 3085 σταυρῷ
1159 3013 1581 3084 προσηλωμένον
1616 3013 1752 3082 μέλ-

212 3098 380 3169 λομεν
410 3099 500 3150 καὶ
531 3099 690 3168 ἡμεῖς
727 3098 868 3150 κατά
896 3098 994 3164 τὴν
1029 3097 1265 3165 ἑσπέραν
1295 3096 1496 3166 ταύτην
1527 3097 1679 3160 ίδείν,
1716 3096 1792 3158 ὡς

215 3183 387 3252 ἀμνὸν
408 3181 748 3249 ἐσφαγμένον
778 3181 870 3232 καὶ
897 3177 1226 3247 τεθυμένον,
1249 3179 1384 3246 μετά
1408 3178 1608 3246 φρίκης
1628 3194 1794 3248 προσ-

217 3262 410 3332 ίωμεν,
451 3260 771 3331 παρακαλῶ,
811 3261 904 3314 καὶ
929 3260 1111 3323 αἰδοῦς
1141 3260 1340 3330 πολλῆς
1365 3260 1458 3312 καὶ
1487 3259 1788 3322 εὐλαϐείας.

215 3345 334 3397 Οὐκ
357 3343 554 3411 ἐγνωτε
594 3344 720 3405 τοὺς
757 3343 1022 3410 ἀγγέλους
1041 3383 1054 3407 ,
1087 3343 1205 3406 πῶς
1236 3344 1688 3414 παρειστήκεισαν
1712 3343 1791 3413 τῷ

213 3429 373 3495 τάφῳ
429 3426 528 3478 οὐκ
583 3425 759 3495 ἔχοντι
810 3425 1001 3495 σῶμα,
1059 3427 1213 3494 τάφῳ
1271 3424 1446 3494 κενῶς
1504 3425 1616 3478 ἀλλ’
1644 3426 1794 3495 ὅμως

215 3509 406 3578 ἐπειδὴ
434 3508 568 3571 ὅλως
606 3506 821 3572 ἐδέξατο
856 3508 918 3560 rb
951 3507 1110 3578 σῶμα
1131 3507 1191 3560 rb
1215 3505 1563 3571 Δεσποτικὸν,
1595 3507 1792 3576 πολλὴν

217 3589 552 3660 ἀπονέμουσι
583 3590 676 3643 καὶ
697 3589 776 3660 τῷ
800 3590 950 3660 τόπῳ
973 3590 1071 3656 τὴν
1094 3590 1277 3659 τιμήν.
1305 3590 1367 3642 Ol
1391 3589 1607 3656 ἄγγελοι
1629 3591 1795 3660 ὑπερ-

221 3671 494 3735 ϐαίνοντες
522 3674 621 3740 τὴν
644 3672 918 3744 ἡμετέραν
944 3673 1102 3741 φύσιν
1136 3671 1273 3743 μετὰ
1310 3673 1575 3742 τοσαύτης
1615 3671 1795 3736 αίδοῦς

222 3756 317 3808 καὶ
346 3755 629 3818 εὐλαϐείας
662 3757 1120 3827 παρειστήκεισαν
1143 3754 1220 3826 τῷ
1251 3755 1434 3826 τάφῳ’
1463 3759 1618 3826 ἡμεῖς
1645 3757 1702 3810 δὲ
1731 3758 1792 3810 οὐ

221 3838 378 3907 τάφῳ
414 3838 697 3907 μέλλοντες
740 3837 1104 3908 παρίστασθαι
1150 3837 1324 3908 κενῷ,
1380 3837 1494 3890 ἀλλ’
1547 3839 1681 3908 αὐτῇ
1725 3843 1791 3910 τῇ

221 3921 470 3993 τραπέζῃ
515 3924 581 3991 τῇ
618 3922 710 3974 τὸν
749 3921 918 3992 ἀμνὸν
958 3920 1154 3991 ἐχούσῃ
1179 3961 1193 3984 ,
1237 3919 1373 3990 μετά
1422 3919 1648 3991 θορύϐου
1703 3925 1796 3976 καὶ

221 4007 464 4074 ταραχῆς
489 4005 788 4074 πρόσιμεν;
817 4004 924 4056 Καὶ
944 4004 1026 4066 τίς
1053 4005 1182 4074 ήμῖν
1205 4003 1353 4057 ἐσται
1376 4003 1669 4075 συγγνώμη
1689 4004 1797 4057 λοι-

224 4085 360 4152 πόν;
396 4088 507 4157 Ούχ
538 4087 720 4150 ἁπλῶς
751 4087 920 4140 ταῦτα
961 4085 1103 4153 λέγω
1129 4125 1144 4149 ,
1175 4085 1290 4139 ἀλλ’
1336 4087 1520 4158 ἐπειδὴ
1571 4088 1798 4152 πολλοὺς

222 4168 336 4240 ὁρῶ
359 4171 498 4222 κατά
520 4169 617 4239 τὴν
639 4169 873 4240 ἑσπέραν
897 4168 1099 4238 ταύτην
1123 4167 1483 4240 θορυϐοῦντας
1503 4210 1516 4234 ,
1537 4170 1793 4240 βοῶντας,

223 4251 606 4320 ἐπικειμένους
650 4251 929 4320 ἀλλήλοις,
979 4249 1258 4320 πηδῶντας
1282 4291 1296 4314 ,
1338 4251 1793 4322 λοιδορουμένους,

224 4333 324 4388 καὶ
375 4333 571 4403 μᾶλλον
603 4334 807 4396 ἑαυτοῖς
859 4332 1074 4386 κόλασιν
1113 4333 1146 4403 ἢ
1177 4337 1446 4406 σωτηρίαν
1472 4335 1795 4406 προξενοῦν-

223 4431 328 4478 τας
345 4432 359 4446 ο
385 4413 571 4468 τούτου
606 4414 764 4485 χάριν
789 4415 886 4484 τὴν
920 4416 1058 4485 ὑπὲρ
1080 4416 1284 4470 τούτων
1308 4417 1564 4488 ποιοῦμαι
1599 4419 1798 4490 παραί-

226 4514 397 4555 νεσιν.
431 4497 496 4551 Τί
549 4501 758 4565 ποιεῖς,
798 4497 1084 4570 ἄνθρωπε;
1141 4501 1267 4554 ὅταν
1316 4501 1519 4572 ἑστήκῃ
1550 4502 1656 4571 πρὸ
1697 4503 1797 4572 τῆς

1231 257 1318 311 DE
1357 249 1788 316 C(EMETERIO
1828 248 1915 303 ET
1947 247 2034 302 DE
2065 244 2310 303 CRUCE.

3346 258 3454 313 398

1878 357 2156 429 τραπέζης
2183 357 2210 407 ὁ
2253 357 2468 428 ἱερεὺς,
2496 358 2594 423 τάς
2620 360 2810 430 χεῖρας
2834 358 3127 414 ἀνατείνων
3157 366 3236 428 είς
3253 366 3342 420 τὸν
3362 373 3453 424 οὺ.

1884 441 2074 512 ρανὸν,
2118 439 2299 493 καλῶν
2325 439 2385 492 rb
2431 439 2656 512 Πνεῦμα
2685 442 2745 494 rb
2781 441 2936 509 ἅγιον
2961 483 2977 509 ,
3016 443 3110 496 τοῦ
3151 453 3447 518 παραγενέ.

1879 523 2004 576 σθαι
2042 524 2137 576 καὶ
2165 523 2401 590 ἅψασθαι
2435 523 2544 577 τῶν
2586 525 2988 594 προκειμένων,
3034 527 3202 596 πολλὴ
3237 531 3455 603 ήσυχία,

1879 607 2046 678 πολλὴ
2071 609 2218 679 σιγή·
2237 609 2363 660 ὅταν
2381 606 2509 678 διδῷ
2529 607 2626 680 τὴν
2651 609 2808 680 χάριν
2835 609 2894 662 τὸ
2911 609 3152 681 Πνεῦμα,
3179 615 3308 667 ὅταν
3329 633 3453 670 κατ⁹

1880 691 2168 762 έ).οῃ,ὃταν
2193 689 2396 761 ἅψηται
2411 691 2518 743 τῶν
2541 691 2937 761 προκειμένων,
2960 693 3088 745 ὅταν
3111 695 3224 764 ίδῃς
3247 698 3308 750 τὸ
3329 700 3459 770 πρό-

1880 776 2042 828 ϐατον
2059 775 2487 844 ἐσφαγιασμένον
2504 774 2599 827 καὶ
2618 775 2729 845 άπη
2739 774 3045 845 ρτισμένον,
3063 778 3184 829 τότε
3206 779 3456 851 θόρυϐον,

1877 859 1999 911 τότε
2022 857 2282 928 ταραχὴν,
2314 858 2434 909 τότε
2456 857 2806 925 φιλονεικίαν,
2836 859 2957 911 τότε
2986 859 3250 930 λοιδορίαν
3274 865 3459 918 ἐπεισ-

1879 943 2067 1010 άγεις;
2101 942 2194 993 καὶ
2215 940 2330 1003 πῶς
2359 941 2563 1013 δυνήσῃ
2579 941 2678 1009 τῆς
2702 940 2890 1004 θυσίας
2912 943 3214 996 ἀπολαῦσαι
3229 946 3454 1018 ταύτης,

1884 1027 2023 1098 μετά
2041 1027 2309 1096 τοσαύτης
2336 1027 2582 1098 ταραχῆς
2604 1029 2667 1098 τῇ
2706 1027 2952 1099 τραπέζῃ
2988 1030 3225 1098 προσιὼν
3249 1033 3420 1107 ταύτῃ
3441 1053 3456 1098 ;

1881 1112 1993 1164 Ούκ
2031 1111 2188 1181 ἀρκεῖ
2229 1111 2360 1180 ἡμῖν
2391 1111 2471 1162 ὃτι
2525 1111 2662 1180 μετά
2705 1111 3116 1180 ἁμαρτημάτων
3157 1118 3457 1186 προσερχό-

1884 1193 2041 1265 μεθα,
2072 1193 2206 1247 ἀλλά
2229 1193 2324 1245 καὶ¹
2354 1192 2514 1244 αὐτὸν
2539 1193 2628 1245 τὸν
2661 1194 2850 1263 καιρὸν
2873 1194 2973 1263 τῆς
2999 1195 3260 1262 προσόδου
3301 1197 3458 1262 ἐκτὸς

1881 1276 2132 1344 γενέσθαι
2184 1274 2670 1346 πλημμελημάτων
2729 1277 2828 1328 οὐκ
2890 1277 3232 1346 ἀνεχόμεθα;
3289 1281 3459 1334 Ὅταν

1881 1359 1988 1429 γάρ
2019 1358 2410 1428 φιλονεικῶμεν
2433 1399 2448 1424 ,
2478 1358 2603 1411 ὃταν
2632 1358 3009 1429 θορυϐὡμεθα,
3044 1361 3170 1414 ὅταν
3195 1361 3458 1431 ἀλλήλους

1879 1442 2182 1512 δάκνωμεν,
2210 1442 2326 1504 πῶς
2353 1441 2456 1506 ἔξω
2480 1442 2891 1511 ἁμαρτημάτων
2914 1443 3148 1512 ἐσόμεθα
3173 1461 3188 1508 ;
3210 1443 3273 1497 Τί
3299 1445 3459 1498 σπεύ-

1880 1525 2029 1588 δεις,
2062 1525 2181 1578 εἰπέ
2229 1542 2355 1594 μοις
2390 1524 2532 1587 τίνος
2587 1525 2772 1577 ἕνεκεν
2823 1525 3016 1597 ἐπείγῃ
3069 1527 3131 1580 τὸ
3187 1529 3458 1598 πρόϐατον

1882 1607 2021 1678 ὁρῶν
2051 1607 2524 1676 ἐσφαγιασμένον;
2575 1609 2624 1659 εί
2656 1607 2764 1678 γάρ
2810 1609 2897 1660 διὰ
2933 1610 3111 1676 πάσης
3139 1611 3238 1680 τῆς
3265 1611 3459 1675 νυκτὸς

1884 1684 1951 1760 ἦν
1999 1690 2135 1759 πρὸς
2180 1692 2277 1759 τὴν
2333 1691 2522 1743 θυσίαν
2568 1693 2736 1760 αὐτὴν
2766 1692 2930 1761 ὁρᾷν,
2968 1687 3081 1761 εἶχε
3121 1693 3310 1763 κόρον,
3338 1693 3458 1748 alni

1890 1789 1998 1842 μοι,
2035 1773 2094 1824 rb
2127 1776 2360 1843 πρᾶγμα
2383 1792 2396 1838 ;
2421 1773 2572 1845 [402]
2602 1774 2767 1844 Ὅλην
2793 1774 2892 1844 τὴν
2915 1775 3126 1846 ἡμέραν
3159 1776 3461 1847 ἐκαρτέρη-

1888 1872 2022 1918 σας,
2057 1855 2116 1908 τὸ
2169 1855 2329 1910 πλέον
2370 1857 2469 1926 τῆς
2513 1856 2705 1919 νυκτὸς
2736 1856 3022 1925 διήγαγες,
3074 1859 3163 1911 καὶ
3211 1859 3459 1913 τοσοῦτον

1887 1939 2129 2008 κάματον
2157 1939 2216 1991 ἐν
2240 1939 2467 2010 βραχείᾳ
2493 1939 2682 2009 καιροῦ
2716 1941 2854 2010 ῥοπῇ
2879 1939 3138 2010 προδίδως
3165 1941 3258 1994 καὶ
3291 1941 3461 1995 ἀπολ-

1887 2019 2067 2087 λύεις;
2105 2022 2385 2088 Ἐννόησον
2418 2023 2470 2075 τί
2526 2022 2656 2074 ποτέ
2688 2023 2802 2074 ἐστι
2835 2022 2894 2075 τὸ
2944 2024 3302 2094 προκείμενον
3325 2065 3338 2087 ,
3367 2027 3464 2079 καὶ

1886 2104 2048 2156 πόθεν
2081 2104 2238 2156 ἔλαϐε
2267 2105 2365 2174 τὴν
2391 2105 2568 2158 αἰτίαν
2587 2121 2602 2135 ⁸
2643 2105 2856 2174 ἐσφάγη
2903 2104 2989 2158 διὰ
3029 2107 3125 2170 σὲ,
3163 2108 3254 2160 καὶ
3281 2109 3345 2161 σὺ
3373 2109 3465 2176 ἐγ-

1885 2187 2318 2256 καταλιμπάνεις
2346 2185 2504 2240 αὐτὸν
2532 2185 2963 2255 ἐσφαγιασμένον
2993 2187 3154 2257 ὁρῶν.
3183 2189 3369 2241 Ὅπου
3395 2191 3459 2242 τὸ

1886 2268 2112 2337 πτῶμα,
2147 2269 2332 2340 φησὶν,
2372 2268 2500 2322 ἐκεῖ
2522 2269 2620 2323 καί
2664 2273 2717 2322 οι
2747 2270 2926 2323 ἀετοί.
2973 2269 3162 2340 Ἡμεῖς
3187 2269 3242 2323 δέ
3267 2270 3364 2342 οὐχ
3387 2271 3464 2335 ὡς

1887 2352 2068 2415 ἀετοὶ,
2101 2351 2214 2405 ἀλλ’
2250 2352 2324 2416 ὡς
2359 2351 2519 2416 κύνες
2544 2351 2958 2423 προσερχόμεθα
2983 2370 2996 2381 ’
3039 2351 3274 2421 τοσαύτη
3304 2354 3462 2422 ἡμῶν

1886 2436 1920 2505 ή
1952 2435 2322 2505 ἀναισχυντία.
2366 2436 2642 2503 Ἐννόησον
2669 2435 2720 2486 τί
2744 2434 2873 2487 ποτέ
2905 2435 3020 2487 ἐστι
3040 2434 3098 2487 rb
3129 2437 3424 2505 κεχυμένον
3447 2452 3459 2463 ’

1887 2511 2026 2588 αἷμά
2063 2520 2207 2572 ἐστιν
2229 2559 2242 2583 ,
2267 2515 2404 2588 αἷμα
2442 2518 2470 2571 ὅ
2522 2517 2582 2569 rb
2628 2517 2990 2587 χειρόγραφον
3021 2517 3128 2569 τῶν
3180 2517 3463 2590 ἁμαρτιῶν

1886 2601 2206 2672 ἀπήλειψεν·
2241 2597 2378 2671 αἷμα
2419 2600 2447 2652 ὃ
2474 2601 2572 2670 τὴν
2627 2601 2803 2671 ψυχήν
2856 2617 2948 2653 σου
2978 2600 3271 2670 ἐκάθηρεν,
3313 2600 3341 2652 ὃ
3365 2601 3463 2669 τὴν

1887 2683 2078 2754 κηλῖδα
2125 2684 2430 2737 ἀπέπλυνεν
2455 2722 2470 2744 ,
2520 2683 2548 2736 ὃ
2584 2684 2683 2746 τὰς
2719 2683 2894 2754 ἀρχὰς
2931 2683 3025 2736 καὶ
3060 2681 3160 2746 τὰς
3214 2681 3461 2747 ἐξουσίας

1888 2766 2304 2838 ἐθριάμϐευσεν.
2375 2766 2886 2834 Ἀπεκδυσὰμενος
2944 2766 3083 2835 γὰρ,
3137 2767 3311 2836 φησὶ,
3359 2767 3465 2832 τὰς

1887 2849 2078 2919 ἀρχὰς
2106 2851 2204 2904 καὶ
2240 2850 2346 2916 τὰς
2377 2849 2661 2914 ἐξουσίας
2694 2847 3103 2917 ἐδειγμάτισεν
3137 2849 3208 2901 ἐν
3251 2852 3466 2918 mpm-

1888 2934 1995 2998 σίᾳ
2030 2935 2429 3001 θριαμϐεύσας
2453 2934 2522 2985 ἐν
2557 2931 2636 2996 τῷ
2669 2930 2927 2999 σταυρῷ.
2959 2930 3134 2984 Πολλά
3154 2973 3169 2997 ,
3206 2934 3339 3001 φησὶ
3359 2974 3374 2998 ,
3405 2933 3467 2986 rb

1888 3015 2146 3083 τρόπαιον
2189 3013 2303 3082 ἔχει
2351 3015 2448 3079 τῆς
2487 3016 2643 3082 νίκης
2693 3015 2761 3067 τὰ
2809 3013 3084 3082 σύμϐολα⁹
3123 3015 3190 3066 τά
3250 3014 3464 3085 λάφυρα

1889 3095 2160 3164 κρέμαται
2187 3097 2298 3148 ἄνω
2327 3094 2411 3164 ἐφ’
2438 3095 2641 3164 ὑψηλοῦ
2664 3097 2755 3148 ἐπὶ
2777 3096 2870 3148 τοῦ
2906 3097 3158 3168 σταυροῦ.
3197 3096 3466 3166 Καθάπερ

1888 3179 1994 3246 γὰρ
2025 3177 2277 3248 βασιλεὺς
2301 3181 2543 3244 γενναῖος
2563 3177 2797 3248 πόλεμον
2816 3180 3042 3248 νικήσας
3063 3179 3463 3248 χαλεπώτατον,

1888 3260 1981 3313 τὸν
2008 3260 2232 3332 θώρακα
2266 3260 2357 3312 καὶ
2395 3260 2490 3329 τὴν
2518 3259 2717 3311 ἀσπίδα
2747 3259 2842 3312 καὶ
2867 3261 2933 3312 τά
2966 3260 3105 3312 ὅπλα
3135 3261 3227 3312 τοῦ
3261 3263 3466 3332 τυράν»

1891 3361 1982 3397 νου
2013 3344 2107 3396 καὶ
2137 3344 2242 3395 τῶν
2270 3341 2612 3412 στρατιωτῶν
2643 3340 2749 3393 τῶν
2779 3342 3116 3410 ἡττηθέντων
3143 3343 3225 3409 ἐφ’
3260 3343 3464 3412 ὑψηλοῦ

1890 3425 1985 3478 τοῦ
2009 3425 2270 3496 τροπαίου
2297 3425 2508 3493 τίθησιν
2529 3441 2543 3454 ο
2583 3423 2721 3476 οὕτω
2749 3425 2839 3476 καὶ
2874 3425 2902 3476 ὁ
2929 3424 3160 3495 Χριστὸς
3186 3424 3278 3477 τὸν
3317 3426 3468 3478 πόλε-

1895 3525 1995 3579 μον
2031 3511 2258 3579 νικήσας
2288 3508 2378 3560 τὸν
2417 3507 2553 3578 πρὸς
2603 3507 2694 3559 τὸν
2718 3507 2957 3560 διάϐολον
2975 3550 2990 3572 ,
3020 3507 3087 3559 τά
3133 3507 3270 3561 ὅπλα
3300 3507 3466 3561 αὑτοῦ

1893 3593 2104 3656 πάντα,
2149 3591 2239 3645 τὸν
2285 3590 2538 3655 θάνατον,
2593 3590 2691 3659 τὴν
2735 3590 2980 3660 κατάραν
3023 3591 3330 3662 ἐκρέμασεν
3381 3591 3463 3657 ἐφ’

1895 3674 2100 3745 ὑψηλοῦ
2132 3675 2226 3727 τοῦ
2275 3672 2503 3744 σταυροῦ
2527 3713 2541 3738 ,
2588 3673 2837 3743 καθάπερ
2875 3672 2968 3725 ἐπὶ
3008 3673 3268 3743 τροπαίου
3303 3675 3464 3740 τινὸς,

1895 3757 1982 3810 ἵνα
2017 3758 2216 3820 πάντες
2252 3758 2314 3810 rb
2341 3757 2601 3826 τρόπαιον
2635 3756 2922 3824 βλέπωσιν,
2961 3757 3016 3808 αί
3059 3756 3170 3809 ἀνω
3193 3756 3464 3827 δυνάμεις,

1895 3843 1952 3896 αἱ
1981 3844 2038 3894 ἐν
2072 3844 2184 3903 τοῖς
2219 3841 2468 3910 οὐρανοῖς
2490 3880 2505 3904 ,
2532 3840 2580 3891 οἱ
2619 3838 2768 3891 κάτω
2801 3837 3107 3906 ἄνθρωποι,
3140 3839 3190 3890 οί
3229 3840 3320 3891 ἐπὶ
3369 3841 3468 3909 τῆς

1895 3925 1998 3994 γῆς
2028 3964 2042 3986 ,
2097 3923 2251 3976 αὐτοὶ
2309 3923 2358 3974 οἰ
2420 3920 2646 3991 πονηροὶ
2709 3919 2958 3988 δαίμονες
3007 3920 3055 3970 οἱ
3120 3921 3464 3990 ἡττηθέντες.

1909 4005 2127 4076 Ἐπειδὴ
2157 4003 2249 4059 οὖν
2277 4004 2543 4074 τοσαύτης
2565 4002 2949 4072 ἀπελαύσαμεν
2973 4001 3179 4072 δωρεᾶς
3199 4044 3213 4068 ,
3243 4005 3468 4067 ἑαυτοὺς

1896 4089 2037 4143 κατά
2065 4089 2292 4159 δύναμιν
2324 4089 2507 4155 ἀξίους
2559 4085 2912 4154 ἐπιδείξωμεν
2942 4083 3051 4138 τῶν
3101 4086 3468 4157 ὑπηργμένων

1897 4175 2027 4244 ἡμῖν
2048 4171 2286 4242 ἀγαθῶν,
2321 4171 2408 4224 ἵνα
2434 4169 2646 4238 καὶτῆς
2669 4165 2944 4237 βασιλείας
2972 4167 3080 4219 τῶν
3099 4168 3344 4238 οὐρανῶν
3369 4169 3467 4220 τύ-

1897 4272 2117 4326 χωμεν,
2157 4255 2338 4326 χάριτι
2371 4253 2465 4307 καὶ
2498 4249 2878 4322 φιλανθρωπίᾳ
2925 4248 3020 4302 τοῦ
3061 4248 3266 4320 Κυρίου
3309 4249 3466 4322 ήμῶν

1911 4336 2087 4408 Ἰησοῦ
2116 4336 2373 4408 Χριστοῦ,
2408 4336 2474 4388 δι’
2503 4328 2564 4388 οὗ
2594 4333 2688 4386 καὶ
2714 4332 2830 4405 μεθ’
2860 4326 2920 4386 οὗ
2949 4330 3026 4402 τῷ
3056 4331 3232 4403 Πατρὶ
3254 4331 3370 4403 ἅμα
3392 4331 3470 4402 τῷ

1897 4421 2038 4492 ἁγίῳ
2060 4419 2334 4492 Πνεύματι
2370 4419 2517 4483 δόξα,
2543 4419 2675 4491 τιμὴ
2695 4461 2711 4487 ,
2748 4417 2979 4489 κράτος,
3005 4417 3085 4481 είς
3120 4418 3246 4481 τοὺς
3269 4415 3470 4479 αίῶνας

1898 4505 2006 4558 τῶν
2033 4504 2260 4559 αἰώνων.
2298 4503 2488 4572 Ἀμήν.
