3906 6224
953 309 1040 364 DE
1087 307 1313 365 ωερε
1362 305 1449 361 ΕΤ
1495 304 1817 362 LATRONE
1857 305 2086 362 HOIlllL.
2131 307 2170 360 l.
2212 339 2277 347 —
2318 306 2654 362 MONIT‘UM.

1428 451 1468 466 ,ρο

188 317 292 374 599
581 325 586 329 '
953 311 1040 364 DE
1087 311 1313 365 CRUCE
1362 311 1449 361 ET
1495 311 1817 362 LATRONE
1857 311 2086 362 HOMIL.
2131 311 2170 360 Ι.
2212 339 2277 347 -
2318 311 2654 362 MONIT‘UM.
3331 311 3437 368 400

1638 623 2039 697 Monum.

258 838 659 912 Adverlcndum
701 845 880 904 autem
925 840 1027 912 est,
1081 849 1203 902 licet
1233 850 1286 902 in
1337 849 1638 917 posteriore
1667 851 1831 913 dicat,
1865 849 1992 914 Qua:
2036 850 2145 904 heri
2193 855 2389 918 monui,
2425 857 2725 911 earumdem
2764 869 2811 912 et
2847 877 2984 913 nunc
3012 865 3437 936 commonefacio,

190 968 295 1006 non
348 947 558 1004 excludi
616 958 795 999 tamen
832 960 1013 1013 parem
1063 943 1496 1014 praecedentibus
1528 945 1721 1000 diebus
1765 945 2005 1000 habitam
2035 949 2482 1003 admonitionem.
2511 952 2647 1005 Nam
2696 953 2752 1006 in
2783 954 2993 1009 duabus
3022 957 3090 1011 de
3128 959 3442 1015 Proditione

176 1037 337 1094 Judae
361 1037 732 1100 concionibus,
756 1051 895 1104 quae,
931 1034 1004 1088 uti
1037 1045 1244 1087 certum
1275 1034 1506 1098 videtur,
1538 1034 1700 1089 hasce
1730 1036 1865 1090 duas
1889 1036 1955 1090 de
1980 1035 2153 1090 Crucc
2178 1048 2232 1091 et
2269 1038 2499 1093 Latrone
2538 1057 2646 1096 uno
2675 1052 2881 1098 tantum
2911 1046 2996 1100 die
3024 1061 3438 1117 praecesserunt,

191 1131 269 1185 sic
297 1133 532 1202 loquitur
558 1128 708 1201 [405]
730 1129 1147 1198 Clirysostomus
1175 1147 1188 1180 :
1220 1128 1342 1181 Ideo
1365 1136 1556 1196 quarta
1587 1128 1702 1196 jam
1732 1130 1817 1182 die
1860 1131 2004 1198 apud
2030 1146 2118 1183 vos
2147 1148 2436 1185 sermonem
2477 1134 2638 1187 habeo
2673 1136 2736 1189 de
2774 1135 3029 1192 Oratione
3058 1156 3153 1208 pro
3193 1143 3438 1196 inimicis.

191 1223 284 1280 liae
311 1239 472 1295 porro
496 1225 614 1278 dua:
651 1221 1152 1297 coneioneslcadem
1171 1232 1495 1299 recurrente
1533 1222 1688 1277 Feria
1719 1224 1904 1292 quinta
1935 1223 1990 1277 in
2012 1222 2181 1278 Coena
2211 1223 2442 1290 Domini,
2482 1228 2577 1282 sed
2604 1229 2835 1284 diversis
2861 1231 3037 1297 annis,
3065 1233 3261 1289 habitae
3290 1246 3440 1301 sunt,

192 1323 251 1369 ut
303 1315 538 1370 diximus
567 1313 620 1366 in
651 1311 854 1365 Monito
893 1311 1094 1365 ibidem
1124 1328 1135 1363 :
1168 1312 1224 1364 in
1265 1320 1492 1381 utraque
1522 1326 1671 1377 vero,
1712 1323 1902 1380 quarta
1927 1314 2036 1383 jam
2066 1314 2374 1369 adhortatio
2402 1317 2467 1370 ad
2498 1319 2762 1374 orandum
2793 1337 2893 1390 pro
2917 1322 3169 1388 inimicis,
3201 1327 3257 1381 in
3291 1328 3442 1384 hisce

193 1419 374 1464 autem
424 1409 635 1464 duabus
671 1407 860 1477 quinta
919 1406 1341 1472 numerabatur;
1390 1405 1496 1459 nisi
1558 1406 1785 1461 fortasse
1833 1409 1954 1477 quis
1999 1409 2195 1463 dixerit
2237 1411 2616 1480 posteriorem,
2670 1415 2724 1469 in
2773 1432 2877 1485 qua
2927 1418 3184 1476 hesterna
3232 1432 3440 1479 tantum

191 1502 494 1557 adhortatio
541 1509 893 1563 memoratur,
950 1509 1201 1554 neutram
1245 1515 1310 1553 ex
1350 1497 1582 1560 duabus,
1613 1513 1733 1566 quae
1763 1510 2076 1569 supersunt,
2104 1500 2172 1554 de
2199 1501 2510 1557 Proditionc
2541 1504 2692 1560 Iudae
2722 1507 2996 1562 ltomiliam
3030 1513 3180 1582 sequi
3213 1515 3437 1581 debere,

191 1595 287 1653 sed
322 1595 374 1648 in
419 1594 582 1647 alium
622 1609 823 1647 annum
863 1607 982 1647 esse
1012 1592 1400 1661 conjiciendam
1447 1615 1458 1649 :
1489 1611 1676 1650 verum
1709 1595 1759 1649 id
1798 1608 1896 1664 pro
1942 1603 2090 1648 certo
2128 1603 2366 1649 statuere
2402 1612 2510 1651 non
2559 1599 2754 1654 ausim.
2795 1601 2871 1655 De
2904 1611 3150 1673 tempore
3191 1615 3246 1660 et
3274 1622 3436 1674 anno,

192 1702 301 1756 quo
334 1686 532 1739 habitae
577 1695 704 1739 sunt
742 1686 825 1738 hae
875 1684 997 1738 dua:
1040 1686 1347 1749 conciones,
1396 1687 1520 1742 vide
1563 1687 1620 1740 in
1667 1687 1871 1741 Monito
1913 1687 1978 1742 ad
2027 1685 2285 1742 Homilias
2329 1687 2395 1742 de
2427 1687 2737 1746 Proditionc
2765 1692 2937 1749 Judae.

263 1777 464 1831 Prioris
496 1776 730 1831 bomilia:
769 1775 1269 1845 interpretationem
1303 1778 1547 1834 Latinam
1575 1779 1986 1844 adornavimus;
2016 1779 2326 1848 posterioris
2359 1797 2486 1835 vero
2525 1799 2553 1835 a
2591 1782 2844 1841 Grctsero
2874 1787 3072 1842 editam
3106 1790 3430 1861 versionem,

192 1871 290 1926 sed
331 1870 690 1935 emendatam,
741 1870 952 1925 damus.

1708 2169 2093 2182 .——-———————-\

182 2261 455 2306 ιιοωιιΑ
500 2263 564 2306 IN
609 2264 860 2307 CRUCEM
907 2265 988 2305 ET
1031 2265 1092 2305 IN
1164 2265 1502 2308 LATRONE!“
1549 2269 1564 2306 2

3119 2171 3448 2183 m—

1612 2266 1769 2309 ITEM
1813 2266 1894 2306 DE
1939 2264 2224 2308 SECUNDO
2266 2265 2516 2307 CHRISTI
2561 2263 2886 2317 ADVENTU,
2933 2264 3012 2306 ΕΤ
3081 2262 3250 2314 QUOD
3295 2262 3448 2304 ERE-

1167 2366 1460 2417 QUENTER
1502 2367 1600 2410 δη·
1627 2366 1933 2408 ORANDUM
1977 2363 2096 2406 Ριῑο
2142 2364 2409 2407 INIMICIS
2457 2350 2497 2405 ².

1465 2512 1737 2524 —-—

637 2546 860 2597 itomut
894 2555 932 2600 ιδ

245 2619 451 2686 Quanta
478 2621 619 2675 nobis
646 2623 776 2675 bona
803 2638 929 2676 crux
965 2621 1146 2688 a/ferat
1169 2639 1189 2688 ;
1218 2623 1378 2693 quivis
1409 2624 1550 2676 locus
1577 2640 1757 2694 preca-

170 2712 298 2765 tioni
335 2723 503 2781 aptus.
525 2743 595 2754 ν-
621 2713 788 2768 Hodie
821 2713 1073 2767 Dominus
1108 2723 1288 2768 noster
1314 2714 1468 2768 Jesus
1513 2713 1757 2769 Christus
1805 2774 1807 2776 ,

170 2804 224 2858 in
249 2819 429 2869 cruce,
458 2813 512 2859 et
541 2822 637 2859 nos
659 2808 850 2860 festum
877 2806 1101 2875 agimus,
1128 2815 1186 2860 ut
1205 2805 1380 2860 discas
1400 2820 1613 2860 crucem
1637 2820 1758 2861 esse

170 2893 370 2950 festum
420 2905 475 2949 ct
519 2895 885 2951 celebritatem
935 2897 1286 2966 spiritualem.
1327 2898 1566 2952 Antehac
1612 2899 1755 2952 cnim

168 3000 305 3040 crux
342 3001 537 3041 nomen
564 2998 679 3042 erat
716 2987 1103 3055 damnationis,
1130 3002 1272 3042 nunc
1299 3005 1427 3043 vero
1467 3003 1555 3043 res
1586 2991 1754 3044 bono-

169 3079 358 3133 rabilis
381 3079 566 3135 cll‘ceta
592 3090 675 3136 est
702 3098 714 3133 :
748 3082 897 3150 prius
925 3081 1226 3151 symbolum
1263 3080 1754 3146 condemuationis,

168 3186 316 3226 nunc
332 3182 703 3240 argumentum
731 3172 936 3226 salutis.
964 3171 1087 3226 Hinc
1103 3171 1247 3226 enim
1273 3172 1428 3226 nobis
1455 3171 1758 3226 innumera-

167 3261 354 3316 bilium
397 3261 656 3316 bonorum
700 3277 858 3317 causa
902 3262 1088 3318 ellecta
1116 3273 1200 3319 est
1232 3280 1246 3316 :
1279 3261 1395 3319 btet:
1433 3277 1532 3316 nos
1565 3261 1634 3316 ab
1672 3277 1759 3316 er-

169 3368 298 3408 rore
324 3353 589 3417 liberavit,
636 3352 752 3407 [nec
796 3353 849 3408 in
895 3354 1132 3409 tenebris
1175 3355 1377 3425 positos
1417 3353 1753 3419 illuminavit,

168 3447 289 3502 lucc
311 3447 421 3516 jam
451 3447 778 3513 debellatos,
804 3463 926 3502 cum
976 3448 1085 3503 Deo
1128 3449 1508 3515 reconciliavit,
1553 3447 1758 3502 abalie-

168 3549 330 3593 natos
377 3536 698 3592 domesucos
745 3538 948 3606 effecit,
1005 3539 1188 3606 procul
1236 3539 1434 3607 positos
1484 3539 1759 3608 proximos

170 3631 449 3686 constituit
478 3649 491 3684 :
524 3632 640 3686 haec
671 3632 960 3686 inimicitia:
985 3631 1291 3697 destructio,
1325 3633 1470 3701 pacis
1495 3641 1754 3697 tutamen,

169 3731 546 3778 sescentorum
593 3723 855 3777 bonorum
897 3722 1199 3778 thesaurus.
1229 3723 1454 3793 Propter
1485 3739 1603 3778 eam
1649 3739 1756 3778 non

170 3815 312 3869 ultra
341 3813 394 3866 in
423 3813 650 3868 desertis
677 3829 964 3884 vagamur;
1005 3829 1187 3870 veram
1221 3814 1416 3884 quippe
1441 3815 1578 3869 viam
1607 3815 1757 3869 novi-

170 3919 294 3960 mus
325 3921 339 3956 :
373 3918 480 3958 non
521 3904 751 3973 amplius
791 3914 940 3959 extra
974 3905 1173 3974 regiam
1218 3905 1494 3973 degimus;
1539 3905 1756 3972 januam

170 3994 316 4050 enim
347 3993 643 4050 invenimus
678 4012 690 4047 :
721 4011 824 4049 non
872 3995 1121 4049 timemus
1169 3994 1329 4063 ignita
1379 3995 1575 4050 diaboli
1617 3996 1752 4062 tela,

169 4086 373 4142 fontem
403 4088 665 4158 siquidem
711 4088 963 4143 vidimus.
993 4088 1093 4142 Per
1132 4103 1345 4143 crucem
1392 4104 1498 4142 non
1526 4089 1754 4158 amplius

170 4176 227 4231 in
259 4177 513 4232 viduitate
536 4194 758 4244 sumus;
791 4193 1046 4248 sponsum
1085 4179 1227 4233 enim
1271 4179 1572 4248 recepimus
1605 4197 1618 4232 :
1648 4194 1754 4235 non

170 4269 427 4323 timemus
447 4271 663 4338 lupum;
694 4271 891 4324 bonum
923 4272 1118 4340 quippe
1148 4279 1412 4341 pastorem
1451 4270 1709 4327 habemus
1739 4290 1752 4326 :

170 4375 336 4426 nam,
371 4360 481 4432 Ego
508 4378 639 4426 sum,
672 4361 864 4431 inquit,
897 4371 1068 4431 pastor
1105 4362 1265 4415 bonus
1294 4360 1470 4433 (Joan.
1516 4362 1603 4418 10.
1638 4364 1751 4432 Η).

169 4449 280 4507 Per
304 4449 442 4506 hanc
477 4461 756 4522 tyrannum
797 4467 904 4506 non
945 4451 1430 4521 perhorrescimus;
1457 4452 1586 4522 Regi
1611 4453 1753 4507 enim

170 4543 472 4600 assidemus
501 4561 516 4598 :
542 4552 598 4599 et
624 4543 746 4598 ideo
775 4543 966 4599 festum
993 4545 1218 4614 agimus,
1242 4545 1416 4599 crucis
1444 4546 1754 4600 memoriam

170 4637 528 4693 celebrantes.
572 4636 646 4690 lta
678 4645 733 4692 et
755 4636 951 4692 Paulus
987 4636 1146 4706 jussit
1182 4651 1276 4706 per
1309 4651 1524 4691 crucem
1564 4635 1754 4690 festum

172 4742 334 4798 agere
364 4745 379 4782 :
409 4725 618 4781 Festum
652 4744 882 4797 agamus,
914 4728 1114 4797 inquit,
1160 4743 1262 4781 non
1302 4728 1355 4780 in
1398 4727 1643 4797 fermento
1672 4743 1756 4780 ve-

175 4820 293 4884 teri,
315 4821 403 4874 sed
417 4821 471 4873 in
490 4821 679 4891 azyntis
704 4820 1004 4874 sinceritatis
1029 4831 1077 4875 et
1104 4822 1323 4876 veritatis
1345 4821 1418 4892 (l.
1443 4819 1561 4876 Cor.
1585 4821 1640 4877 5.
1674 4822 1752 4891 8).

179 4911 388 4966 Deinde
421 4926 637 4969 oausam
679 4911 969 4982 adjiciens,
1014 4912 1086 4966 ita
1125 4913 1338 4984 pergit:
1382 4913 1515 4981 Quia
1556 4911 1758 4967 Pascha

175 5011 405 5057 nostrum
434 5019 527 5075 pro
556 5003 698 5058 nobis
722 5003 1010 5058 immolatus
1033 5013 1106 5058 est
1133 4993 1383 5058 Christus.
1418 5003 1604 5059 Viden’
1624 5020 1757 5074 quo-

175 5091 340 5148 modo
367 5109 462 5164 per
485 5109 699 5150 crucem
746 5093 938 5149 festum
979 5108 1137 5164 agere
1175 5093 1480 5162 prmcipiat?
1507 5094 1559 5147 in
1598 5109 1758 5149 cruce

178 5201 407 5256 namque
449 5187 752 5242 immolatus
776 5197 859 5243 est
887 5186 1149 5242 Christus.
1177 5185 1277 5241 Ubi
1319 5201 1548 5255 namque
1585 5186 1753 5241 sacri-

178 5275 381 5339 licium,
410 5274 848 5344 ibipeccatorum
875 5277 1113 5342 abolitio,
1147 5276 1218 5331 ibi
1248 5276 1612 5332 reconciliatio
1636 5293 1756 5332 cum

181 5367 430 5433 Domino,
475 5366 544 5421 ibi
585 5367 776 5422 festum
817 5378 874 5423 et
917 5369 1115 5423 laetitia.
1152 5367 1354 5422 Pascite
1396 5378 1620 5422 nostrum
1665 5384 1757 5438 pro

178 5459 322 5513 nobis
348 5459 633 5513 immolatus
662 5470 732 5515 est
761 5460 1008 5515 Christus.
1039 5459 1161 5527 Ubi,
1196 5458 1757 5532 quaeso,immolatus?

181 5551 238 5607 ln
269 5552 482 5608 excelso
527 5552 782 5623 patibulo.
825 5552 1033 5609 Novum
1077 5554 1244 5608 altare
1287 5551 1446 5621 hujus
1485 5550 1752 5617 sacriﬁcii,

181 5686 484 5802 “gues:th
515 5685 678 5748 savil.,
700 5686 864 5738 habita
883 5693 955 5740 est
977 5686 1030 5738 in
1050 5693 1216 5740 sancta
1234 5694 1281 5741 et
1301 5701 1477 5755 magna
1506 5687 1585 5741 die
1605 5696 1756 5743 Para-

503 5834 775 5894 Ps'rnor"
823 5833 940 5896 Gn.
981 5832 1207 5898 XLIX.

1669 5889 1712 5899 ουρ

1630 5901 1664 5918 ’5⁸

1910 2509 2188 2520 —————o—o

1865 2623 1988 2694 quia
2036 2622 2209 2692 ipsum
2267 2619 2583 2675 sacriﬁcium
2629 2635 2824 2675 novum
2868 2621 3292 2690 stupendumque
3339 2629 3440 2676 est.

1865 2713 2010 2768 Idem
2037 2713 2233 2782 quippe
2262 2721 2316 2767 et
2338 2712 2657 2768 sacriﬁcium
2688 2721 2742 2767 et
2761 2713 3012 2767 sacerdos
3050 2722 3164 2767 erat
3194 2730 3207 2765 :
3237 2713 3443 2767 sacriﬁ-

1861 2805 2004 2860 cium
2046 2805 2339 2861 secundum
2384 2821 2635 2871 carnem,
2665 2805 2915 2861 sacerdos
2954 2805 3242 2860 secundum
3282 2806 3444 2875 spiri-

1867 2905 1978 2950 tum
2008 2915 2021 2951 :
2057 2897 2195 2951 idem
2222 2907 2273 2951 et
2303 2897 2582 2964 oﬁ'erebat,
2610 2905 2666 2952 et
2693 2897 2984 2952 secundum
3011 2913 3224 2952 carnem
3251 2898 3444 2953 oll'ere-

1863 2987 2036 3040 batur.
2068 2986 2206 3040 Audi
2225 2988 2492 3055 quomodo
2518 2988 2634 3043 brcc
2657 2989 2814 3043 ambo
2835 2989 3029 3043 Paulus
3051 2988 3399 3044 declararet-it
3427 3005 3442 3041 :

1867 3075 2046 3129 Omnis
2073 3075 2347 3147 Pontifex,
2375 3077 2575 3148 inquit,
2604 3094 2666 3132 ea:
2692 3080 2975 3133 hominibus
3003 3089 3319 3150 assumptus,
3353 3095 3446 3148 pro

1864 3169 2150 3224 hominibus
2201 3169 2559 3234 constituitur;
2607 3171 2742 3225 unde
2793 3187 2989 3225 necesse
3039 3182 3112 3226 est
3159 3183 3213 3226 ut
3266 3172 3445 3224 habeat

1863 3262 2158 3332 quidpiam,
2194 3263 2329 3332 quod
2367 3261 2570 3329 offerat.
2624 3252 2756 3315 Ecee
2793 3263 2901 3332 ipse
2935 3261 3083 3328 offert
3125 3265 3447 3331 semetipsum

1865 3352 2050 3424 (Hebr.
2079 3355 2133 3410 5.
2168 3356 2192 3408 1
2217 3372 2237 3421 ;
2266 3364 2311 3406 et
2337 3354 2389 3409 8.
2413 3353 2489 3426 '5).
2516 3353 2656 3408 Alibi
2685 3369 2814 3408 vero
2835 3353 2963 3407 dicit
2993 3370 3008 3407 :
3039 3353 3266 3408 Christus
3293 3353 3445 3407 semel

1864 3445 2060 3500 oblatus
2086 3445 2152 3498 ad
2193 3446 2464 3499 multorum
2501 3445 2780 3517 auferenda
2807 3455 3009 3515 peccata
3027 3487 3041 3511 ,
3069 3446 3332 3514 apparebit
3356 3461 3445 3500 ea:-

1862 3539 2198 3607 spectantibus
2249 3555 2301 3592 se
2341 3539 2396 3594 in
2445 3537 2674 3591 salutem
2700 3534 2887 3606 (Ilebr.
2927 3535 2980 3590 9.
3009 3536 3122 3610 ‘28).
3151 3535 3292 3595 Ecce
3356 3537 3445 3591 hic

1863 3631 2072 3686 oblatus
2116 3641 2218 3698 est,
2275 3632 2386 3686 illic
2428 3647 2559 3687 vero
2605 3632 2954 3702 semetipsum
2997 3630 3205 3686 obtulit.
3256 3629 3444 3684 Viden'

1861 3723 2134 3794 quomodo
2153 3735 2206 3778 et
2231 3724 2556 3779 sacriﬁcium
2579 3733 2635 3779 et
2659 3723 2909 3779 sacerdos
2927 3722 3095 3777 factus
3123 3723 3209 3788 sit,
3233 3732 3288 3777 et
3311 3737 3440 3776 crux

1862 3816 2029 3870 altare
2059 3816 2256 3870 fuerit?
2283 3817 2353 3882 Et
2385 3831 2501 3880 cur,
2531 3816 2768 3886 inquies,
2797 3830 2902 3868 non
2949 3815 3001 3866 in
3043 3815 3239 3882 templo
3267 3814 3438 3867 hostia

1861 3906 2100 3972 oﬁ‘ertur,
2129 3905 2224 3959 sed
2250 3917 2401 3959 extra
2433 3904 2617 3959 urbem
2661 3915 2716 3958 et
2739 3902 2971 3958 moenia?
2998 3903 3068 3958 Ut
3127 3896 3448 3967 impleretur

1863 3997 2014 4059 illud,
2031 3996 2155 4050 Cum
2170 3997 2356 4064 iniquis
2371 4003 2629 4064 reputatus
2649 4004 2720 4048 est
2738 3993 2790 4064 (Ι
2794 3995 2888 4047 sai.
2908 3993 2995 4048 55.
3015 3992 3128 4059 12).
3145 3991 3252 4044 Cur
3263 4003 3442 4045 autem

1860 4087 1915 4143 in
1944 4086 2156 4142 sublimi
2181 4086 2417 4155 patibulo
2440 4084 2732 4156 iugulatur,
2767 4099 2870 4138 non
2898 4085 2998 4137 sub
3011 4082 3184 4138 tecto?
3208 4081 3280 4137 Ut
3302 4083 3443 4136 aeris

1861 4188 2105 4235 naturam
2134 4187 2416 4249 purgaret;
2463 4177 2586 4233 ideo
2611 4177 2663 4232 in
2703 4176 2953 4242 sublimi,
2986 4191 3090 4232 non
3130 4175 3444 4230 imminente

1861 4279 2023 4333 tecto,
2063 4270 2157 4324 sed
2197 4269 2511 4324 imminente
2543 4268 2696 4323 caelo.
2739 4270 2846 4322 Aer
2870 4267 3065 4337 quippe
3099 4267 3440 4336 purgabatur,

1859 4378 1981 4417 cum
1999 4363 2114 4417 ovis
2143 4362 2196 4416 in
2221 4362 2431 4418 sublimi
2459 4361 2862 4416 immolaretur:
2897 4359 3220 4429 purgabatur
3241 4359 3367 4413 item
3388 4367 3444 4412 et

1859 4463 2035 4508 terra:
2065 4453 2262 4508 ﬂuebat
2280 4454 2424 4509 enim
2446 4467 2476 4508 e
2493 4453 2660 4506 latere
2677 4451 2891 4521 sanguis
2907 4450 2960 4505 in
2975 4452 3166 4519 ipsam.
3190 4448 3312 4503 Ideo
3334 4463 3442 4504 non

1860 4547 1960 4602 sub
1989 4557 2151 4613 tecto,
2184 4546 2303 4602 ideo
2330 4560 2436 4600 non
2482 4544 2536 4599 in
2567 4545 2764 4614 templo
2783 4543 3033 4608 Judaico;
3057 4558 3122 4597 ue
3141 4542 3243 4597 sibi
3271 4540 3443 4596 Judaei

1863 4639 2092 4694 hostiam
2143 4643 2562 4706 sequestrarent,
2611 4650 2746 4691 neve
2772 4645 2986 4704 putares
3025 4648 3120 4704 pro
3151 4632 3238 4687 illa
3284 4640 3442 4701 gente

1863 4740 2065 4785 tantum
2095 4729 2233 4784 hanc
2260 4727 2462 4783 offerri.
2505 4728 2708 4784 Idcirco
2728 4736 2878 4783 extra
2915 4726 3099 4780 urbem
3127 4733 3182 4780 et
3209 4725 3436 4788 inmitia,

1865 4834 1921 4880 ut
1947 4824 2124 4880 discas
2165 4822 2464 4878 universale
2505 4821 2826 4878 sacriﬁcium
2873 4833 3015 4883 esse,
3048 4818 3168 4887 quia
3197 4832 3293 4887 pro
3320 4815 3440 4871 uni-

1862 4934 2016 4974 versa
2043 4926 2184 4972 terra
2225 4922 2341 4972 erat
2366 4915 2602 4971 oblatio:
2641 4924 2700 4969 ut
2743 4913 2977 4968 disceres
3015 4912 3142 4965 item
3173 4909 3442 4982 purgatio-

1861 5025 2007 5076 nem,
2065 5022 2420 5072 communem,
2480 5021 2588 5062 non
2635 5004 2956 5076 peculiarem
2999 5017 3142 5068 esse,
3187 5000 3439 5072 quemad-

1863 5102 2080 5159 modum
2121 5100 2261 5172 apud
2307 5099 2540 5155 Judaaos.
2595 5097 2794 5152 Judzeis
2834 5097 2976 5152 enim
3027 5094 3147 5149 ideo
3187 5091 3439 5163 praecepit

1862 5194 2004 5248 Deus
2051 5199 2110 5246 ut
2138 5191 2439 5245 universam
2480 5198 2678 5244 terram
2716 5187 3106 5257 relinquerent,
3138 5193 3191 5236 et
3235 5198 3343 5236 uno
3385 5181 3438 5234 in

1861 5283 1982 5338 loco
2011 5282 2213 5337 hostias
2236 5290 2291 5336 et
2329 5295 2515 5351 preces
2541 5279 2812 5344 oﬁ‘errent,
2845 5278 2967 5348 quia
3013 5284 3121 5330 tota
3149 5283 3291 5328 terra
3334 5271 3439 5325 im-

1864 5387 1998 5441 pura
2028 5381 2164 5438 erat,
2198 5369 2366 5437 fumo,
2399 5370 2588 5426 nidore
2615 5369 2939 5440 reliquisque
2962 5365 3209 5420 omnibus
3228 5362 3440 5434 gentili-

1863 5464 2057 5518 tiorum
2075 5462 2458 5519 sacriﬁciorum
2473 5459 2887 5532 inquinamentis
2898 5472 3017 5513 eam
3031 5454 3432 5525 occupantibus.

1861 5553 2026 5611 Nobis
2044 5569 2191 5620 vero,
2225 5555 2349 5626 quia
2387 5553 2630 5610 Christus
2654 5551 2866 5608 tandem
2891 5549 3110 5605 veniens
3147 5558 3316 5604 totum
3343 5562 3438 5604 or-

1860 5646 1982 5702 bem
2012 5647 2288 5716 purgavit,
2315 5647 2488 5716 quivis
2512 5647 2661 5700 locus
2698 5641 2885 5698 orandi
2915 5641 3063 5697 locus
3089 5640 3309 5696 eﬂ‘ectus
3332 5652 3438 5702 est.

1861 5737 1988 5796 ideo
2012 5737 2207 5796 Paulus
2251 5737 2580 5795 conﬁdenter
2621 5733 2967 5802 hortabatur,
2994 5742 3054 5789 ut
3090 5734 3285 5803 ubique
3323 5738 3443 5795 sine

3023 5822 3101 5888 ‘25
