3906 6224
484 321 582 380 '40!

485 441 680 496 timore
719 453 912 511 preces
951 446 1359 502 emitterentur,
1409 436 1493 491 his
1521 435 1735 492 verbis:
1789 435 1910 491 Volo
1939 437 2071 492 viros

486 547 634 585 orare
675 532 726 585 in
764 532 901 585 omni
940 531 1079 592 loco,
1108 531 1328 583 levantes
1370 539 1570 582 sanctas
1611 545 1791 582 manus
1835 531 1910 599 (1.
1934 527 2068 582 Tim.

486 620 544 674 2.
575 620 655 690 8).
682 621 873 677 Yiden’
893 621 1160 689 quomodo
1189 629 1444 690 purgatus
1465 620 1532 673 sit
1559 619 1736 673 orbis?
1767 619 1869 674 Per
1899 620 2072 674 locum

488 711 632 766 enim
683 712 808 766 licet
851 711 1046 780 ubique
1089 711 1268 765 levare
1305 719 1516 764 sanctas
1557 725 1790 764 manus:
1822 711 2072 780 quoniam

489 805 666 858 omnis
696 814 834 858 terra
874 813 1055 859 sancta
1081 804 1268 860 eliecta
1295 813 1411 871 est,
1440 815 1494 859 et
1521 805 1719 858 sanctis
1758 804 1864 859 illis
1895 805 2074 876 templi

487 893 834 950 interioribus
861 896 1118 950 sanctior.
1149 895 1259 950 Illic
1277 896 1418 949 enim
1443 893 1768 950 offerebatur
1798 896 1914 950 ovis
1935 897 2075 950 irra-

488 982 780 1052 tionabilis,
814 987 901 1041 hic
935 1002 1064 1042 vero
1092 986 1386 1057 spirituaiis
1412 1003 1424 1038 :
1455 994 1655 1047 quanto
1693 995 1872 1040 autem
1904 987 2076 1056 majus

492 1084 577 1132 est
595 1078 934 1144 sacriﬁcium,
968 1087 1118 1133 tanto
1145 1081 1348 1134 auctior
1373 1077 2078 1149 sanctiﬁcatimQuapropter

495 1181 628 1223 crux
651 1178 734 1222 est
760 1169 1066 1224 celebritas.

560 1261 614 1314 2.
637 1257 727 1315 Vis
741 1261 951 1318 discere
967 1259 1110 1313 aliud
1133 1260 1249 1330 ejus
1275 1257 1479 1329 insigne
1505 1258 1675 1329 opus?
1701 1258 2013 1315 Paradisum
2043 1277 2075 1317 a

483 1351 771 1425 quinquies
812 1351 960 1406 mille
1003 1359 1061 1405 et
1108 1349 1339 1418 amplius
1381 1349 1537 1404 annis
1585 1349 1826 1404 clausum
1852 1390 1867 1415 ,
1918 1351 2075 1406 hodie

487 1446 645 1501 nobis
670 1445 901 1513 aperuit.
946 1445 1058 1500 Hoc
1095 1446 1293 1515 quippe
1321 1443 1440 1512 die,
1469 1443 1571 1501 hac
1611 1446 1724 1516 ipsa
1753 1445 1883 1500 hora
1914 1445 2076 1500 latro-

488 1555 611 1596 nem
658 1552 724 1594 eo
766 1537 1062 1593 introduxit
1102 1537 1277 1601 Deus,
1325 1536 1432 1591 duo
1485 1539 1742 1606 praeclara
1786 1537 2074 1607 designans

485 1645 686 1700 Opera;
715 1645 900 1695 unum,
923 1629 1062 1700 quod
1090 1629 1394 1699 paradisum
1418 1628 1713 1698 aperuerit,
1740 1627 1905 1696 aliud,
1927 1627 2071 1699 quod

485 1721 748 1777 latronem
790 1721 1180 1776 introduxerit.
1221 1719 1391 1774 Hodie
1416 1728 1698 1789 antequam
1726 1720 1952 1790 patriam
1979 1733 2076 1773 no-

494 1815 580 1870 bis
608 1814 877 1881 reddidit,
910 1813 1070 1868 hodie
1099 1814 1149 1866 in
1174 1813 1396 1882 patriam
1412 1812 1687 1866 civitatem
1717 1825 1816 1864 nos
1841 1809 2072 1878 reduxit,

485 1916 541 1960 et
575 1907 848 1962 communi
893 1906 1170 1960 hominum
1211 1911 1416 1958 naturae
1459 1902 1678 1957 domum
1720 1901 1868 1956 dedit
1908 1916 2074 1956 :nam

489 1997 679 2061 Hodie,
713 1998 906 2066 inquit,
934 2013 1127 2050 mecum
1154 1996 1250 2050 eris
1280 1996 1333 2048 in
1360 1995 1600 2065 paradiso
1631 1993 1784 2062 (Luc.
1825 1994 1916 2050 25.
1957 1995 2072 2065 45).

489 2089 627 2157 Quid
649 2088 824 2143 dicis?
857 2087 1153 2142 Cruciﬁxus
1183 2101 1242 2141 es
1281 2094 1336 2140 et
1383 2085 1546 2140 clavis
1586 2084 1776 2140 afﬁxus
1800 2125 1817 2152 ,
1841 2093 1895 2140 et
1922 2099 2079 2154 para-

491 2181 668 2236 disum
698 2179 1006 2250 polliceris?
1033 2179 1229 2246 Etiam,
1261 2177 1452 2247 inquit,
1482 2186 1540 2232 ut
1563 2178 1614 2232 in
1639 2191 1802 2232 cruce
1824 2178 2074 2232 virtutem

488 2288 662 2328 meam
713 2273 943 2327 ediscas.
993 2271 1130 2339 Quia
1175 2270 1321 2326 enim
1362 2283 1453 2325 res
1489 2278 1605 2323 erat
1644 2268 1832 2335 tristis,
1874 2283 1944 2324 ne
1983 2283 2078 2323 na-

490 2373 623 2418 tura:
673 2364 851 2421 crucis
895 2361 1224 2428 attenderes,
1253 2359 1346 2414 sed
1374 2360 1615 2414 cruciﬁxi
1668 2359 1917 2414 virtutem
1963 2357 2078 2414 edi-

490 2453 755 2518 sceres,in
783 2467 938 2507 cruce
969 2451 1071 2507 hoc
1100 2458 1376 2522 perpetrat
1404 2449 1724 2504 miraculum
1743 2491 1756 2516 ,
1786 2448 1930 2520 quod
1957 2448 2078 2518 ejus

486 2544 719 2599 maxime
762 2545 1014 2598 virtutem
1060 2543 1411 2598 demonstrat.
1454 2541 1574 2596 Non
1614 2540 1758 2596 enim
1805 2549 2076 2596 mortuum

481 2651 609 2691 cum
638 2637 942 2702 suscitaret,
973 2651 1079 2691 non
1108 2650 1231 2691 cum
1261 2649 1411 2690 mare
1435 2650 1498 2689 ac
1527 2641 1714 2689 ventos
1753 2633 2072 2705 increparet,

483 2745 594 2785 non
635 2745 756 2785 cum
803 2729 1077 2785 daemonas
1125 2729 1368 2799 fugaret,
1417 2727 1515 2783 sed
1561 2725 1865 2792 cruciﬁxus,
1915 2726 2078 2783 clavis

484 2819 810 2890 perforatus,
841 2819 1200 2886 contumeliis,
1231 2818 1424 2888 sputis,
1455 2817 1714 2872 conviciis
1733 2857 1749 2882 ,
1777 2815 2079 2886 opprobriis

484 2919 766 2978 oneratus,
798 2910 1097 2981 improbum
1129 2909 1354 2964 latronis
1379 2908 1616 2964 animum
1645 2917 1854 2964 mutare
1884 2910 2075 2980 potuit,

490 3013 549 3059 ut
571 3004 842 3076 utrimque
870 3005 1142 3069 virtutem,
1166 3003 1282 3073 ejus
1302 3002 1485 3058 videas
1511 3017 1528 3056 :
1555 3010 1854 3057 creaturam
1884 3002 2080 3074 quippe

489 3104 658 3150 totam
700 3097 1021 3162 commovit,
1056 3105 1234 3164 petras
1275 3093 1452 3163 scidit,
1485 3103 1636 3164 petra
1678 3093 1948 3150 duriorem
1997 3094 2079 3150 la-

489 3189 664 3246 tronis
689 3189 923 3244 animam
958 3189 1175 3243 attraxit
1198 3197 1254 3243 et
1281 3187 1601 3242 honoravit:
1625 3202 1749 3242 nam
1779 3187 1876 3254 ait,
1910 3185 2081 3243 Hodie

491 3295 684 3336 mecum
711 3281 812 3338 eris
849 3281 900 3334 in
927 3279 1190 3352 paradiso.
1237 3280 1398 3350 Atqui
1442 3278 1734 3334 Cherubini
1775 3279 2078 3349 paradisum

491 3371 780 3426 servabant
802 3387 817 3437 ;
840 3383 1026 3426 verum
1045 3370 1132 3426 hic
1149 3369 1571 3426 Cherubinorum
1593 3369 1755 3425 etiam
1782 3369 2075 3426 Dominus:

489 3470 576 3518 est
621 3461 904 3518 flammeus
947 3462 1157 3533 gladius
1207 3461 1278 3518 ibi
1331 3461 1594 3528 volvitur;
1642 3477 1830 3518 verum
1873 3463 1987 3532 ipse
2024 3471 2080 3518 et

490 3553 722 3609 ﬂammae
767 3562 822 3608 et
865 3554 1148 3624 gehennae,
1187 3561 1244 3610 et
1275 3553 1399 3608 vitat
1437 3561 1493 3610 et
1532 3554 1720 3609 mortis
1759 3563 2078 3626 potestatem

490 3642 675 3699 habet.
707 3644 865 3713 Atqui
905 3659 998 3699 rex
1029 3645 1211 3700 nullus
1235 3659 1488 3714 umquam
1537 3645 1769 3713 patiatur
1816 3646 2080 3703 latronem

491 3735 792 3804 hominem,
823 3737 910 3792 vel
939 3736 1102 3792 alium
1129 3738 1434 3808 quempiam
1456 3753 1522 3793 ex
1549 3736 1761 3794 famulis
1787 3754 1970 3795 secum
1997 3755 2082 3798 se-

492 3829 709 3886 dentem
742 3830 1084 3887 introducere
1113 3833 1167 3887 in
1212 3832 1426 3888 urbem.
1470 3833 1667 3888 Verum
1705 3833 1952 3889 Christus
1981 3835 2083 3890 hoc

491 3919 640 3987 fecit,
672 3920 832 3992 inque
852 3935 1060 3978 sacram
1089 3923 1315 3993 patriam
1343 3923 1671 3994 ingrediens,
1699 3939 1881 3980 secum
1908 3925 2080 3982 furem

492 4010 806 4079 introducit,
844 4027 952 4067 non
998 4013 1302 4082 paradisum
1348 4014 1712 4082 conculcans,
1764 4031 1940 4085 neque
1983 4032 2081 4088 pe-

493 4101 652 4158 dibus
703 4103 927 4160 latronis
979 4103 1270 4174 deturpans
1298 4146 1313 4174 ,
1369 4105 1480 4160 imo
1532 4107 1708 4175 potius
1751 4105 2022 4164 honorans
2063 4123 2080 4162 :

493 4191 673 4248 honor
720 4195 915 4263 quippe
941 4195 1172 4264 paradisi
1193 4203 1276 4250 est
1311 4195 1473 4253 talem
1517 4195 1718 4253 habere
1756 4197 2034 4252 dominum
2055 4239 2071 4265 ,

491 4284 586 4353 qui
617 4286 787 4354 possit
810 4287 896 4341 vel
926 4287 1097 4341 furem
1126 4287 1437 4358 voluptatis,
1464 4304 1584 4358 qua:
1608 4297 1692 4345 est
1719 4291 1770 4345 in
1799 4290 2080 4361 paradiso,

491 4373 714 4447 dignum
743 4377 940 4434 facere.
972 4379 1184 4434 Etenim
1207 4395 1329 4435 cum
1356 4381 1668 4450 publicanos
1690 4392 1745 4437 et
1769 4385 2084 4439 meretrices

491 4467 870 4526 introducebat
899 4472 951 4526 in
979 4486 1202 4541 regnum
1229 4473 1482 4528 caelorum
1503 4515 1518 4538 ,
1547 4487 1656 4529 non
1682 4472 1956 4540 dedecori,
1987 4474 2084 4531 sed

493 4559 688 4619 honori
718 4562 770 4618 id
793 4572 932 4630 erat,
963 4564 1252 4620 ostendens
1281 4565 1590 4636 huiusmodi
1633 4581 1756 4622 esse
1797 4567 2082 4622 Dominum

491 4653 647 4722 regni
697 4653 992 4720 caelorum,
1047 4656 1138 4726 qui
1186 4656 1501 4714 meretrices
1549 4665 1606 4712 et
1652 4657 1967 4727 publicanos
2009 4661 2084 4714 ita

492 4746 819 4814 spectabiles
845 4747 1069 4813 faceret,
1100 4759 1162 4802 ut
1187 4747 1334 4819 digni
1359 4748 1674 4805 viderentur
1705 4749 1836 4804 tanti
1865 4749 2085 4805 honoris

493 4844 550 4890 et
579 4837 838 4892 muneris.
867 4837 1329 4906 Quemadmodum
1357 4839 1502 4895 enim
1529 4838 1796 4896 medicum
1825 4849 1953 4896 tunc
1973 4856 2086 4895 ma-

493 4926 640 4981 xime
679 4928 959 4997 miramur,
988 4945 1110 4988 cum
1154 4930 1402 4987 videmus
1427 4946 1551 4987 eum
1600 4930 1848 4988 homines
1872 4932 2085 4988 incura-

494 5018 696 5075 bilibus
720 5021 925 5076 morbis
954 5022 1261 5080 laborantes
1285 5025 1354 5080 ab
1383 5024 1704 5095 aegritudine
1746 5024 2002 5092 liberare,
2031 5033 2087 5080 et

495 5113 713 5168 sanitati
755 5114 1084 5193 restituere:
1135 5116 1207 5171 ita
1246 5125 1302 5172 et
1341 5116 1615 5173 Christum
1656 5117 1838 5172 mirari
1881 5117 2084 5186 justum

495 5214 598 5269 est,
627 5220 750 5261 cum
778 5205 1094 5262 insanabilia
1121 5219 1272 5265 curat
1298 5210 1521 5265 vulnera
1539 5252 1556 5278 ,
1584 5224 1708 5265 cum
1736 5209 2081 5280 publicanum

494 5305 550 5351 et
576 5299 918 5354 meretricem
959 5299 1013 5354 in
1043 5309 1247 5356 tantam
1295 5303 1576 5358 sanitatem
1616 5301 1843 5368 reducit,
1867 5309 1926 5356 ut
1954 5303 2085 5357 caelo

493 5387 640 5457 digni
672 5389 973 5446 videantur.
1009 5393 1212 5464 Ecquid
1245 5402 1450 5450 tantum
1489 5393 1616 5449 fecit
1641 5394 1798 5459 latro,
1829 5394 2041 5464 inquies
2067 5437 2082 5460 ,

444 5520 447 5522 .
495 5488 555 5532 ut
581 5487 703 5548 post
725 5495 941 5538 crucem
969 5484 1279 5553 paradisum
1306 5485 1378 5539 sit
1401 5483 1671 5555 adeptus?
1699 5485 1863 5540 Visne
1891 5493 1950 5540 ut
1978 5487 2084 5540 vir-

494 5579 668 5626 tutem
691 5575 810 5642 ejus
839 5575 1074 5633 breviter
1097 5578 1511 5633 demonstrem?
1538 5578 1675 5633 Cum
1705 5578 1896 5634 Petrus
1925 5593 2086 5647 nega-

497 5661 589 5714 bat
619 5664 776 5730 tm,
822 5675 950 5723 tunc
980 5669 1070 5725 ille
1095 5683 1256 5740 supra
1295 5669 1670 5726 conﬁtebatur.
1714 5669 1831 5725 Non
1869 5670 2082 5726 Petrum

498 5756 752 5815 incusans
780 5759 894 5817 hac
923 5761 1067 5828 dico,
1093 5762 1267 5831 absit;
1296 5763 1391 5820 sed
1425 5763 1648 5821 latronis
1675 5762 2082 5839 magnanimita-

1229 324 1286 380 S.
1313 323 1591 382 JOANNIS
1619 325 2088 386 CliRYSOSTOlll
2129 332 2446 387 ABCHIEP.
2475 332 3008 394 CONSTANTINOP.

3662 330 3782 388 40!

2181 447 2287 494 tem
2335 440 2592 498 exhibere
2639 445 2845 500 volens.
2903 441 3203 516 Discipulua
3251 446 3527 504 vilissrmte
3576 449 3790 518 puellae

2182 530 2354 584 minas
2382 546 2490 586 non
2513 533 2652 599 tulit,
2686 534 2823 588 latro
2848 547 3027 590 autem
3055 537 3243 592 videns
3275 537 3530 609 populum
3558 547 3748 592 totum
3772 581 3789 604 ,

2177 617 2647 690 circumstantem,
2673 623 3019 690 clamantem,
3048 626 3408 696 blaSphemias
3445 635 3502 682 et
3543 627 3792 682 dicteria

2173 711 2524 782 jaculantem,
2556 731 2662 770 non
2694 719 2920 773 attendit
2949 719 3082 785 illis,
3115 735 3224 775 non
3251 721 3502 790 cogitavit
3529 737 3789 791 praesen-

2179 810 2288 858 tem
2331 805 2566 859 cruciﬁxi
2617 807 2894 871 vilitatem,
2934 809 3027 864 sed
3061 811 3180 865 ﬁdei
3228 812 3396 866 oculis
3435 811 3552 866 hare
3590 813 3790 866 omnia

2179 905 2616 963 praetercurrens,
2642 899 2819 953 missis
2841 900 2941 954 illis
2961 902 3150 956 vilibus
3173 902 3588 972 impedimentis,
3607 902 3817 976 agno?

2179 986 2254 1040 vit
2277 987 2526 1042 cmlorum
2572 988 2880 1056 Dominum,
2911 1002 2963 1046 et
2999 993 3063 1047 ad
3097 993 3268 1063 ipsum
3297 995 3478 1050 animo
3513 1013 3790 1066 procum~

2179 1075 2313 1133 bens
2336 1078 2581 1135 dicebat:
2613 1080 2867 1137 Memento
2907 1084 3032 1148 mei,
3067 1083 3301 1151 Domine,
3340 1104 3455 1141 cum
3487 1092 3693 1143 veneris
3730 1091 3792 1144 in

2180 1184 2392 1238 regnum
2412 1180 2550 1225 tuum
2573 1169 2724 1244 (Luc.
2747 1173 2840 1228 25.
2861 1175 2974 1247 42).
2994 1175 3071 1232 Ne
3085 1176 3344 1232 latronem
3375 1177 3537 1246 hunc,
3561 1194 3784 1249 quaeso,

2179 1271 2671 1330 praetercurramus,
2723 1281 2894 1336 neque
2934 1283 3029 1323 nos
3075 1269 3269 1338 pudeat
3313 1286 3437 1325 eum
3489 1271 3785 1327 doctorem

2178 1354 2451 1423 accipere,
2480 1372 2638 1426 quem
2672 1357 2930 1414 Dominus
2959 1371 3142 1416 noster
3166 1377 3273 1416 non
3298 1363 3507 1418 erubuit
3533 1363 3783 1434 primum

2180 1439 2433 1496 inducere
2463 1443 2516 1495 in
2543 1443 2846 1512 paradisum
2878 1463 2891 1498 :
2926 1461 2992 1500 ne
3031 1447 3411 1504 erubescamus
3455 1451 3782 1519 magistrum

2178 1533 2425 1603 accipere
2471 1549 2624 1600 eum,
2651 1537 2737 1606 qui
2779 1547 2902 1593 ante
2941 1540 3240 1594 universam
3287 1551 3526 1595 naturam
3575 1541 3784 1608 dignus

2177 1627 2426 1695 apparuit
2461 1629 2880 1685 conversationis
2926 1630 3062 1700 ejus,
3092 1647 3210 1702 quae
3251 1632 3301 1685 in
3332 1633 3476 1687 caelis
3511 1643 3598 1687 est
3629 1650 3644 1687 :
3681 1633 3781 1687 sed

2178 1718 2383 1789 singula
2413 1729 2657 1776 accurate
2682 1723 3032 1788 excutiamus,
3061 1733 3118 1778 ut
3169 1725 3344 1779 crucis
3382 1727 3639 1780 virtutem
3688 1726 3779 1779 di-

2177 1823 2412 1864 seamus.
2458 1809 2574 1866 Non
2612 1811 2744 1868 dixit
2783 1814 2864 1879 ei,
2889 1815 3328 1884 quemadmodum
3367 1816 3528 1872 Petro
3567 1834 3582 1871 :
3645 1815 3782 1872 Veni

2173 1909 2291 1970 post
2302 1918 2399 1969 me,
2419 1911 2466 1956 et
2481 1903 2666 1972 faciam
2685 1913 2731 1958 te
2746 1906 3043 1976 piscatorem
3056 1906 3313 1960 hominum
3331 1907 3544 1977 (Matth.
3562 1909 3615 1962 4.
3639 1908 3737 1978 19)
3762 1927 3778 1963 :

2175 2007 2286 2048 non
2325 1993 2460 2048 dixit
2499 1995 2572 2062 ei,
2617 2006 2676 2051 ιιι
2713 2005 2768 2052 et
2809 1997 2914 2051 illis
2961 1997 3263 2063 duodecim,
3313 1998 3564 2053 Sedcbitis
3611 2015 3780 2069 super

2180 2081 2386 2137 thronos
2429 2083 2695 2138 duodecim
2740 2086 3028 2157 judicantes
3078 2087 3345 2143 duodecim
3393 2087 3551 2142 tribus
3599 2087 3778 2142 Israel

2181 2168 2401 2242 (Matth.
2429 2170 2510 2226 19.
2533 2168 2866 2241 28):imone
2887 2172 3053 2229 verbo
3102 2177 3316 2248 quidem
3359 2179 3532 2248 ipsum
3583 2178 3782 2249 digna-

2181 2271 2265 2317 tus
2310 2271 2438 2319 est:
2471 2279 2576 2320 non
2635 2267 2956 2322 miraculum
2994 2267 3226 2322 ostendit
3267 2307 3284 2333 ,
3340 2283 3442 2322 non
3485 2280 3772 2324 mortuum

2179 2355 2271 2411 ille
2298 2359 2610 2412 suscitatum
2644 2358 2799 2425 vidit,
2829 2375 2935 2414 non
2971 2360 3154 2430 pulsos
3179 2360 3468 2425 daemonas,
3497 2376 3606 2414 non
3642 2361 3775 2416 obe-

2179 2446 2334 2503 diens
2361 2464 2508 2505 mare
2540 2450 2710 2506 vidit:
2743 2466 2850 2505 non
2881 2451 3028 2504 illum
3059 2450 3127 2506 de
3152 2466 3319 2521 regno
3342 2451 3597 2505 czelorum
3629 2453 3768 2505 allo-

2178 2548 2378 2608 qnutus
2402 2549 2503 2608 est,
2537 2556 2644 2596 non
2673 2540 2741 2596 de
2766 2542 3044 2612 gehenna;
3073 2551 3128 2598 et
3156 2551 3331 2596 tamen
3371 2541 3458 2597 ille
3490 2552 3618 2597 ante
3648 2558 3770 2598 om-

2180 2644 2278 2686 nes
2316 2631 2488 2700 ipsum
2540 2631 2818 2688 confessus
2861 2641 2966 2700 est,
2995 2633 3152 2703 idque
3200 2633 3346 2687 socio
3387 2632 3768 2687 conviciante:

2180 2724 2578 2780 conviciabatur
2615 2726 2758 2781 enim
2784 2725 2833 2781 ei
2860 2726 2996 2781 latro
3032 2728 3187 2781 alter.
3219 2726 3429 2781 Etenim
3467 2726 3606 2782 alius
3637 2740 3772 2796 quo-

2179 2829 2286 2884 que
2313 2815 2450 2870 latro
2477 2816 2766 2872 cruciﬁxus
2793 2831 2913 2871 cum
2941 2830 3008 2871 eo
3032 2825 3168 2880 erat,
3197 2828 3253 2871 ut
3277 2817 3590 2886 impleretur
3611 2815 3765 2881 illud,

2182 2903 2326 2959 Inter
2370 2905 2570 2976 iniquos
2611 2917 2867 2978 reputatus
2910 2917 2983 2963 est
3019 2907 3172 2978 (Isai.
3215 2910 3308 2965 5'5.
3354 2907 3464 2979 12).
3506 2908 3770 2964 Volebam

2181 2998 2326 3054 enim
2363 2998 2588 3069 gloriam
2617 3003 2734 3069 ejus
2771 3001 3058 3056 obscurare
3097 2999 3288 3066 Judaei,
3321 3007 3380 3056 et
3414 2999 3770 3070 undequaque

2181 3089 2280 3156 iis,
2331 3107 2452 3163 quae
2511 3093 2834 3164 agebantur,
2889 3095 3250 3160 insultabant;
3305 3109 3489 3150 verum
3536 3093 3770 3164 undique

2181 3185 2378 3240 veritas
2438 3183 2722 3254 fulgebat,
2787 3195 2842 3241 et
2909 3201 3005 3256 per
3066 3187 3178 3255 ipsa
3233 3185 3614 3256 impedimenta
3673 3199 3770 3238 au—

2181 3276 2422 3348 gebatur.
2487 3276 2897 3334 Conviciabatur
2947 3292 3075 3348 ergo
3130 3277 3180 3333 ei
3266 3276 3404 3332 latro
3454 3277 3612 3332 alter.
3679 3275 3770 3331 Vi-

2183 3367 2304 3424 den’
2320 3368 2604 3433 latronem,
2639 3379 2694 3424 et
2737 3369 3038 3424 latronem?
3078 3368 3236 3422 ambo
3276 3367 3330 3422 in
3377 3382 3566 3432 cruce,
3609 3367 3768 3424 ambo

2182 3475 2249 3516 ex
2277 3461 2384 3516 vita
2420 3460 2758 3532 praedatoria,
2790 3461 2948 3516 ambo
2968 3475 2997 3514 a
3029 3460 3296 3530 nequitia;
3326 3458 3437 3528 sed
3469 3473 3574 3513 non
3608 3456 3768 3514 ambo

2182 3551 2238 3608 in
2265 3551 2454 3607 iisdem
2481 3570 2492 3605 :
2522 3551 2660 3607 alius
2702 3552 2843 3607 enim
2875 3566 3096 3622 regnum
3134 3551 3387 3606 caelorum
3423 3550 3476 3604 in
3503 3548 3769 3604 heredita-

2184 3650 2292 3699 tem
2321 3642 2564 3713 accepit,
2593 3642 2730 3697 alius
2755 3643 2809 3696 in
2836 3641 3136 3712 gehennam
3175 3641 3374 3696 missus
3415 3649 3522 3696 est.
3563 3639 3764 3695 Eodem

2185 3735 2345 3792 modo
2370 3743 2424 3790 et
2445 3733 2696 3790 hesterna
2725 3733 2811 3788 die
2845 3733 3089 3803 discipuli
3121 3741 3175 3787 et
3190 3732 3505 3801 discipulus,
3533 3730 3694 3787 Judas
3709 3740 3763 3787 et

2185 3825 2467 3892 undecim;
2496 3824 2590 3881 sed
2630 3825 2704 3879 illi
2737 3824 2952 3896 quidem
2992 3824 3261 3887 dicebant,
3295 3823 3394 3879 Ubi
3435 3825 3508 3880 vis
3536 3840 3764 3894 paremus

2187 3917 2276 3972 tibi
2306 3916 2565 3971 comedere
2589 3915 2794 3970 Pascha
2817 3917 2842 3970 ?
2873 3916 2959 3971 hic
2984 3930 3112 3971 vero
3139 3915 3492 3985 proditionem
3526 3916 3757 3985 parabat,

2188 4017 2244 4065 et
2287 4009 2496 4065 dicebat
2531 4026 2546 4063 :
2583 4008 2718 4075 Quid
2757 4009 2912 4063 vultis
2953 4009 3078 4063 mihi
3094 4009 3252 4075 dare,
3277 4019 3324 4062 et
3352 4025 3444 4080 ego
3493 4010 3629 4064 vobis
3656 4019 3760 4063 tra-

2187 4102 2309 4155 dam
2329 4117 2440 4155 eum
2455 4099 2670 4171 (Matth.
2693 4100 2877 4156 26.”.
2899 4110 2944 4154 et
2963 4101 3076 4172 15)?
3101 4101 3175 4155 illi
3201 4101 3414 4171 quidem
3439 4102 3507 4156 ad
3527 4103 3762 4158 ministe-

2186 4192 2327 4247 rium
2354 4191 2695 4261 divinamque
2734 4192 3116 4263 mystagogiam
3155 4207 3274 4248 sese
3301 4194 3656 4262 apparabant,
3682 4194 3763 4250 hic

2187 4296 2319 4338 vero
2343 4281 2409 4337 ad
2455 4281 2788 4351 prodendum
2833 4282 3134 4338 festinabat.
3178 4281 3252 4337 Ita
3287 4293 3344 4338 et
3369 4298 3512 4339 nunc
3555 4283 3685 4339 latro
3710 4295 3762 4340 et

2188 4374 2349 4441 latro,
2388 4374 2486 4430 sed
2511 4375 2600 4431 ille
2643 4375 2856 4446 quidem
2903 4376 3263 4441 conviciatur,
3294 4375 3385 4431 hic
3420 4375 3606 4431 adorat
3636 4395 3648 4430 :
3680 4378 3763 4433 ille

2187 4467 2550 4538 blasphemat,
2581 4467 2668 4522 hic
2692 4467 2976 4535 benedicit,
3013 4476 3069 4523 et
3094 4467 3553 4538 blasphemantem
3597 4469 3761 4523 incre-

2189 4572 2281 4632 pat
2301 4562 2384 4618 his
2403 4561 2602 4630 verbis,
2635 4561 2689 4616 Ν
2691 4578 2812 4633 eque
2825 4571 2880 4616 tu
2904 4563 3052 4617 times
3073 4561 3281 4617 Deum?
3305 4579 3424 4616 nam
3453 4561 3606 4633 digna
3623 4564 3761 4632 factis

2188 4656 2458 4724 recipimus
2483 4655 2634 4724 (Luc.
2664 4654 2758 4710 25.
2789 4655 2878 4710 ιο.
2910 4653 3022 4725 Η).

2261 4751 2314 4805 3.
2360 4748 2550 4804 Vidisti
2597 4747 2841 4804 ﬁduciam
2890 4748 3153 4804 latronis?
3193 4747 3371 4803 vidisti
3427 4746 3663 4802 ﬁduciam
3711 4751 3757 4800 in

2189 4841 2382 4898 cruce?
2399 4840 2576 4896 vidisti
2599 4840 2984 4911 philosophiam
3007 4842 3061 4896 in
3081 4841 3361 4911 supplicio,
3375 4849 3428 4895 et
3450 4840 3687 4909 pietatem
3709 4840 3756 4892 in

2189 4933 2468 4990 cruciatu?
2494 4934 2644 5003 Quod
2670 4934 2813 4990 enim
2845 4934 2944 4990 sibi
2975 4947 3234 5004 presens,
3253 4947 3359 4988 non
3384 4943 3563 4988 mente
3587 4943 3754 4988 exces~

2191 5025 2322 5080 serit
2347 5024 2513 5079 clavis
2539 5024 2779 5080 conﬁxus
2798 5066 2812 5090 ,
2847 5024 2965 5095 quis
2990 5038 3098 5080 non
3125 5023 3372 5094 stupeat?
3403 5023 3494 5078 Ille
3519 5037 3642 5079 vero
3658 5038 3752 5077 non

2191 5115 2352 5171 modo
2375 5125 2556 5172 mente
2583 5116 2888 5181 constabat,
2915 5115 3012 5171 sed
3037 5115 3287 5177 omnibus
3307 5115 3420 5170 suis
3445 5113 3635 5170 relictis
3651 5153 3665 5176 ,
3691 5113 3752 5168 de

2191 5209 2416 5266 aliorum
2447 5210 2609 5266 rebus
2627 5209 2866 5272 curabat,
2895 5208 3084 5264 doctor
3109 5208 3163 5263 in
3191 5223 3351 5264 cruce
3380 5207 3566 5270 factus,
3593 5207 3748 5261 inc»

2191 5317 2430 5373 pansque
2455 5301 2539 5357 his
2564 5302 2740 5357 verbis
2774 5317 2787 5353 :
2823 5299 3000 5371 Neque
3027 5309 3080 5353 tu
3100 5301 3243 5354 times
3268 5298 3470 5353 Deum?
3497 5297 3571 5353 Ne
3593 5305 3747 5352 auen-

2190 5393 2309 5460 das,
2341 5394 2545 5464 inquit,
2577 5392 2643 5448 ad
2674 5391 2895 5447 inferius
2920 5391 3024 5447 hoc
3046 5390 3311 5446 tribunal:
3339 5399 3425 5444 est
3449 5388 3588 5444 aliud
3605 5387 3744 5457 judex

2193 5485 2492 5554 invisibilis,
2529 5494 2612 5540 est
2655 5485 3016 5554 incorruptum
3055 5482 3306 5538 tribunal.
3336 5481 3414 5537 Ne
3455 5490 3509 5536 te
3543 5490 3746 5541 moveat,

2191 5578 2332 5649 quod
2361 5579 2494 5633 infra
2521 5576 2908 5633 condemnatus
2933 5575 3004 5632 sit
3036 5592 3051 5630 :
3077 5589 3200 5629 nam
3238 5587 3468 5643 superna
3513 5587 3610 5627 non
3644 5582 3747 5625 sunt

2195 5669 2516 5740 hujusmodi.
2541 5669 2597 5724 ln
2619 5667 2722 5724 hoc
2744 5668 2940 5740 quippe
2962 5675 3175 5722 terreno
3197 5660 3449 5721 tribunali
3469 5663 3590 5733 justi
3611 5679 3750 5732 quan-

2197 5758 2373 5831 doque
2409 5761 2755 5830 damnantur,
2783 5769 2839 5819 et
2862 5760 3043 5830 injusti
3071 5771 3284 5830 pcenam
3311 5755 3592 5826 emugiunt;
3623 5755 3748 5809 noxii
