3862 6232
190 381 287 440 LM

192 506 307 578 ῄνει
353 502 538 560 λοιπὸν
588 500 758 567 ἀδεῶς
802 503 1201 575 προσεύχεσθαι
1236 506 1535 576 πανταχοῦ,
1590 504 1763 573 λέγων

194 590 353 642 οὕτωσ
417 589 717 656 Βούλομαι
750 588 1198 657 προσεύχεσθαι
1240 588 1378 654 τοὺς
1422 585 1645 655 ἄνδρας
1699 587 1769 639 ἐν

194 672 369 725 παντὶ
402 672 562 735 τόπῳ
616 671 973 738 ἐπαίροντας
1001 673 1176 737 ὁσίας
1218 671 1438 740 χεῖρας.
1465 666 1618 733 Εἶδες
1652 670 1768 734 πῶς

196 754 469 825 ἐκαθάρθη
495 752 527 824 ἡ
558 754 888 826 οίκουμένη;
920 754 1017 809 Διά
1037 756 1147 827 γάρ
1174 755 1266 809 τοῦ
1294 752 1459 809 τόπου
1493 755 1767 825 πανταχοῦ

194 837 439 908 ἐπαίρειν
478 838 669 908 χεῖρας
697 837 848 899 όσίας
876 837 1176 908 δυνάμεθα,
1202 838 1390 910 ἐπειδὴ
1419 840 1569 892 πᾶσα
1613 840 1646 909 ἠ
1695 837 1768 907 γῆ

193 922 324 991 ἁγία
362 920 586 989 γέγονεν
626 921 899 993 ἀγιωτέρα
924 921 1032 975 τῶν
1065 924 1238 991 ἁγίων
1282 922 1389 975 τῶν
1407 922 1574 976 ἔνδον.
1622 922 1771 975 Ἐκεῖ

200 1006 296 1075 μὲν
334 1006 443 1075 γάρ
485 1005 831 1075 προσηνέχθη
881 1005 1153 1076 πρόϐατον
1191 1005 1404 1073 ἄλογον,
1436 1005 1669 1059 ἐνταῦθα
1713 1005 1770 1058 δὲ

196 1085 577 1157 πνευματικόν·
596 1088 704 1157 ὅσῳ
733 1088 789 1141 δὲ
825 1086 1024 1157 μείζων
1051 1091 1084 1159 ἡ
1111 1088 1292 1153 θυσία,
1318 1089 1557 1160 τοσούτῳ
1573 1086 1770 1142 πλείων

196 1171 289 1224 καὶ
307 1172 335 1223 6
365 1169 653 1241 ἀγιασμός.
690 1171 789 1225 Διά
822 1170 980 1225 τοῦτο
1007 1164 1165 1243 ἑορτὴ
1184 1174 1212 1224 6
1242 1172 1493 1243 σταυρός.

270 1317 335 1388 β’.
351 1316 536 1372 Βούλει
555 1318 745 1390 μαθεῖν
760 1314 924 1373 αὐτοῦ
946 1317 1041 1374 καὶ
1065 1320 1249 1392 ἕτερον
1279 1318 1641 1392 κατόρθωμα;
1666 1319 1773 1375 Τδν

198 1402 527 1475 παράδεισον
560 1403 971 1473 πεντακισχίλια
1000 1403 1095 1474 ἐτη
1124 1406 1218 1457 καὶ
1254 1403 1423 1458 πλείω
1452 1405 1772 1474 κεκλεισμέ-

198 1503 287 1540 νον
317 1487 555 1557 σήμερον
575 1488 705 1556 ἡμῖν
729 1481 984 1559 ἡνέῳξεν.
1025 1484 1113 1541 Ἐν
1145 1485 1312 1559 ταύτῃ
1335 1488 1441 1560 γὰρ
1466 1489 1532 1559 τῇ
1566 1488 1770 1559 ἡμέρᾳ,

198 1569 258 1624 ἐν
280 1568 457 1641 ταύτῃ
493 1572 558 1641 τῇ
590 1569 729 1642 ῶρᾳ,
771 1569 863 1623 τὸν
892 1571 1097 1643 λῃστὴν
1124 1570 1417 1641 εἰσήγαγεν
1438 1573 1467 1624 ό
1503 1568 1655 1637 Θεὸς,
1680 1569 1773 1625 δύο

200 1651 596 1724 κατορθώματα
641 1650 1038 1724 ἐργασάμενος·
1086 1650 1145 1707 ἓν
1186 1653 1306 1725 μὲν,
1333 1656 1416 1708 ὅτι
1450 1655 1774 1725 παράδεισον

197 1735 457 1806 ἠνέῳξεν,
500 1735 686 1807 ἐτερον
729 1736 809 1799 δὲ,
861 1738 944 1790 ὄτι
978 1736 1179 1808 λῃστὴν
1216 1739 1495 1808 εἰσήγαγε.
1526 1738 1774 1809 Σήμερον

197 1819 478 1873 ἀπέδωκεν
502 1821 634 1890 ἡμῖν
672 1819 772 1891 τὴν
805 1820 1037 1890 ἀρχαίαν
1056 1819 1308 1892 πατρίδα,
1334 1819 1575 1893 σήμερον
1605 1816 1778 1875 ἐπάν-ι’

198 1902 407 1971 ήγαγεν
467 1902 617 1972 ἡμᾶς
645 1903 738 1956 ἐπὶ
769 1902 869 1975 τὴν
910 1902 1171 1974 πατρῴαν
1219 1902 1396 1966 πόλιν,
1427 1904 1519 1956 καὶ
1549 1902 1649 1974 τὴν
1697 1904 1777 1956 οἱ-

198 1986 326 2040 κίαν
351 1988 641 2059 ἐχαρίσατο
670 1991 735 2060 τῇ
763 1990 916 2059 κοινῇ
944 1988 1053 2042 τῶν
1105 1985 1407 2059 ἀνθρώπων
1437 1985 1616 2056 φύσει·
1657 1985 1778 2052 Σή-

193 2087 381 2139 μερον
407 2072 537 2144 γὰρ,
565 2072 748 2141 φησίν,
764 2071 891 2140 μετ’
910 2071 1056 2140 ἐμοῦ
1072 2070 1187 2138 ἔσῃ
1213 2070 1282 2124 ὲν
1300 2068 1381 2134 τῷ
1413 2069 1773 2137 παραδείσῳ.

199 2154 266 2207 Τί
287 2154 468 2225 λέγεις
487 2172 501 2220 ;
522 2155 865 2227 ἐσταύρωσαι
892 2154 988 2209 καὶ
1012 2155 1386 2226 προσήλωσαι,
1405 2153 1497 2205 καὶ
1526 2152 1779 2223 παράδει-

201 2255 293 2292 σον
321 2239 670 2311 ἐπαγγέλλῃς
719 2238 849 2304 Ναὶ,
882 2239 1069 2310 φησὶν,
1114 2238 1201 2291 ἵνα
1232 2238 1291 2290 ἐν
1314 2236 1390 2307 τῷ
1424 2235 1643 2307 σταυρῷ
1678 2237 1777 2308 τὴν

197 2320 427 2393 δύναμιν
458 2322 557 2392 τὴν
585 2321 721 2393 ἐμὴν
764 2320 1107 2392 καταμάθῃς.
1153 2320 1371 2392 Ἐπειδὴ
1402 2319 1512 2390 γὰρ
1546 2319 1607 2373 τὸ
1635 2322 1779 2392 πρά-

199 2420 320 2476 ¹γμα
353 2404 679 2476 σκυθρωπὸν
725 2399 814 2475 ἦν,
852 2404 938 2457 ἵνα
972 2403 1046 2475 μὴ
1088 2406 1154 2475 τῇ
1192 2403 1351 2473 φύσει
1392 2403 1484 2457 τοῦ
1541 2402 1778 2474 σταυροῦ

198 2487 466 2562 πρόσχῃς,
502 2488 636 2543 ἀλλὰ
651 2489 751 2558 τὴν
777 2486 1006 2559 δύναμιν
1035 2488 1129 2540 τοῦ
1150 2487 1553 2558 σταυρουμένου
1578 2486 1776 2558 μάθῃς,

198 2572 260 2625 ἐν
284 2571 502 2642 σταυρῷ
533 2571 592 2625 τὸ
622 2571 803 2642 θαῦμα
831 2570 1122 2641 ἐργάζεται
1154 2568 1333 2633 τοῦτο,
1362 2568 1391 2621 ὃ
1424 2569 1656 2640 μάλιστα
1675 2569 1781 2624 δεί-

198 2670 392 2707 κνυσιν
436 2653 602 2708 αὐτοῦ
634 2654 733 2726 τὴν
779 2652 952 2725 ίσχύν.
982 2654 1057 2706 Οὐ
1080 2652 1190 2723 γὰρ
1209 2652 1402 2724 νεκρὸν
1443 2652 1776 2724 ἀναστήσας.

198 2737 261 2790 οὐ
296 2736 535 2812 θαλάττῃ
570 2739 666 2794 καὶ
699 2736 1007 2812 πνεύμασιν
1041 2736 1396 2810 ἐπιτιμήσας,
1430 2736 1490 2793 οὐ
1519 2736 1777 2810 δαίμονας

199 2818 500 2888 ἀπελάσας,
523 2822 658 2877 ἀλλά
692 2821 1112 2896 σταυρούμενος,
1145 2821 1607 2893 προσηλούμενος,
1630 2823 1781 2895 ὑϐρι-

199 2901 449 2975 ζόμενος,
482 2907 860 2976 ἐμπτυόμενος
881 2946 894 2968 .
928 2905 1358 2976 λοιδορούμενος,
1392 2905 1778 2977 διασυρόμενος

200 2984 392 3058 ἴσχυσε
417 2990 516 3059 τὴν
537 2989 778 3060 πονηράν
811 2988 905 3043 τοῦ
938 2988 1136 3063 λῃστοῦ
1164 2989 1402 3044 διάνοιαν
1442 2988 1778 3060 μεταθεῖναι,

198 3070 288 3124 ἵνα
315 3071 650 3144 ἑκατέρωθεν
684 3072 782 3144 τὴν
803 3073 1032 3144 δύναμιν
1060 3072 1226 3128 αὐτοῦ
1252 3072 1389 3145 ἴδῃς.
1423 3073 1536 3142 Τήν
1569 3087 1629 3124 τε
1674 3072 1782 3143 γὰρ

198 3155 385 3210 κτίσιν
415 3157 706 3227 ὲκλόνησεν
738 3157 974 3221 ἅπασαν,
1007 3156 1102 3208 καὶ
1125 3156 1225 3220 τὰς
1247 3157 1452 3228 πέτρας
1472 3154 1620 3228 [405]
1636 3155 1781 3228 διέρ-

199 3236 360 3312 ρηξε,
387 3238 489 3309 τῆς
516 3239 722 3312 πέτρας
754 3257 813 3293 τε
849 3238 1312 3311 ἀναισθητοτέραν
1337 3238 1433 3292 τοῦ
1451 3238 1651 3313 λῃστοῦ
1680 3238 1782 3308 ψυ-

196 3321 304 3394 χὴν
344 3322 696 3377 ἐπεσπάσατο
745 3324 842 3377 καὶ
879 3323 1131 3394 ἐτίμησε·
1166 3320 1438 3391 Σήμερον
1491 3322 1601 3394 γάρ
1651 3322 1782 3391 μετ’

196 3404 348 3474 ἐμοῦ
379 3406 494 3474 ἔσῃ
514 3407 585 3460 ἐν
606 3406 687 3472 τῷ
719 3405 1081 3475 παραδείσῳ,
1102 3405 1252 3475 φησί.
1278 3403 1470 3458 Καίτοι
1498 3403 1565 3457 τὰ
1594 3421 1784 3478 χερου-

199 3486 309 3558 ὄὶμ
341 3489 526 3562 ἐτήρει
566 3489 659 3545 τὸν
697 3490 1045 3561 παράδεισονο
1077 3488 1191 3544 ἀλλ’
1226 3479 1382 3551 οὗτος
1419 3488 1512 3541 καὶ
1549 3487 1658 3539 τῶν
1694 3504 1784 3557 χε-

201 3571 406 3642 ρουϐιμ
427 3573 724 3645 Δεσπότης⁸
765 3574 990 3644 φλογίνη
1037 3571 1283 3644 ῥομφαία
1319 3572 1436 3624 ἐκεῖ
1464 3568 1779 3641 στρέφεται’

197 3653 317 3709 ἀλλ’
353 3656 514 3721 αὐτὸς
537 3657 633 3711 καὶ
662 3657 861 3727 φλογὸς
891 3658 984 3711 καὶ
1008 3657 1236 3726 γεέννης
1256 3653 1353 3708 καὶ
1391 3652 1540 3722 ζωῆς
1568 3654 1662 3706 καὶ
1686 3651 1783 3704 θα-

197 3739 365 3794 νάτου
409 3740 656 3806 ἐξουσίαν
702 3741 836 3812 ἔχει.
881 3740 1075 3795 Καίτοι
1105 3756 1170 3808 γε
1198 3738 1452 3810 βασιλεὺς
1484 3738 1661 3802 οὐδεὶς
1717 3738 1782 3793 ἄν

199 3838 337 3875 ποτε
366 3823 652 3893 ἀνάσχοιτο
679 3822 882 3898 λῃστὴν
910 3823 1007 3877 ἀνθ
1018 3840 1220 3894 ρωπον,
1245 3821 1278 3894 ἦ
1308 3821 1498 3892 ἐτερόν
1523 3838 1648 3876 τινα
1673 3820 1782 3875 τῶν

198 3904 511 3976 ὁμοδούλων
544 3907 663 3978 μεθ’
685 3904 879 3960 ἐαυτοῦ
897 3905 1147 3971 καθίσας,
1175 3903 1348 3970 οὕτως
1376 3909 1455 3970 εἰς
1483 3905 1640 3959 πόλιν
1663 3908 1785 3959 εἰσ-

200 3991 451 4057 αγαγεῖν.
489 3989 628 4044 Ἀλλ’
656 3991 686 4042 ό
715 3989 949 4059 Χριστὸς
985 3987 1145 4043 τοῦτο
1184 3987 1428 4059 ἐποίησε,
1457 3989 1550 4042 καὶ
1577 3991 1658 4051 είς
1683 3988 1784 4059 τὴν

201 4070 362 4142 ίερὰν
383 4072 763 4146 εἰσερχόμενος
793 4072 1046 4145 πατρίδα,
1084 4073 1202 4144 μεθ’
1242 4072 1435 4127 ἑαυτοῦ
1462 4073 1554 4126 τὸν
1578 4073 1784 4145 λῃστὴν

200 4153 433 4224 εἰσάγει,
462 4157 524 4209 οὐ
575 4155 902 4212 καταπατῶν
930 4156 1021 4209 τὸν
1046 4156 1394 4227 παράδεισον,
1437 4155 1560 4210 οὐδὲ
1585 4173 1782 4211 καται-

201 4240 416 4312 σχύνων
454 4241 567 4303 τοῖς
602 4240 731 4294 ποσὶ
780 4238 872 4293 τοῦ
921 4239 1142 4312 λῃστοῦ,
1193 4239 1331 4294 ἀλλά
1368 4240 1569 4311 μᾶλλον
1607 4239 1783 4311 τιμῶν

199 4323 298 4377 τὸν
337 4322 682 4394 παράδεισον⁸
723 4324 856 4394 τιμὴ
898 4323 1006 4396 γάρ
1042 4324 1398 4396 παραδείσου,
1440 4326 1500 4379 τὺ
1542 4324 1783 4379 τοιοῦτον

200 4406 349 4479 ἔχειν
391 4406 677 4477 δεσπότην.
737 4408 814 4470 ὡς
864 4407 960 4461 καὶ
1000 4405 1205 4480 λῃστὴν
1234 4408 1381 4472 ἄξιον
1422 4408 1645 4479 ποιῆσαι
1682 4406 1784 4477 τῆς

198 4490 416 4562 τρυφῆς
440 4489 541 4561 τῆς
563 4492 623 4544 ἐν
646 4488 724 4561 τῷ
762 4490 1097 4562 παραδείσῳ.
1140 4489 1250 4544 Καὶ
1288 4491 1397 4562 γὰρ
1427 4491 1517 4543 ὅτε
1544 4488 1782 4552 τελώνας

199 4574 300 4627 καὶ
325 4572 531 4644 πόρνας
557 4572 852 4643 εἰσήγαγεν
874 4575 953 4637 εἰς
967 4573 1066 4644 τὴν
1095 4574 1372 4642 βασιλείαν
1386 4571 1494 4627 τῶν
1515 4571 1782 4645 οὐρανῶν,

198 4658 304 4712 οὐκ
328 4658 611 4727 ἀτιμάζων
648 4655 808 4710 τοῦτο
830 4657 1027 4720 ἐποίει,
1049 4656 1186 4711 ἀλλά
1224 4657 1425 4727 μᾶλλον
1453 4655 1636 4726 ἐτίμα,
1670 4655 1783 4708 δει-

200 4741 339 4803 κνύς
371 4738 717 4802 ὅτιτοιοῦτός
739 4741 887 4792 ἐστιν
914 4740 945 4792 δ
970 4739 1175 4810 Κύριος
1203 4740 1304 4810 τῆς
1343 4738 1624 4810 βασιλείας
1674 4736 1784 4792 τῶν

198 4821 468 4896 οὐρανῶν,
492 4823 568 4888 ὡς
596 4823 694 4878 καὶ
731 4823 938 4896 πόρνας
963 4823 1058 4878 καὶ
1085 4823 1322 4887 τελώνας
1344 4822 1519 4888 οὕτως
1545 4824 1785 4896 ἐργάσαο

201 4906 331 4962 σθαι
350 4906 625 4979 δοκίμους,
649 4907 727 4972 ὼς
772 4907 956 4973 ἀξίους
992 4908 1226 4979 φανῆναι
1267 4910 1368 4980 τῆς
1408 4907 1591 4961 ἐκεῖσε
1619 4906 1786 4977 τιμῆς

198 4991 298 5044 καὶ
316 4989 545 5061 δωρεάς.
574 4990 841 5062 Καθάπερ
870 4993 980 5064 γὰρ
1019 4990 1202 5062 ἰατρὸν
1230 4991 1352 5045 τότε
1393 4991 1629 5061 μάλιστα
1654 4991 1787 5044 θαυ-

202 5073 474 5146 μάζομεν,
499 5074 628 5129 ὅταν
668 5075 868 5147 ἴδωμεν
896 5075 1218 5148 ἀνθρώπους
1251 5076 1445 5128 ἀνίατα
1486 5073 1788 5146 παθήματα

197 5156 426 5229 ἔχοντας
442 5157 860 5215 ἀπαλλάττοντα
881 5160 982 5231 τῆς
997 5158 1307 5231 ἀρρωστίας
1331 5158 1580 5231 καὶπρὸς
1601 5158 1787 5228 ὑγείαν

197 5241 567 5311 ἐπανάγοντα*
606 5242 749 5298 οὑτω
793 5245 889 5298 καὶ
930 5244 1021 5298 τὸν
1066 5241 1301 5315 Χριστὸν
1354 5240 1658 5314 θαυμάζειν
1708 5242 1787 5296 δί-

196 5343 380 5393 καιον,
412 5328 541 5381 ὅταν
568 5327 860 5400 τραύματα
893 5326 1089 5382 ἀνίατα
1130 5325 1434 5399 θεραπεύῃ,
1467 5327 1596 5380 ὅταν
1617 5324 1788 5381 τελώ-

198 5427 302 5482 νην
329 5411 425 5465 καὶ
451 5411 658 5484 πόρνην
694 5413 775 5476 είς
798 5411 1069 5482 τοσαύτην
1097 5411 1286 5480 ὑγείαν
1325 5410 1673 5483 ἐπαναγάγῃ,
1710 5409 1786 5476 ὡς

198 5493 387 5561 ἀξίους
415 5495 694 5566 ἀποφῆναι
716 5495 826 5549 τῶν
855 5494 1124 5567 οὐρανῶν.
1154 5495 1266 5549 Καὶ
1286 5495 1341 5548 τί
1376 5493 1615 5549 τοιοῦτον
1636 5495 1665 5548 ό
1684 5492 1786 5566 λῃ-

201 5578 337 5651 στὴς
370 5578 701 5646 ἐπεδείξατο,
736 5579 923 5649 φησὶν,
960 5579 1048 5634 ἵνα
1092 5577 1423 5650 παραδείσου
1463 5578 1603 5651 τύχῃ
1647 5578 1787 5649 μετά

202 5660 438 5732 σταυρόν
458 5678 472 5728 ;
491 5660 681 5716 Βούλει
709 5663 992 5733 συντόμως
1018 5662 1161 5716 εῐπω
1188 5661 1288 5735 τὴν
1304 5660 1556 5733 ἀνδρείαν
1581 5659 1782 5726 αὐτοῦς

202 5743 332 5797 Ὅτε
357 5744 565 5818 Πέτρος
589 5746 865 5817 ἠρνήσατο
898 5746 1070 5808 κάτω,
1104 5745 1225 5798 τότε
1254 5746 1461 5810 ἐκεῖνος
1496 5743 1786 5817 ὡμολόγη-

198 5840 296 5880 σεν
323 5827 458 5884 ἀνω.
490 5829 600 5884 Καὶ
614 5827 785 5883 ταῦτα
815 5830 874 5883 οὐ
904 5827 997 5882 τοῦ
1028 5828 1239 5899 Πέτρου
1267 5828 1588 5901 κατηγορῶν
1612 5827 1779 5896 λέγω,

1154 380 1242 435 ΒΕ
1280 381 1506 438 CRUCE
1545 380 1632 437 ET
1672 377 2016 435 LATRONE.
2059 379 2289 437 HOMIL
2329 383 2368 437 1.

3340 388 3442 447 403

1872 501 1946 573 μὴ
1975 503 2202 572 γένοιτο,
2239 503 2373 557 ἀλλὰ
2409 502 2502 559 τοῦ
2534 502 2735 576 λῃστοῦ
2769 501 2867 574 τὴν
2910 503 3316 574 μεγαλοψυχίαν
3338 506 3445 561 δεί-

1868 587 1957 652 ξαι
2008 582 2348 658 βουλόμενος.
2414 587 2470 641 Ὀ
2507 587 2755 658 μαθητὴς
2806 586 3036 656 ἀπειλὴν
3063 588 3161 640 οὐκ
3218 588 3447 658 ἦνεγκεν

1870 670 2121 734 εὐτελοῦς
2153 671 2432 742 κορασίου·
2467 673 2495 724 6
2523 671 2578 724 δὲ
2621 668 2825 742 λῃστὴς
2862 669 3001 741 ὁρῶν
3046 670 3216 740 δῆμον
3230 664 3458 744 νόλὸκλη-

1874 768 1966 824 ρον
2018 753 2383 823 περιεστῶτα,
2422 752 2650 823 βοῶντα,
2695 753 3043 824 μαινόμενον,
3102 753 3447 825 βλασφημίας

1870 836 1966 889 καὶ
2001 836 2311 906 σκώμματα
2340 835 2767 901 ἐξακοντίζοντα,
2787 837 2848 889 οὐ
2869 836 3168 907 προσέσχεν
3198 838 3448 903 ἐκείνοις,

1871 920 1972 972 οὐκ
2002 920 2252 987 ἐνενόησε
2282 916 2379 990 τὴν
2418 921 2753 991 φαινομένην
2780 921 3053 975 εὐτέλειαν
3080 921 3174 975 τοῦ
3194 939 3448 993 σταυρου⁹

1875 1000 2060 1070 μένου,
2115 1001 2253 1055 ἀλλά
2310 1006 2422 1066 τοῖς
2475 1004 2577 1073 τῆς
2611 1003 2849 1067 πίστεως
2905 1003 3204 1074 ὀφθαλμοῖς
3241 1004 3456 1061 ἅπαντα

1871 1083 2045 1136 ταῦτα
2074 1080 2472 1156 παραδραμὼν,
2491 1086 2587 1138 καὶ
2613 1084 2682 1138 τὰ
2699 1086 2931 1140 ταπεινά
2955 1085 3254 1158 κωλύματα
3269 1088 3450 1157 ἀφεὶς,

1873 1165 2088 1233 ἐπέγνω
2114 1167 2207 1220 τὸν
2241 1167 2351 1220 τῶν
2384 1168 2630 1239 οὐρανῶν
2664 1168 2965 1240 Δεσπότην,
3002 1168 3265 1239 καὶαύτῷ
3286 1188 3443 1242 προσ-

1874 1249 2054 1303 πεσὼν
2088 1251 2596 1319 ἔλεγε”Μνήο-θητί
2621 1268 2760 1321 μου,
2794 1254 2989 1320 Κύριε,
3015 1253 3162 1306 ὅταν
3188 1253 3371 1325 ἕλθῃς
3385 1254 3451 1307 ἐν

1872 1332 1949 1403 τῇ
1969 1336 2261 1402 βασιλείᾳ
2288 1354 2426 1390 σου.
2452 1336 2542 1407 Μὴ
2568 1337 2632 1408 δὴ
2666 1337 3116 1408 παραδράμωμεν
3150 1338 3336 1402 ἁπλῶς
3363 1338 3452 1407 τόν

1874 1417 2075 1489 λῃστὴν
2100 1419 2310 1482 τοῦτον,
2363 1419 2497 1490 μηδὲ
2537 1418 2989 1490 ἐπαισχυνθῶμεν
3020 1420 3334 1476 διδάσκαλον
3360 1422 3453 1476 λα-

1876 1500 2009 1568 ϐεῖν,
2033 1501 2091 1554 ὃν
2125 1503 2223 1554 οὐκ
2256 1502 2570 1574 ἐπῃσχύνθη
2599 1504 2627 1556 ὁ
2659 1504 2936 1573 Δεσπότης
2960 1505 2987 1557 ὁ
3013 1504 3277 1576 ἡμέτερος
3307 1504 3447 1576 πρῶ-

1875 1600 1967 1637 τον
1987 1587 2298 1653 εἰσαγαγεῖν
2330 1588 2407 1649 εἰς
2442 1586 2534 1638 τὸν
2576 1586 2923 1655 παράδεισονσ
2957 1586 3033 1656 μὴ
3080 1587 3452 1658 ἐπαισχυνθῶ-

1880 1684 1979 1737 μεν
2016 1668 2335 1723 διδάσκαλον
2385 1669 2568 1724 λαϐεῖν
2615 1669 2899 1740 ἄνθρωπον
2950 1669 3054 1740 πρὸ
3095 1670 3192 1741 τῆς
3243 1669 3455 1739 φύσεως

1876 1752 2094 1823 ἀπάσης
2110 1752 2258 1819 ἄξιον
2275 1754 2510 1822 φανέντα
2536 1754 2635 1823 τῆς
2664 1752 2939 1816 πολιτείας
2961 1752 3058 1823 τῆς
3074 1753 3130 1805 ἐν
3161 1756 3272 1817 τοῖς
3290 1755 3350 1806 οὐ
3357 1770 3452 1825 ρα-

1876 1837 2010 1898 νοῖς,
2049 1836 2184 1889 ἀλλὰ
2213 1833 2274 1889 τὸ
2294 1836 2418 1889 καθ’
2450 1834 2939 1906 ἐκαστονάκριδῶς
2967 1835 3331 1905 ἐξετάσωμεν,
3368 1836 3456 1890 ἴνα

1881 1919 2142 1990 μάθωμεν
2168 1920 2264 1973 τοῦ
2318 1918 2555 1989 σταυροῦ
2589 1919 2687 1990 τὴν
2715 1919 2964 1989 δύναμιν.
3007 1920 3121 1972 Οὐκ
3159 1913 3281 1972 εἷπε
3320 1920 3455 1992 πρὸς

1878 1998 2059 2067 αὐτὸν,
2087 2002 2339 2073 καθάπερ
2367 2003 2505 2073 πρὸς
2528 2001 2619 2055 τὸν
2650 2000 2876 2073 Πέτρον’
2896 2000 3075 2069 Δεῦρο
3105 2002 3296 2054 ὀπίσω
3315 2020 3457 2072 μου,

1878 2085 1976 2138 καὶ
2009 2083 2241 2150 ποιήσω
2271 2100 2345 2138 σε
2383 2084 2559 2139 ἁλιέα
2606 2083 2952 2151 ἀνθρώπων·
2985 2083 3106 2137 οὐδέ
3149 2079 3269 2136 εἷπε
3324 2085 3459 2155 πρὸς

1877 2168 2058 2231 αὐτὸν,
2094 2168 2346 2239 καθάπερ
2400 2168 2536 2240 πρὸς
2568 2167 2693 2230 τοὺς
2742 2166 2974 2230 δώδεκα,
3009 2167 3090 2219 ὅτι
3124 2168 3458 2227 Καθίσεσθε

1877 2250 1975 2304 ἐπὶ
2002 2247 2230 2305 δώδεκα
2265 2252 2517 2319 θρόνους
2546 2250 2853 2318 κρίνοντες
2876 2249 2984 2315 τὰς
3012 2248 3241 2303 δώδεκα
3257 2252 3458 2318 φυλὰς

1877 2333 1984 2387 τοῦ
2031 2333 2292 2402 Ἰσραήλ·
2331 2332 2532 2404 μᾶλλον
2583 2331 2639 2385 δὲ
2679 2332 2797 2384 οὐδὲ
2849 2334 3093 2403 ῥήματος
3132 2332 3295 2385 αὐτὸν
3323 2331 3458 2394 ὅλως

1879 2417 2129 2488 ἠξίωσεν·
2161 2419 2222 2471 οὐ
2262 2416 2449 2487 θαῦμα
2503 2415 2723 2483 ἔδειξεν,
2770 2416 2830 2467 οὐ
2871 2415 3067 2487 νεκρὸν
3103 2415 3460 2485 ἀνιστάμενον

1879 2499 2162 2566 ἐθεάσατο,
2197 2502 2257 2554 οὐ
2291 2498 2552 2571 δαίμονας
2580 2499 3072 2568 ἀπελαυνομένους
3103 2499 3164 2551 οὐ
3188 2498 3461 2552 θάλατταν

1880 2576 2019 2636 εἶδεν
2049 2582 2459 2646 ὑπακούσασαν,
2477 2583 2540 2635 οὐ
2575 2582 2703 2655 περὶ
2723 2581 2998 2651 βασιλείας
3022 2580 3172 2650 αὐτῷ
3209 2599 3262 2633 τι
3283 2577 3459 2644 εἶπεν,

1880 2666 1939 2719 οὐ
1971 2666 2101 2736 περὶ
2130 2665 2377 2737 γεέννηςι
2411 2667 2506 2719 καὶ
2531 2666 2639 2730 πρὸ
2673 2666 2889 2719 πάντων
2916 2664 3084 2718 αὐτὸν
3115 2664 3462 2733 ὡμολόγησε,

1881 2747 2202 2816 καὶταῦτα,
2245 2747 2339 2808 τοῦ
2383 2749 2572 2824 ἐτέρου
2623 2746 3009 2823 λοιδοροῦντος·
3053 2744 3308 2816 ἐλοιδόρει
3357 2746 3464 2818 γὰρ

1883 2836 2044 2889 αὑτὸν
2067 2838 2095 2889 6
2121 2836 2277 2898 ἄλλος
2304 2836 2532 2907 λῃστής.
2560 2833 2668 2887 Καὶ
2701 2833 2811 2904 γάρ
2845 2834 2941 2886 καὶ
2967 2830 3127 2895 ἄλλος
3161 2830 3365 2905 λῃστὴς
3393 2827 3463 2901 ἦν

1882 2918 2296 2989 ἐσταυρωμένος
2344 2920 2462 2989 μετ’
2507 2914 2695 2979 αὐτοῦ,
2726 2916 2811 2969 ἵνα
2841 2914 3100 2987 πληρωθῇ
3150 2917 3345 2980 ἐκεῖνο,
3380 2916 3464 2968 ὅτι

1895 3003 1998 3056 Ἑν
2020 3000 2171 3073 [406]
2199 2999 2324 3066 τοῖς
2363 2999 2609 3066 ἀνόμοις
2655 2999 2964 3067 ἐλογίσθη.
3009 2998 3322 3052 Ἐσούλοντο
3356 2998 3465 3070 γὰρ

1882 3084 1977 3138 καὶ
2002 3085 2100 3156 τὴν
2131 3081 2290 3147 δόξαν
2325 3079 2491 3133 αὐτοῦ
2520 3080 2792 3133 διασαλεῖν
2822 3083 2870 3132 οἱ
2917 3080 3179 3146 Ἰουδαῖοι,
3210 3083 3302 3135 καὶ
3326 3098 3465 3134 παν-

1883 3166 2113 3238 ταχόθεν
2144 3163 2449 3236 ἐπηρέαζον
2467 3166 2579 3226 τοῖς
2598 3164 2924 3233 γινομένοιςο
2967 3163 3102 3218 ἀλλὰ
3129 3165 3466 3234 πανταχόθεν

1882 3251 2180 3318 διέλαμπεν
2210 3250 2243 3320 ἡ
2265 3247 2508 3317 ἀλήθεια,
2536 3247 2630 3300 καὶ
2656 3246 2850 3317 ηὔξετο
2873 3246 2960 3299 διὰ
2999 3246 3105 3299 τῶν
3123 3247 3267 3299 κωλυ
3277 3247 3469 3317 μάτων

1883 3334 2083 3387 αὐτῶν.
2133 3331 2420 3402 Ἐλοιδόρει
2457 3329 2637 3383 τοίνυν
2667 3328 2830 3382 αὐτὸν
2858 3331 2886 3382 ὁ
2930 3329 3089 3392 ἄλλος
3122 3328 3346 3401 λῃστής,
3384 3325 3467 3382 Εἶ-

1882 3418 1972 3482 δες
1999 3415 2200 3489 λῃστὴν
2227 3415 2321 3468 καὶ
2344 3415 2578 3486 λῃστήν;
2610 3413 2906 3483 ἀμφότεροι
2938 3413 2995 3465 ἐν
3020 3412 3256 3484 σταυρῷ,
3285 3413 3437 3483 ἁμῴ

1884 3516 2033 3571 τεροι
2053 3499 2163 3553 ἀπὸ
2192 3497 2306 3568 βίου
2335 3496 2653 3569 λῃστρικοῦ,
2699 3496 2999 3566 ἀμφότεροι
3042 3495 3150 3550 ἀπὸ
3179 3497 3465 3568 πονηρίαςο

1884 3582 1997 3635 ἀλλ’
2026 3581 2126 3634 οὐκ
2166 3580 2465 3651 ἀμφότεροι
2506 3581 2562 3632 ἐν
2596 3581 2711 3641 τοῖς
2740 3578 2944 3642 αὐτοῖς,
2981 3576 3098 3630 ἀλλ’
3124 3579 3152 3630 6
3180 3578 3280 3648 μὲν
3310 3579 3467 3650 βασι-

1884 3665 2035 3719 λείαν
2079 3664 2543 3735 ἐκληρονόμησεν,
2589 3668 2618 3720 ό
2672 3661 2730 3715 δὲ
2784 3662 2865 3724 εἰς
2914 3661 3136 3729 γέενναν
3170 3662 3467 3733 ἐπέμπετο.

1885 3748 2043 3803 Οὕτω
2099 3749 2195 3802 καὶ
2242 3745 2388 3818 χθές⁴
2460 3744 2701 3817 μαθηταὶ
2770 3746 2867 3799 καὶ
2934 3745 3203 3817 μαθητὴς,
3268 3746 3469 3811 Ἰούδας

1885 3833 1981 3887 καὶ
2008 3833 2059 3884 οἱ
2080 3831 2294 3884 ἐνδεκα’
2331 3829 2446 3883 ἀλλ’
2485 3830 2686 3882 ἐκεῖνοι
2727 3827 2828 3898 μὲν
2870 3827 3078 3896 ἔλεγονο
3120 3829 3243 3883 Ποῦ
3274 3830 3471 3895 θέλεις

1885 3912 2292 3983 ἑτοιμάσωμέν
2311 3927 2411 3965 σοι
2438 3910 2651 3981 φαγεῖν
2676 3912 2745 3963 τὸ
2782 3909 3041 3981 Πάσχα;
3062 3902 3219 3974 οὗτος
3250 3911 3309 3965 δὲ
3333 3930 3471 3983 προ-

1883 3998 2067 4055 δοσίαν
2099 3996 2544 4066 παρεσκευάζετο
2570 3995 2664 4048 καὶ
2698 3993 2867 4063 ἔλεγε·
2914 3995 2974 4055 Τί
2989 3995 3194 4049 θέλετέ
3213 4012 3315 4064 μοι
3335 3994 3471 4050 δοῦ-

1883 4098 2006 4143 ναι,
2034 4077 2198 4148 κάγὼ
2234 4078 2378 4147 ὑμῖν
2426 4076 2759 4145 παραδώσω
2795 4079 3019 4142 αὐτόν;
3070 4080 3311 4133 κάκεῖνοι
3374 4080 3471 4153 μὲν

1886 4162 2022 4234 πρὸς
2037 4162 2313 4218 διακονίαν
2332 4159 2724 4234 ηὐτρεπίζοντο
2748 4161 2843 4216 καὶ
2867 4162 2966 4234 τὴν
2999 4161 3153 4215 θείαν
3183 4180 3472 4235 μυσταγω-

1884 4248 2031 4317 γίαν,
2054 4243 2209 4313 οὗτος
2233 4246 2445 4319 δὲπρὸς
2475 4246 2538 4298 τὸ
2565 4244 2855 4318 προδοῦναι
2884 4245 3161 4300 ἔσπευδεν.
3197 4245 3353 4302 Οῦτω
3379 4245 3473 4300 καὶ

1886 4328 2121 4386 ἐνταῦθα
2139 4321 2459 4403 λῃστὴςίιαὶ
2495 4329 2730 4404 λῃστής
2767 4330 2883 4387 ἀλλ’
2904 4333 2932 4384 ὁ
2963 4332 3062 4405 μὲν
3089 4329 3339 4402 λοιδορεῖ,
3370 4332 3472 4385 όδὲ

1887 4418 2202 4486 προσκυνεῦ
2235 4414 2329 4469 καὶ
2361 4414 2390 4468 ό
2431 4413 2529 4484 μὲν
2563 4412 2894 4486 βλασφημεῖ,
2922 4416 2951 4466 ὁ
2994 4414 3048 4468 δὲ
3080 4416 3338 4486 εὐφημεῖ,
3380 4415 3472 4472 καὶ

1885 4498 1978 4552 τὸν
2014 4496 2439 4568 βλασφημοῦντα
2456 4497 2799 4567 ἐπιστομίζει
2821 4498 3015 4565 λέγων’
3033 4499 3184 4552 Οὑδέ
3202 4497 3357 4568 φοϐῇ
3389 4497 3471 4553 σὺ

1886 4581 1996 4636 τὸν
2050 4582 2235 4647 Θεόν;
2283 4581 2424 4646 ἄξια
2462 4578 2577 4650 γὰρ
2622 4573 2710 4635 ὧν
2754 4582 3097 4652 ἐπράξαμεν
3135 4584 3476 4652 ἀπολαμϐά-

1886 4681 2090 4735 νομεν.

1951 4826 2022 4890 γ’.
2059 4815 2215 4884 Εἶδες
2238 4820 2568 4893 ’παρρησίαν
2605 4820 2841 4894 λῃστοῦ;
2880 4815 3025 4887 εἶδες
3060 4821 3375 4895 παρρησίαν
3416 4824 3474 4876 ἐν

1866 4928 1867 4933 η
1888 4903 2106 4976 σταυρῷ
2124 4922 2139 4972 ;
2161 4900 2298 4967 εἶδες
2318 4903 2636 4975 φιλοσοφίαν
2652 4907 2711 4958 ἐν
2726 4921 2778 4957 τι
2785 4905 2988 4978 μωρία,
3010 4906 3104 4960 καὶ
3119 4906 3400 4960 εὐλάϐειαν
3415 4907 3474 4959 ἐν

1887 4987 2144 5055 κολάσει;
2176 4987 2303 5041 ’Ότι
2326 4986 2440 5060 γὰρ
2467 4988 2525 5042 ἐν
2550 4986 2729 5060 ἐαυτῷ
2748 4983 2838 5061 ἦν,
2863 4989 2947 5042 ὅτι
2975 4989 3179 5061 φρένας
3219 4986 3473 5061 εἷχε,τῶν

1885 5070 2032 5144 ἥλων
2082 5070 2234 5143 αὐτῷ
2261 5071 2730 5144 ἐμπεπαρμένων,
2776 5072 2862 5136 τίς
2912 5073 3011 5126 οὐκ
3035 5071 3103 5128 ἂν
3135 5072 3432 5142 ἐκπλαγείη
3455 5112 3471 5136 ,

1898 5155 1961 5209 Ὅ
1980 5156 2039 5209 δέ
2062 5155 2124 5210 οὐ
2159 5155 2319 5227 μόνον
2348 5156 2409 5210 ἐν
2433 5154 2613 5227 ἐαυτῷ
2632 5151 2723 5228 ἦν,
2754 5154 2892 5210 ἀλλά
2923 5157 3018 5210 καὶ
3034 5156 3102 5210 τὰ
3128 5154 3251 5210 καθ’
3279 5155 3472 5209 ἐαυτὸν

1887 5239 2068 5309 ἀφεὶς,
2091 5236 2163 5294 τὰ
2182 5237 2290 5293 τῶν
2315 5237 2491 5293 ἄλλων
2522 5238 2827 5311 ἐφρόντιζε,
2846 5238 3166 5303 διδάσκαλος
3182 5241 3240 5292 ὲν
3255 5236 3472 5309 σταυρῷ

1888 5322 2194 5394 γινόμενος,
2218 5321 2317 5376 καὶ
2336 5323 2608 5395 ἐπιτιμῶν
2641 5323 2738 5377 καὶ
2765 5321 2961 5391 λέγων*
3001 5321 3155 5376 οὐδὲ
3189 5321 3348 5392 φοϐῇ
3387 5322 3469 5378 σὺ

1887 5405 1998 5463 τὸν
2022 5408 2170 5463 Θεόν
2183 5425 2205 5475 ;
2234 5407 2328 5479 Μὴ
2352 5407 2608 5482 πρόσεχε,
2654 5407 2806 5479 φησὶ,
2834 5406 2915 5478 τῷ
2941 5407 3092 5465 κάτω
3113 5407 3468 5479 δικαστηρίῳ

1888 5491 2037 5547 εστιν
2059 5491 2246 5564 ἔτερος
2257 5493 2453 5566 κριτὴς
2475 5493 2725 5564 ἀόρατος,
2743 5491 2893 5545 ἔστιν
2911 5491 3211 5544 ἀδέκαστον
3221 5488 3484 5559 δικαστή-

1890 5593 2027 5649 ριον.
2066 5576 2163 5648 Μὴ
2198 5575 2380 5632 τοίνυν
2424 5576 2561 5648 ίδῃς,
2602 5576 2684 5629 ότι
2729 5574 3027 5646 κατεκρίθη
3066 5574 3238 5629 κάτωο
3261 5575 3331 5628 τά
3362 5574 3473 5646 γάρ

1888 5659 2001 5714 ἀνω
2026 5660 2086 5713 οὐ
2127 5659 2373 5714 τοιαῦτα
2405 5657 2640 5713 ἐνταῦθα
2672 5658 2770 5728 μὲν
2802 5657 2912 5730 γὰρ
2943 5660 3000 5712 ἐν
3039 5657 3117 5728 τῷ
3142 5661 3293 5713 κάτω
3316 5659 3472 5712 δικα-

1891 5743 2097 5815 στηρίῳ
2116 5744 2210 5796 καὶ
2229 5743 2427 5798 δίκαιοι
2454 5738 2895 5814 κατακρίνονται,
2926 5744 3020 5800 καὶ
3046 5744 3218 5799 ἄδικοι
3249 5744 3470 5812 διαφεύρ

1889 5838 2072 5898 γουσι,
2103 5828 2197 5882 καὶ
2242 5826 2534 5891 ὑπεύθυνοι
2575 5828 2847 5899 ἀφίενται,
2881 5831 2972 5888 καὶ
3011 5830 3289 5886 ἀνεύθυνα
3318 5828 3481 5883 κολά-
