3862 6232
255 329 366 386 405

253 441 621 512 dimittuntur,
650 452 705 502 et
743 445 943 502 innoxii
987 447 1294 506 afficiuntur
1320 453 1601 526 supplicio.
1635 455 1844 511 Etenim

248 535 487 604 judices,
508 536 670 592 velim
700 538 885 605 nolint,
914 539 968 594 in
988 541 1170 596 multis
1197 554 1446 611 peccant;
1476 545 1737 616 siquidem
1765 547 1849 602 vel

251 626 347 696 jus
375 627 680 697 ignorantes
709 638 764 685 et
790 629 1021 701 decepti,
1051 634 1134 688 vel
1178 635 1326 704 gnari
1366 635 1602 705 quidem,
1635 638 1727 693 sed
1757 655 1850 707 pe-

259 722 426 778 cunia
449 725 684 793 corrupti
709 739 894 778 verum
925 726 1185 780 calculum
1209 727 1578 797 prodiderunt.
1611 730 1854 801 Superne

256 821 441 868 autem
486 829 690 870 secus:
725 815 864 870 Deus
906 817 1048 870 enim
1084 817 1249 886 judcx
1287 819 1482 888 justus,
1513 832 1566 874 et
1597 821 1854 890 judicium

257 918 382 973 ejus
407 906 559 975 quasi
587 905 673 960 lux
701 907 1023 976 egredietur,
1051 923 1156 963 non
1191 911 1444 976 tenebris,
1477 927 1582 965 non
1610 912 1856 983 ignoran-

261 997 338 1050 tia
368 995 796 1051 obscurantihus.
843 998 1050 1052 Etenim
1076 1015 1144 1053 ne
1167 999 1402 1067 diceret,
1433 1017 1553 1056 eum
1587 1002 1720 1056 infra
1756 1003 1855 1058 da-

264 1097 510 1144 mnatum
551 1089 734 1157 fuisse,
763 1089 830 1144 ad
858 1107 1150 1160 supernum
1184 1093 1411 1148 trilnmal
1440 1095 1587 1150 illum
1616 1096 1849 1162 deduxit,

263 1178 684 1234 commonefecit
712 1179 854 1236 illius
880 1180 1131 1236 horrendi
1161 1183 1476 1251 tribunalis;
1521 1202 1584 1241 ac
1625 1187 1668 1240 si
1709 1187 1855 1241 dice-

265 1281 356 1325 ret
384 1289 398 1325 :
430 1271 507 1327 Eo
553 1273 760 1343 respice
784 1316 799 1341 ,
837 1289 936 1329 nec
974 1275 1332 1331 damnationis
1373 1278 1636 1334 calculum
1681 1279 1856 1346 feres,

267 1378 446 1435 neque
475 1366 611 1420 infra
641 1363 962 1423 stabis‘cum
993 1371 1262 1439 corruptis
1281 1371 1566 1439 judicibus,
1596 1373 1687 1428 sed
1713 1373 1858 1444 judi-

269 1458 418 1513 cium
444 1474 672 1524 superne
697 1461 861 1516 latum
893 1462 1216 1531 acceptabis.
1244 1463 1436 1520 Vidisti
1466 1465 1857 1536 philosophiam

270 1550 536 1606 latronis?
558 1552 730 1607 vidisti
755 1554 1110 1624 prudentiam,
1133 1565 1186 1611 et
1209 1556 1549 1612 doctrinam?
1569 1559 1858 1614 Confestim

267 1657 302 1694 a
327 1657 487 1697 cruce
507 1643 559 1697 in
581 1644 767 1698 cmlum
790 1645 1040 1700 avolavit.
1068 1647 1269 1702 Deinde
1288 1664 1352 1703 ex
1373 1649 1661 1704 abundanti
1686 1650 1856 1720 ipsum

272 1734 558 1805 increpans
589 1754 602 1790 :
634 1734 758 1790 Non
783 1738 942 1800 times,
973 1738 1199 1802 dicebat,
1227 1742 1344 1810 quia
1374 1741 1424 1794 in
1451 1741 1624 1796 eadem
1651 1743 1864 1796 damna-

271 1829 413 1883 tione
435 1843 620 1883 sumus
649 1828 795 1902 (Luc.
825 1832 913 1886 23.
945 1832 1056 1901 40).
1087 1832 1223 1898 Quid
1267 1833 1366 1887 sibi
1397 1835 1507 1888 vult
1548 1834 1701 1900 illud,
1733 1835 1864 1902 Quia

269 1921 331 1974 in
355 1920 528 1973 eadem
549 1920 872 1975 damnatione
891 1923 1104 1976 sumus?
1129 1923 1184 1977 ln
1215 1923 1403 1978 eodem
1433 1940 1625 1993 nempe
1657 1925 1864 1994 supplio

269 2012 384 2066 cio.
414 2011 600 2067 Nonne
628 2021 682 2067 tu
705 2014 864 2068 etiam
888 2028 946 2068 es
968 2014 1018 2067 in
1042 2015 1237 2069 cruce?
1265 2015 1397 2070 Dum
1427 2031 1554 2086 ergo
1577 2016 1649 2070 illi
1675 2017 1861 2071 eonvi-

271 2103 456 2165 ciaris,
479 2104 703 2173 teipsum
729 2105 873 2175 prius
892 2106 1122 2174 impetis.
1150 2105 1606 2172 Quemadmodum
1631 2107 1771 2162 enim
1796 2106 1861 2175 is,

275 2195 368 2265 qui
411 2195 460 2249 in
504 2197 732 2264 peccatis
773 2204 873 2260 est,
916 2197 960 2251 si
1000 2198 1225 2253 alterum
1265 2199 1598 2265 criminetur,
1630 2199 1863 2268 seipsum

281 2286 429 2356 prius
456 2287 769 2341 criminatur
797 2306 811 2340 :
843 2288 920 2342 sic
946 2297 1002 2344 et
1030 2288 1106 2356 is,
1137 2290 1226 2359 qui
1258 2290 1308 2343 in
1338 2291 1642 2346 calamitate
1670 2290 1869 2346 consti-

281 2387 447 2445 tutus,
481 2380 634 2433 alteri
673 2381 1030 2436 calamitatem
1073 2381 1204 2435 vitio
1243 2381 1418 2447 vertit,
1445 2383 1677 2452 seipsum
1719 2383 1866 2452 prius

283 2471 522 2526 damnat.
568 2472 698 2538 Quia
728 2474 781 2526 in
807 2474 980 2527 eadem
1010 2473 1333 2528 damnatione
1361 2491 1551 2528 sumus.
1599 2474 1868 2543 Apostoli-

282 2578 402 2617 cam
440 2563 565 2633 legit
604 2564 702 2632 ipsi
744 2565 935 2634 legem,
965 2564 1080 2620 haec
1108 2567 1307 2621 scilicet
1333 2567 1632 2637 evangelica
1661 2568 1820 2622 verba
1851 2585 1866 2623 :

285 2653 463 2709 Nolite
476 2656 729 2725 judicare,
758 2667 812 2711 ut
842 2673 942 2710 non
961 2657 1262 2726 judicenn'ui
1290 2657 1497 2728 (Matth.
1527 2659 1576 2712 7.
1611 2659 1688 2730 l).
1738 2658 1870 2726 Quia

283 2765 337 2801 tn
365 2749 540 2803 eadem
565 2750 888 2804 damnatione
911 2767 1102 2803 sumus.
1134 2749 1270 2818 Quid
1295 2750 1441 2812 facis,
1474 2764 1506 2804 ο
1538 2750 1708 2804 latro?
1741 2751 1868 2804 dum

281 2856 408 2895 eutn
429 2839 690 2899 defendis.
713 2840 1007 2895 latronisne
1033 2841 1234 2896 socium
1257 2850 1307 2896 te
1323 2842 1486 2896 facis?
1507 2842 1867 2912 Nequaquam,

282 2933 403 2985 ait:
435 2947 499 2984 ex
535 2931 883 3002 sequentibus
926 2931 1064 2986 hanc
1105 2934 1464 3001 suspicionem
1507 2949 1752 2989 amoveo.
1793 2934 1872 2990 Ne

286 3031 446 3094 putes
481 3023 622 3078 enim
658 3038 779 3076 eum
809 3038 872 3077 ex
901 3025 1276 3080 communione
1301 3026 1543 3096 supplicii
1568 3036 1872 3082 consortem

288 3115 439 3170 illum
483 3115 686 3185 peccati
733 3115 944 3183 fecisse,
973 3117 1052 3170 sic
1089 3117 1237 3187 prius
1280 3118 1479 3173 dictmn
1509 3120 1726 3188 corrigit
1759 3137 1772 3173 :
1807 3119 1872 3173 Et
1902 3113 1908 3117 ⁷

286 3225 382 3261 nos
407 3208 606 3278 quidem
624 3209 768 3279 juste
796 3225 815 3262 :
839 3226 956 3262 nam
983 3210 1138 3281 digna
1163 3211 1312 3282 factis
1341 3211 1562 3278 patimur
1601 3210 1750 3284 (Luc.
1779 3211 1870 3266 25.

284 3303 405 3370 41).
439 3301 595 3356 Vides
635 3301 1026 3357 confessionem
1070 3303 1391 3371 perfectam?
1419 3304 1565 3360 vides
1607 3304 1876 3374 quomodo

285 3396 342 3449 in
374 3410 529 3449 cruce
559 3404 772 3464 peccata
801 3396 982 3450 exuit?
1021 3395 1150 3450 Nam
1183 3397 1411 3465 legitur:
1445 3397 1540 3452 Dic
1582 3407 1636 3452 tu
1669 3410 1876 3469 peccata

284 3496 376 3539 tua
401 3489 610 3556 primus,
639 3496 693 3540 ut
711 3488 1009 3556 justi/iceris
1035 3486 1200 3561 (Isai.
1233 3489 1321 3544 45.
1345 3489 1416 3544 9.6
1439 3489 1479 3560 ).
1512 3489 1679 3544 Nemo
1703 3489 1877 3561 coegit

288 3577 465 3639 illum,
489 3593 647 3632 nemo
669 3579 775 3632 vim
808 3579 904 3648 ipsi
935 3577 1079 3642 fecit,
1111 3580 1203 3634 sed
1239 3581 1352 3648 ipse
1375 3582 1720 3650 semetipsum
1753 3597 1877 3650 pro-

288 3668 412 3722 tulit
437 3669 619 3724 dicens
648 3687 662 3724 :
686 3669 753 3723 Et
780 3687 872 3723 nos
892 3671 1093 3740 quidem
1112 3673 1270 3740 juste,
1297 3689 1416 3726 nam
1438 3674 1592 3744 digna
1615 3674 1762 3742 {actis
1784 3691 1878 3744 pa-

288 3762 478 3825 timur;
507 3763 589 3814 hic
614 3777 728 3816 vero
756 3762 885 3816 nihil
912 3763 1036 3816 mali
1055 3764 1169 3834 fecit
1196 3763 1341 3832 (Luc.
1374 3765 1464 3818 25.
1499 3766 1584 3820 bl.
1618 3765 1708 3835 42)
1735 3783 1748 3818 :
1781 3766 1876 3820 ad-

284 3854 472 3923 ditque
519 3863 701 3922 postea
735 3873 748 3909 :
785 3854 1036 3910 Memento
1062 3857 1196 3923 mei,
1240 3857 1483 3924 Domine,
1512 3859 1564 3911 in
1592 3875 1746 3928 regno
1771 3866 1874 3914 tuo.

286 3945 406 4000 Non
440 3947 584 4014 prius
603 3961 765 4000 ausus
790 3958 874 4003 est
897 3948 1097 4015 dicere,
1128 3947 1382 4003 Memento
1405 3951 1500 4004 mei
1518 3951 1571 4004 in
1593 3967 1745 4021 regno
1766 3961 1873 4020 tuo,

286 4051 451 4105 quam
498 4051 593 4106 per
630 4039 1019 4094 confessionem
1051 4051 1392 4110 peccatorum
1424 4056 1688 4096 sarcmam
1713 4041 1879 4112 depo-

287 4125 507 4181 suisset.

365 4219 619 4286 Confessio
631 4231 820 4291 quanta
837 4240 915 4278 res
928 4224 1012 4278 sit.
1031 4254 1101 4264 —
1117 4223 1306 4281 Viden‘
1330 4233 1524 4297 quanta
1552 4240 1638 4279 res
1663 4227 1731 4282 sit
1750 4241 1880 4283 con-

292 4313 491 4368 fessio?
515 4314 802 4371 Confessus
821 4326 921 4378 est,
945 4325 994 4371 et
1020 4317 1317 4386 paradisum
1344 4320 1584 4389 aperuit:
1607 4321 1882 4376 confessus

292 4412 397 4470 est,
422 4413 474 4458 et
495 4413 692 4460 tantam
715 4408 919 4475 accepit
939 4407 1205 4472 ﬁduciam,
1229 4421 1285 4464 ut
1309 4426 1337 4464 a
1362 4412 1636 4466 latrocinio
1659 4427 1878 4482 regnum

290 4503 517 4565 peteret.
547 4495 734 4551 Viden’
760 4507 1077 4566 quantorum
1102 4499 1255 4554 nobis
1279 4500 1539 4555 bonorum
1562 4517 1687 4556 crux
1719 4519 1880 4558 causa

290 4585 487 4640 fuerit?
518 4585 756 4656 Regnum
788 4589 961 4656 petis?
1001 4590 1134 4658 Quid
1177 4591 1326 4645 vides
1367 4590 1705 4659 hujusmodi?
1732 4593 1880 4648 Clavi

288 4685 493 4732 etcrux
520 4677 568 4732 in
591 4689 877 4749 conSpectu
900 4690 1050 4745 sunt;
1076 4697 1256 4736 verum
1286 4697 1346 4736 ea
1371 4682 1481 4751 ipsa
1509 4699 1660 4748 crux,
1691 4685 1879 4754 inquit,

288 4778 376 4825 est
416 4772 716 4842 symbolum
762 4773 932 4842 regni.
978 4773 1100 4829 Ideo
1139 4774 1308 4843 ipsum
1348 4792 1526 4846 regem
1566 4792 1716 4842 voco,
1761 4779 1883 4846 quia

287 4863 448 4919 video
475 4865 784 4920 crucifixum
817 4885 829 4920 :
858 4867 995 4937 regis
1039 4869 1181 4923 enim
1222 4879 1303 4924 est
1343 4885 1437 4938 pro
1473 4871 1698 4925 subditis
1723 4871 1880 4925 mori.

291 4957 392 5012 Hic
437 4957 552 5027 ipse
595 4957 728 5012 dixit
754 4975 767 5011 :
792 4958 970 5033 (Bonus
1001 4972 1170 5026 pastor
1193 4963 1414 5013 animum
1449 4979 1590 5015 suam
1623 4963 1761 5033 ponit
1790 4979 1880 5033 pro

287 5053 465 5105 ovibus
491 5050 683 5120 (Joan.
717 5051 799 5106 10.
834 5053 890 5107 il
921 5052 939 5123 )
971 5069 1134 5122 :crgo
1185 5062 1240 5108 et
1286 5054 1455 5108 bonus
1503 5071 1596 5109 rex
1649 5055 1880 5109 animam

289 5158 444 5199 suam
496 5145 643 5213 ponit
691 5160 788 5213 pro
831 5144 1078 5200 subditis.
1126 5145 1386 5213 Quoniam
1438 5146 1600 5216 igitur
1647 5147 1880 5202 animam

289 5253 442 5292 suam
487 5239 680 5304 posuit,
714 5238 833 5292 ideo
877 5253 1059 5308 regem
1107 5239 1254 5293 illum
1283 5253 1437 5294 voco.
1481 5238 1736 5294 Memento
1763 5240 1880 5308 mei,

291 5330 538 5394 Domine,
566 5331 618 5384 in
646 5347 799 5407 regno
823 5341 931 5385 tuo.

366 5423 422 5477 4.
459 5421 652 5476 Viden‘-
675 5424 942 5492 quomodo
972 5438 1101 5479 crux
1130 5423 1200 5477 sit
1224 5424 1368 5494 regni
1399 5423 1739 5495 symbolum?
1767 5423 1884 5477 Vis-

293 5530 363 5571 ne
385 5522 443 5570 et
460 5515 674 5569 aliunde
701 5517 825 5570 illud
850 5516 1094 5572 discere?
1122 5518 1235 5572 Non
1260 5517 1468 5586 reliquit
1495 5533 1614 5572 eum
1639 5519 1689 5571 in
1717 5526 1880 5585 terra,

293 5607 392 5662 sed
432 5607 657 5662 attraxit
680 5624 799 5662 eum
830 5618 882 5664 et
917 5609 967 5662 in
998 5609 1187 5663 czelum
1213 5608 1448 5662 deduxit.
1483 5608 1631 5664 Unde
1662 5608 1763 5663 hoc
1793 5625 1885 5679 pa-

297 5700 404 5754 lam
426 5699 554 5753 est?
570 5699 703 5766 Quia
724 5709 978 5755 venturus
998 5709 1080 5754 est
1100 5716 1218 5755 cum
1249 5701 1338 5754 illo
1365 5702 1413 5754 in
1442 5701 1674 5756 secundo
1696 5710 1749 5755 et
1767 5700 1883 5770 glo-

296 5793 443 5852 riatio
469 5789 585 5862 ejus
613 5790 841 5848 adventu
861 5833 876 5864 ,
906 5803 961 5848 ut
986 5791 1161 5849 discas
1187 5807 1396 5849 crucem
1427 5809 1543 5850 esse
1572 5809 1680 5850 rem
1714 5793 1882 5848 hono-

1305 331 1393 389 DE
1430 332 1658 391 CRUCE
1697 331 1787 390 ET
1822 334 2168 393 LATRONE.
2208 335 2436 394 HOMIL.
2478 335 2520 392 l.

3425 337 3533 397 404

1961 455 2216 523 rabilem;
2245 471 2406 528 quare
2432 466 2485 512 et
2503 456 2723 527 gloriam
2756 453 2896 510 illam
2917 455 3146 510 vocavit.
3177 461 3245 510 At
3264 456 3532 514 videamus

1956 549 2225 620 quomodo
2252 565 2372 604 cum
2399 564 2557 604 cruce
2586 549 2764 602 veniat
2797 567 2810 600 :
2845 563 3064 603 necesse
3103 549 3298 618 quippe
3335 557 3417 604 est
3445 549 3529 604 de-

1962 640 2396 695 monstrationem
2427 642 2478 694 in
2507 640 2737 694 medium
2766 640 3038 695 reducere.
3088 640 3149 693 Si
3188 640 3425 705 dixerint,
3460 641 3542 694 in-

1957 732 2089 802 quit,
2117 748 2230 785 ecce
2259 733 2310 785 in
2351 732 2687 799 penetralibus
2724 742 2795 785 est
2840 733 3098 796 Christus,
3132 748 3243 785 ecce
3269 732 3322 786 in
3347 732 3542 786 deserto

1959 834 2030 879 est
2046 841 2068 890 ;
2095 841 2158 879 ne
2169 822 2373 879 abeatis
2388 817 2600 891 (Matth.
2614 819 2703 873 24.
2719 818 2830 889 26);
2843 818 2910 874 de
2922 817 3166 875 secundo
3211 834 3263 877 et
3309 822 3542 894 glorioso

1960 929 2059 970 suo
2085 915 2311 970 adventu
2339 916 2415 969 sic
2440 916 2661 984 loquens
2693 924 2908 982 pr0pter
2935 913 3094 968 falsos
3119 913 3360 969 Christos
3378 953 3393 980 ,
3421 928 3544 982 pro-

1962 1017 2082 1077 pter
2107 1007 2264 1062 falsos
2296 1006 2611 1076 prophetas,
2647 1015 2863 1075 propter
2888 1005 3302 1088 Anticlirislum,
3332 1020 3400 1059 ne
3427 1003 3545 1074 quis

1962 1099 2215 1154 seductus
2258 1098 2310 1153 in
2357 1097 2505 1152 illum
2552 1097 2826 1150 inrideret.
2855 1097 2987 1164 Quia
3019 1095 3160 1150 enim
3188 1095 3546 1149 Antichristus

1961 1200 2214 1246 venturus
2238 1199 2319 1244 est
2337 1198 2462 1243 ante
2482 1188 2774 1249 Christum,
2798 1202 2865 1241 ne
2881 1188 3000 1257 quis
3022 1195 3285 1254 pastorem
3305 1200 3547 1254 quaerens

1964 1282 2016 1336 in
2045 1282 2223 1351 lupum
2252 1279 2468 1345 incidat,
2494 1279 2691 1335 idcirco
2713 1277 2964 1333 indicium
2994 1277 3086 1332 tibi
3117 1276 3184 1330 do
3205 1275 3432 1345 pastoris
3453 1275 3549 1330 ad-

1964 1383 2175 1428 ventus.
2203 1372 2335 1427 Nam
2363 1373 2484 1442 quia
2515 1371 2662 1441 prior
2685 1371 2800 1440 ejus
2828 1369 3084 1424 adventus
3114 1368 3281 1433 latuit,
3307 1383 3374 1422 nc
3395 1375 3548 1436 putes

1963 1469 2254 1526 secundum
2286 1469 2570 1524 adventum
2601 1467 2755 1521 talem
2789 1465 3020 1520 futurum
3052 1477 3193 1529 esse,
3227 1461 3328 1516 boc
3353 1459 3445 1516 tibi
3473 1461 3549 1514 si-

1965 1578 2127 1634 gnum
2155 1562 2318 1616 dedit.
2347 1561 2474 1616 Jure
2499 1569 2674 1614 autem
2702 1559 2790 1613 ille
2809 1558 3066 1611 adventus
3086 1556 3224 1611 clam
3254 1553 3351 1608 fuit
3375 1553 3550 1608 :venit

1965 1655 2107 1709 enim
2138 1653 2418 1723 qumsitum
2448 1650 2588 1721 quod
2619 1650 2882 1721 perierat;
2931 1656 2986 1702 at
3025 1647 3111 1700 hic
3150 1643 3416 1700 secundus
3444 1658 3548 1696 nou

1969 1745 2062 1810 ita,
2106 1744 2201 1800 sed
2239 1743 2541 1814 quomodo,
2571 1743 2792 1812 qumso?
2824 1740 2970 1794 Sicut
3009 1739 3141 1792 enim
3175 1737 3344 1808 fulgur
3365 1735 3465 1789 exit
3490 1735 3553 1785 ab

1972 1835 2196 1897 Oriente,
2222 1844 2267 1888 et
2293 1843 2502 1904 apparet
2524 1849 2680 1902 usque
2708 1833 2773 1884 ad
2803 1831 3142 1892 Occidentem,
3173 1829 3244 1882 sic
3274 1827 3364 1881 erit
3389 1835 3435 1880 et
3461 1827 3554 1877 ad-

1968 1936 2142 1982 uentus
2188 1925 2315 1980 Filii
2365 1926 2580 1980 hominis
2627 1922 2788 1993 (ibid.
2822 1939 2869 1976 υ.
2899 1920 3025 1992 27).
3053 1920 3340 1975 Confestim
3384 1918 3556 1973 omni-

1968 2021 2069 2076 bus
2093 2019 2384 2090 apparebit,
2417 2017 2724 2087 neminique
2753 2018 3078 2082 interrogaui
3104 2029 3238 2081 opus
3259 2012 3393 2077 erit,
3427 2027 3553 2065 num

1971 2115 2058 2169 hic
2079 2156 2094 2181 ,
2125 2129 2251 2168 num
2283 2113 2390 2167 illic
2416 2112 2485 2166 sit
2507 2110 2772 2166 Christus.
2807 2107 3262 2177 Quemadmodum
3293 2105 3431 2160 enim
3458 2118 3556 2173 ap-

1971 2214 2192 2278 parente
2216 2206 2437 2276 fulgure,
2467 2191 2574 2259 non
2606 2218 2740 2274 opus
2767 2210 2849 2257 cst
2876 2201 3181 2272 perquirere
3208 2215 3273 2252 an
3295 2211 3557 2268 apparuec

1969 2299 2074 2364 rit;
2122 2298 2201 2352 sic
2241 2306 2295 2352 et
2328 2297 2382 2351 in
2409 2295 2637 2350 adventu
2663 2293 2857 2348 Christi
2891 2307 2993 2346 non
3020 2305 3153 2361 opus
3180 2291 3282 2346 crit
3316 2302 3556 2360 quaerere

1970 2404 2038 2445 an
2061 2388 2309 2445 Christus
2339 2387 2632 2443 advenerit.
2665 2388 2732 2442 At
2761 2385 2900 2456 quod
2932 2383 3186 2454 qumritur
3211 2389 3311 2442 est,
3339 2396 3405 2434 an
3433 2395 3556 2434 cum

1974 2494 2131 2536 cruce
2155 2488 2412 2533 venturus
2450 2478 2519 2532 sit
2550 2494 2563 2530 :
2593 2491 2696 2532 non
2729 2477 2871 2530 enim
2904 2474 3149 2544 promissi
3173 2471 3323 2527 obliti
3351 2485 3555 2525 sumus.

1972 2572 2110 2627 Audi
2157 2571 2316 2641 igitur
2352 2586 2435 2636 ea,
2469 2585 2586 2640 qua:
2634 2575 2946 2638 sequuntur.
2978 2565 3140 2628 Tunc,
3169 2563 3368 2633 inquit;
3409 2571 3556 2625 tunc,

1973 2666 2346 2737 quandonam?
2375 2663 2498 2719 Cum
2521 2662 2709 2716 venerit
2742 2659 2903 2713 Filius
2923 2658 3159 2722 hominis,
3178 2657 3254 2710 sol
3273 2653 3561 2709 obscurabio

1976 2770 2097 2827 tur,
2139 2767 2183 2813 et
2240 2758 2361 2812 luna
2425 2772 2525 2810 non
2577 2753 2714 2808 dabit
2772 2753 2929 2807 lucem
2983 2766 3126 2805 suam
3181 2745 3312 2821 (Ib.
3345 2763 3395 2800 υ.
3425 2743 3559 2816 29

1977 2850 2146 2904 Tanta
2187 2849 2327 2903 enim
2368 2855 2494 2902 tunc
2537 2846 2639 2900 erit
2684 2843 2813 2898 lucis
2855 2842 3028 2910 cepis,
3073 2849 3133 2894 ut
3177 2837 3563 2908 Splendidiorcs

1975 2942 2144 2997 stella:
2166 2939 2514 2994 obscuranda:
2534 2937 2660 2991 sint.
2689 2934 2829 2988 Tunc
2845 2933 3002 2987 stella:
3014 2931 3210 2994 cadent,
3230 2940 3346 2982 tunc
3361 2929 3562 2998 signum

1977 3029 2104 3086 Filii
2131 3030 2343 3082 hominis
2370 3026 2630 3098 apparebit
2666 3026 2719 3079 in
2743 3025 2887 3078 caelo.
2919 3023 3105 3077 Vidcn‘
3133 3029 3327 3090 quanta
3356 3019 3420 3073 sit
3447 3019 3559 3071 vir-

1979 3132 2064 3179 tus
2092 3123 2225 3192 signi
2248 3119 2458 3175 crucis?
2488 3118 2580 3174 Sol
2609 3116 3000 3180 obscurahitur,
3031 3123 3083 3169 et
3111 3113 3234 3168 luna
3265 3127 3370 3166 non
3393 3125 3562 3181 appa-

1978 3214 2159 3270 rebit:
2193 3211 2319 3266 illud
2348 3226 2474 3265 vero
2518 3209 2685 3279 fulget
2732 3216 2787 3262 et
2830 3214 3077 3276 apparet,
3123 3215 3179 3260 ut
3215 3204 3391 3258 discas
3435 3201 3565 3256 illud

1979 3319 2096 3360 esse
2123 3303 2450 3374 Splendidius
2469 3300 2582 3355 sole
2603 3311 2652 3354 et
2677 3299 2824 3354 luna.
2850 3299 2926 3352 Ac
2946 3295 3412 3367 quemadmodum,
3438 3309 3567 3363 rege

1981 3398 2033 3452 in
2064 3398 2250 3452 urbem
2273 3395 2522 3460 intrante,
2555 3393 2748 3447 milites
2789 3399 3004 3460 accepta
3051 3389 3220 3458 signa,
3263 3397 3316 3440 ut
3349 3396 3560 3450 vocant,

1979 3496 2190 3560 gestant
2216 3487 2452 3542 humeris
2475 3529 2490 3552 ,
2523 3485 2639 3553 ejus
2665 3485 2962 3553 ingressum
3004 3480 3417 3550 przenuntiantcs
3447 3494 3461 3531 :
3487 3477 3566 3532 sic

1981 3591 2036 3636 et
2063 3579 2287 3634 Domino
2314 3575 2670 3632 descendente
2713 3574 2778 3628 de
2817 3573 2983 3636 caelis,
3011 3571 3274 3642 praeibuut
3300 3569 3565 3624 exercitus

1981 3671 2290 3743 angelorum
2333 3679 2387 3725 et
2429 3667 2893 3736 archangelorum,
2925 3666 3130 3734 signum
3160 3659 3460 3731 hujusmodi
3489 3659 3566 3714 fe-
3619 3740 3630 3754 ⁸

1983 3776 2161 3820 rentes
2192 3763 2447 3822 humeris,
2473 3769 2524 3814 et
2549 3763 2749 3830 regium
2779 3759 2894 3826 ejus
2923 3758 3216 3826 ingressum
3251 3753 3403 3807 nobis
3433 3766 3568 3821 prae-

1981 3854 2304 3909 nuntiantes.
2362 3849 2506 3904 Tunc
2558 3846 2992 3902 commovebuntur
3057 3843 3292 3924 Virtutes,
3323 3842 3572 3920 calatum

1983 3947 2193 4018 (Ibid),
2228 3945 2294 3998 de
2321 3942 2522 4012 angelis
2548 3940 2781 4010 loquitur
2807 3955 2818 3990 :
2844 3945 3044 3999 tremor
3064 3923 3425 4013 a'p'jﬁchcndet
3451 3957 3566 4009 eos,

1985 4046 2039 4094 et
2069 4038 2226 4091 timor
2251 4048 2494 4104 magnus.
2517 4032 2584 4091 Et
2602 4031 2716 4100 cur,
2734 4034 2952 4107 quaeso?
2975 4033 3330 4088 Tremendum
3353 4036 3457 4086 erit
3477 4033 3571 4086 tri-

1983 4129 2143 4188 bunal
2170 4128 2337 4205 illud:
2365 4131 2609 4186 universa
2630 4129 2824 4200 quippe
2839 4137 3023 4183 natura
3043 4137 3222 4181 nostra
3236 4125 3458 4195 judicari
3476 4125 3569 4181 de-

1986 4217 2095 4295 bet,
2111 4237 2165 4284 et
2182 4231 2392 4282 adstare
2418 4233 2540 4279 ante
2563 4220 2948 4277 formidabilem
2967 4220 3112 4274 illum
3127 4218 3379 4289 judicem.
3395 4217 3572 4284 Quare

1985 4336 2113 4391 ergo
2138 4319 2312 4388 angeli
2339 4317 2527 4371 timent
2563 4324 2617 4370 et
2655 4312 3084 4367 exhorrescunt?
3128 4325 3300 4380 neque
3322 4308 3463 4365 enim
3496 4308 3571 4363 illi

1983 4412 2252 4486 judicandi
2297 4418 2439 4464 sunt.
2484 4404 2941 4476 Quemadmodum
2979 4403 3250 4473 judicante
3299 4401 3568 4471 principe,

1987 4521 2094 4560 non
2123 4504 2199 4558 rei
2232 4511 2434 4556 tantum
2462 4541 2476 4565 ,
2509 4499 2602 4553 sed
2627 4498 2785 4554 etiam
2813 4496 2900 4550 alii
2929 4511 2994 4552 ex
3026 4494 3230 4557 militia,
3259 4493 3350 4564 qui
3376 4492 3572 4546 nullius

1988 4596 2087 4651 sibi
2118 4592 2357 4649 criminis
2391 4589 2588 4645 conscii
2631 4597 2792 4654 sunt,
2823 4589 3013 4642 timent
3035 4594 3088 4640 et
3114 4583 3332 4638 horrent
3357 4583 3427 4638 ob
3454 4599 3571 4638 me-

1989 4699 2098 4742 tum
2142 4685 2343 4740 iudicis
2373 4699 2388 4737 :
2423 4684 2493 4736 ita
2523 4690 2577 4736 et
2604 4689 2727 4735 tunc
2753 4695 2872 4734 cum
2900 4677 2966 4731 de
2995 4687 3181 4730 natura
3211 4683 3390 4729 nostra
3423 4673 3574 4742 judi~-.

1987 4779 2209 4840 cabitnr,
2240 4775 2435 4830 nullius
2467 4773 2590 4827 mali
2621 4772 2720 4826 sibi
2746 4769 2945 4826 conscii
2973 4769 3144 4837 angeli
3174 4767 3467 4831 timebunt,
3500 4767 3571 4821 ob

1989 4869 2301 4923 immensam
2349 4864 2551 4919 Judicis
2600 4861 2952 4915 formidinem.
3000 4858 3197 4912 Verum
3242 4873 3406 4927 quare
3450 4865 3574 4910 tunc

1988 4979 2117 5019 crux
2141 4960 2434 5030 apparebit,
2458 4965 2512 5012 et
2536 4972 2630 5012 cur
2651 4971 2771 5010 cum
2795 4953 2881 5008 illa
2903 4961 3154 5006 venturus
3175 4952 3287 5006 est?
3316 4950 3380 5007 Ut
3406 4949 3460 5015 ii,
3483 4949 3574 5018 qui

1990 5055 2136 5110 illum
2161 5051 2557 5114 crucilixerunt,
2583 5047 2772 5117 ingrati
2801 5046 2973 5100 animi.
2993 5043 3387 5113 sniinequitiam
3410 5054 3575 5110 agno-

1989 5155 2174 5202 scant:
2205 5145 2324 5199 ideo
2348 5143 2558 5196 illorum
2584 5137 2924 5209 impudentiae
2965 5134 3263 5206 symbolum
3306 5128 3570 5184 ostendet.

1990 5239 2142 5308 Quod
2170 5248 2346 5294 autem
2377 5235 2497 5290 ideo
2527 5233 2667 5287 illam
2695 5231 2952 5284 allaturus
2979 5229 3075 5290 sit,
3107 5223 3227 5278 audi
3256 5219 3570 5291 prophetam

1992 5332 2352 5387 declarantem
2410 5345 2423 5381 :
2475 5323 2622 5379 Tum:
2672 5322 2908 5393 plangent
2961 5316 3114 5370 tribus
3163 5323 3309 5366 terra:
3363 5309 3470 5382 (Ib.
3522 5325 3572 5364 υ.

1992 5425 2104 5496 50).
2133 5423 2373 5477 videntes
2397 5427 2783 5479 accusatorem,
2810 5422 2864 5466 et
2892 5419 3164 5480 peccatum
3195 5413 3570 5496 agnoscentes.

1992 5494 2178 5572 Iit-cur
2207 5513 2417 5569 miraris
2461 5511 2504 5566 si
2549 5521 2760 5563 crucem
2803 5511 3018 5572 gestans
3059 5498 3254 5562 veniet,
3279 5494 3492 5566 quando
3522 5503 3577 5577 et

1992 5609 2102 5678 ipsa
2148 5607 2363 5659 vulnera
2409 5613 2535 5655 tunc
2577 5593 2854 5678 ostendet?
2901 5592 3031 5646 Nam
3075 5590 3195 5678 ait:
3237 5586 3484 5641 Videbunt
3523 5587 3577 5640 in

1991 5673 2136 5770 quem
2177 5697 2534 5764 transﬁxerunt
2585 5677 2783 5761 (Zaeh.
2817 5686 2901 5740 12.
2937 5682 3067 5753 10).
3094 5673 3574 5770 Quemadmodum

1995 5767 2136 5846 enim
2168 5803 2288 5859 erga
2317 5785 2576 5841 Thomam
2601 5779 2741 5848 fecit,
2772 5793 2914 5846 cum,
2942 5785 3007 5833 ut-
3025 5772 3269 5846 discipuli
3289 5767 3576 5828 increduli-
