3906 6224
372 319 478 376 4013

373 443 531 488 tatem
562 429 890 497 emendaret,
919 432 1148 488 ostendit
1175 433 1223 489 oi
1247 433 1466 490 ﬁxuram
1484 432 1751 488 clavorum
1774 442 1827 486 et
1845 432 1962 486 vul-

375 542 500 580 nera
541 525 726 580 dicens
760 544 774 578 :
803 524 948 596 Infer
975 542 1176 578 manum
1212 535 1369 588 luam,
1402 534 1449 578 et
1473 525 1586 578 vide
1609 525 1726 593 quia
1751 526 1962 593 spiritus

374 633 576 669 carnem
599 625 645 668 et
672 633 786 669 ossa
811 632 911 668 non
937 614 1079 668 habet
1110 614 1285 685 (Joan.
1316 615 1406 670 20.
1433 615 1531 680 27;
1561 613 1685 668 Luc.
1715 615 1804 671 2t.
1836 615 1956 687 59);

375 709 453 762 sic
473 717 528 762 et
555 718 679 762 tunc
704 707 945 762 ostendet
970 707 1187 761 vulnera
1211 716 1264 761 et
1287 723 1522 776 crucem,
1549 718 1604 762 ut
1632 709 1962 766 demonstret

378 797 518 855 hunc
543 801 714 867 ipsum
741 815 858 854 esse
883 798 972 870 qui
996 800 1277 854 cruciﬁxus
1309 800 1422 854 fuit.

449 891 504 946 5.
531 892 712 961 Neque
736 908 800 946 ex
831 908 989 948 cruce
1020 901 1242 957 tantum,
1271 893 1363 948 sed
1394 894 1551 948 etiam
1580 911 1643 951 ex
1674 896 1850 951 verbis
1878 895 1959 950 his

375 985 429 1039 in
461 1001 617 1040 cruce
648 987 865 1055 prolatis
897 987 1209 1045 immensam
1246 987 1358 1057 ejus
1383 988 1760 1059 benignitatem
1778 989 1960 1044 videre

374 1089 456 1133 est
484 1097 499 1134 :
527 1079 811 1133 cruciﬁxus
836 1080 1001 1147 enim,
1029 1079 1286 1143 dicteriis,
1313 1081 1586 1135 cachinnis
1606 1092 1659 1134 et
1679 1080 1848 1150 sputis
1874 1081 1961 1136 de-

375 1172 684 1228 honestatus
711 1174 921 1230 diccbat
955 1195 966 1228 :
997 1175 1172 1240 Pater,
1193 1177 1387 1230 dimitte
1413 1178 1515 1230 illis
1540 1186 1796 1248 peceatum
1822 1195 1838 1233 :
1860 1196 1958 1233 non

371 1267 505 1318 enim
528 1267 693 1320 sciunt
721 1267 842 1336 quid
868 1269 1060 1338 faciunt
1087 1269 1102 1338 (
1131 1267 1257 1322 Luc'.
1285 1268 1375 1324 25.
1407 1270 1474 1324 ’54
1577 1271 1644 1325 Ει
1671 1270 1959 1326 cruciﬁxus

373 1372 471 1425 pro
517 1358 946 1428 cruciﬁgentibus
993 1368 1280 1428 precatur:
1313 1377 1630 1432 quamquam
1665 1362 1738 1416 illi
1772 1372 1960 1417 contra

369 1451 617 1505 dicebant
649 1469 663 1506 :
696 1452 755 1506 Si
785 1451 950 1507 Filius
971 1453 1072 1506 'Dei
1109 1471 1193 1517 es,
1229 1453 1472 1508 descende
1494 1455 1557 1508 de
1585 1471 1748 1520 cruce,
1780 1465 1826 1509 et
1852 1472 1958 1510 cre-

372 1542 545 1596 demus
569 1543 655 1595 tibi
683 1543 702 1613 (
728 1543 911 1598 Matth.
942 1544 1030 1598 27.
1059 1545 1146 1599 40.
1176 1554 1220 1599 et
1246 1545 1372 1617 42).
1402 1547 1560 1618 Atqui
1588 1547 1706 1600 ideo
1734 1547 1820 1604 ille
1850 1562 1957 1601 non

371 1631 646 1688 descendit
667 1633 732 1689 de
757 1650 937 1700 cruce,
960 1639 1080 1705 quia
1113 1635 1280 1691 Filius
1312 1637 1402 1691 Dei
1429 1647 1534 1701 est;
1567 1645 1620 1691 et
1646 1637 1765 1692 ideo
1788 1639 1955 1704 venit,

374 1732 432 1777 ut
474 1726 877 1795 cruciﬁgeretur
925 1743 1021 1797 pro
1067 1728 1239 1785 nobis.
1289 1728 1551 1783 Descende
1579 1730 1640 1785 de
1671 1746 1838 1794 cruce,
1873 1730 1956 1784 in-

369 1819 578 1887 quiunt,
610 1830 653 1872 et
683 1822 941 1874 credemus
968 1822 1073 1874 tibi.
1107 1822 1229 1878 Hinc
1254 1824 1415 1878 verba
1453 1832 1596 1889 sunt,
1629 1833 1683 1878 et
1710 1824 1957 1880 incredu-

371 1907 532 1962 litatis
561 1909 827 1965 obtentus.
876 1911 1006 1965 Nam
1036 1913 1204 1966 multo
1239 1914 1410 1982 majus
1436 1925 1548 1968 erat
1574 1915 1745 1983 lapide
1771 1931 1958 1984 super-

371 2004 546 2071 posito
574 2019 641 2059 ex
671 2007 915 2074 sepulcro
941 2023 1238 2077 resurgere,
1266 2024 1420 2079 quam
1453 2010 1521 2064 de
1549 2026 1708 2068 cruce
1736 2012 1960 2070 descen-

369 2093 529 2158 dere;
572 2096 739 2150 mullo
765 2097 936 2166 majus
965 2107 1076 2153 erat
1110 2110 1377 2154 mortuum
1414 2102 1645 2158 vinctum
1674 2113 1727 2158 et
1751 2105 1956 2174 quatri-

369 2185 602 2239 duanum
650 2186 910 2242 Lazarum
965 2205 1084 2243 cum
1139 2191 1266 2260 ipsis
1313 2190 1492 2247 fasciis
1539 2209 1569 2248 e
1613 2205 1958 2250 monumento

369 2275 619 2344 educere,
646 2295 804 2346 quam
841 2279 909 2334 de
935 2297 1091 2336 cruce
1117 2281 1465 2338 descendere.
1511 2284 1592 2339 llii
1623 2286 1781 2354 igitur
1809 2286 1955 2343 dice-

369 2367 496 2420 bant
528 2386 540 2422 :
571 2369 632 2422 Si
659 2370 826 2424 Filius
871 2371 966 2425 Dei
1007 2390 1092 2437 es,
1134 2374 1328 2428 salvum
1367 2376 1450 2442 [ac
1493 2377 1806 2447 temetipsum
1830 2379 1954 2434 :ille

367 2471 497 2511 vero
526 2459 655 2512 nihil
687 2476 790 2514 non
819 2464 1042 2532 agebat,
1088 2472 1146 2518 ut
1186 2466 1301 2519 illos
1333 2467 1476 2535 ipsns
1501 2469 1590 2538 qui
1619 2484 1678 2523 se
1701 2470 1954 2526 conviciis

366 2551 663 2607 onerabant
693 2555 873 2611 salvos
898 2555 1115 2622 faceret,
1145 2557 1327 2612 dicens
1359 2577 1372 2612 :
1404 2558 1608 2614 Dimitte
1640 2560 1742 2615 illis
1777 2578 1953 2627 pecca-

370 2652 476 2697 tum
527 2659 548 2698 :
592 2661 691 2698 non
715 2651 1771 2724 enimsciuntquidfaciunt(Luc.25.54).
1816 2654 1955 2723 Quid

369 2735 561 2803 igitur?
588 2753 712 2792 num
740 2738 842 2791 illis
874 2750 1146 2807 peccatum
1173 2741 1411 2798 dimisit?
1433 2745 1731 2801 DimiSIsset
1750 2747 1951 2816 utique,

369 2829 413 2880 si
443 2827 734 2885 voluissent
765 2834 1128 2899 paenitentiam
1173 2850 1350 2905 agere.
1392 2836 1444 2890 Si
1491 2837 1632 2892 enim
1666 2853 1770 2892 non
1799 2839 1956 2895 dimi-

368 2923 523 2976 sisset
555 2924 657 2978 illis
680 2935 975 2992 peccatum,
1000 2943 1288 2997 numquam
1322 2930 1511 2984 Paulus
1537 2931 1722 2986 fuisset
1741 2942 1956 3003 aposto-

367 3013 451 3067 lus
482 3032 495 3067 :
529 3015 572 3070 si
618 3030 721 3070 non
767 3016 1055 3072 dimisisset
1100 3019 1202 3073 illis
1245 3031 1541 3088 peccatum,
1579 3038 1683 3076 non
1727 3024 1824 3078 tria
1867 3024 1954 3080 illa

369 3107 557 3171 millia,
590 3123 693 3162 non
716 3111 949 3180 quinque
976 3113 1160 3176 millia,
1197 3129 1299 3167 non
1331 3114 1510 3170 multae
1542 3117 1806 3188 myriades
1830 3133 1954 3173 crc-

368 3198 649 3255 didissent.
709 3201 859 3269 Quod
912 3203 1054 3258 enim
1101 3205 1283 3259 multa:
1325 3205 1632 3262 Judzrorum
1689 3210 1955 3281 myriades

369 3291 724 3358 crediderint,
761 3293 884 3348 audi
915 3295 1038 3364 quid
1075 3297 1300 3366 apostoli
1336 3297 1497 3353 Paulo
1525 3299 1742 3356 dicant:
1786 3299 1951 3366 Vides,

369 3386 546 3452 frater,
576 3395 695 3452 quot
741 3387 839 3440 sint
879 3389 1130 3458 myriades
1170 3386 1468 3444 Iudaeorum
1514 3391 1599 3462 qui
1635 3392 1955 3448 crediderunt

369 3475 502 3548 (Act.
532 3475 620 3532 2t.
647 3476 762 3548 20).

441 3543 699 3617 Frequens
722 3543 854 3602 circa
893 3551 1167 3605 orationem
1186 3567 1279 3621 pro
1306 3552 1522 3608 inimicis
1547 3553 1847 3611 admonitio.
1879 3586 1952 3598 —

369 3637 642 3693 Imitemur
665 3641 840 3709 itaque
867 3642 1172 3710 Dominum,
1199 3652 1252 3698 et
1277 3660 1371 3712 pro
1395 3645 1621 3702 inimicis
1649 3661 1946 3716 precemur:

369 3731 610 3786 eamdem
639 3734 779 3786 enim
805 3734 1228 3788 cohortationem
1256 3751 1490 3803 resumo,
1515 3737 1624 3805 jam
1651 3739 1838 3808 quinto
1865 3738 1952 3794 die

369 3823 520 3880 vobis
545 3824 611 3880 de
635 3825 825 3881 eodem
859 3835 1170 3898 argumento
1212 3828 1440 3896 dissero,
1483 3844 1587 3886 non
1615 3831 1765 3901 quasi
1795 3831 1949 3886 inob-

380 3868 520 3880 ην...
545 3868 611 3880 ..ν
636 3868 825 3881 ..ν-ν...
859 3868 1168 3898 ...δ-...μην
1212 3868 1440 3896 .......-...,
1484 3868 1587 3886 ..νη
1615 3868 1765 3901 qua...
1795 3868 1949 3886 mu..—

144 3868 1232 4008 Wﬂetﬁabsit;
1263 3922 1356 3977 sed
1379 3938 1601 3993 sperans
1624 3939 1718 3978 vos
1745 3925 1949 3979 obtem-

362 4002 641 4098 peraturos
667 4041 804 4082 esse.
833 4002 1288 4096 Quod-siquis}!!!
1313 4014 1448 4100 dllj‘i.
1485 4016 1723 4072 iracundi
1747 4025 1801 4073 et
1828 4033 1947 4072 mo-

366 4119 494 4183 rosi,
527 4119 616 4189 qui
640 4119 833 4172 nostris
858 4118 998 4172 circa
1029 4117 1323 4172 orationem
1363 4108 1709 4198 manliis-Ilo?
1741 4123 1947 4164 morem

365 4221 569 4279 gerant,
589 4226 655 4267 ex
686 4225 907 4265 numero
935 4210 1123 4264 saltem
1154 4208 1358 4264 dierum
1387 4207 1673 4283 pudefacti,
1717 4201 1948 4262 inimiei-
1981 4240 1984 4243 -

367 4305 466 4358 tias
494 4312 547 4358 et
580 4303 878 4359 simultates
905 4302 1191 4371 deponent.
1225 4300 1436 4357 Imitare
1467 4301 1746 4356 Dominum
1775 4319 1788 4354 :
1818 4317 1943 4356 cru-

365 4395 554 4450 ciﬁxus
579 4405 679 4459 est,
709 4403 763 4449 et
787 4410 883 4464 pro
910 4393 1335 4462 cruciﬁgentibus
1351 4392 1561 4446 Patrem
1587 4392 1943 4466 compellavit.

366 4486 433 4542 Et
462 4486 729 4558 quomodo
774 4485 992 4556 possim,
1025 4485 1254 4555 inquies,
1287 4483 1566 4538 Dominum
1613 4482 1809 4537 imitari
1836 4484 1859 4538 ?
1889 4483 1946 4538 Si

367 4580 519 4645 velis,
543 4578 742 4649 poteris
781 4578 918 4633 :nisi
945 4578 1086 4634 enim
1119 4591 1302 4646 posses
1328 4576 1557 4639 imitari,
1589 4592 1683 4630 cur
1703 4575 1941 4642 dixisset,

371 4671 558 4725 Discite
601 4688 632 4724 a
665 4689 742 4724 me
765 4671 884 4740 quia
924 4670 1058 4723 mitis
1088 4685 1198 4722 sum
1223 4679 1270 4722 et
1310 4668 1516 4721 humilis
1553 4668 1704 4722 corde
1732 4667 1945 4737 (Matth.

367 4766 456 4820 11.
487 4765 626 4832 29)?
671 4763 780 4819 Nisi
835 4778 1020 4833 posses
1061 4762 1276 4826 imitari,
1328 4777 1430 4816 non
1470 4762 1690 4816 dixisset
1731 4761 1946 4828 Paulus,

368 4855 658 4910 Imitatores
702 4854 798 4908 mei
840 4863 1013 4920 estote,
1042 4854 1170 4908 sicut
1201 4863 1246 4907 et
1271 4869 1362 4923 ego
1393 4853 1580 4906 Christi
1615 4853 1690 4922 (Ι.
1719 4852 1944 4909 Cor-.11.

367 4948 734 5017 1).Ο;ιιιεηηιι
784 4947 830 5001 si
868 4963 972 5002 non
1009 4948 1091 5001 vis
1144 4947 1337 5000 imitari
1390 4946 1691 5007 Dominum,
1741 4946 1948 5004 imitare

365 5059 704 5104 conservum,
735 5041 1061 5112 Stephanum
1088 5043 1332 5097 videlicet
1357 5041 1654 5111 apostolum
1689 5057 1703 5092 :
1744 5040 1944 5099 etenim

368 5136 457 5192 ille
485 5135 764 5191 Dominum
811 5133 1044 5188 imitatus
1087 5142 1187 5188 est.
1219 5133 1285 5188 Et
1321 5131 1768 5202 quemadmodum
1797 5131 1950 5186 Chri-

367 5237 478 5282 stus
521 5226 660 5283 inter
685 5225 1076 5294 cruciﬁgcnles,
1111 5225 1269 5279 missa
1311 5240 1488 5289 cruce,
1514 5223 1690 5278 missis
1717 5223 1800 5290 iis,
1832 5237 1949 5292 qua:

367 5320 431 5373 ad
465 5334 522 5376 se
546 5319 875 5390 spectabant,
910 5331 1006 5387 pro
1031 5316 1460 5386 cruciﬁgentibus
1487 5331 1544 5371 se
1584 5316 1792 5372 Patrem
1822 5311 1945 5383 pre-

367 5412 622 5473 cabatur;
661 5413 732 5466 ita
775 5420 826 5465 et
859 5425 1045 5465 servus
1083 5411 1220 5464 inter
1247 5408 1562 5478 lapidantes,
1591 5407 1660 5461 ab
1699 5405 1948 5460 omnibus

370 5504 657 5571 impetitus,
689 5502 958 5572 excipiens
985 5501 1218 5571 lapidum
1241 5501 1395 5564 ictus,
1425 5503 1587 5553 misso
1609 5498 1813 5562 dolore,
1842 5510 1948 5565 quo

372 5594 496 5651 hinc
517 5595 863 5662 afﬁciebatur,
897 5595 1126 5657 dicebat,
1153 5593 1387 5653 Domine.
1421 5608 1482 5646 ne
1501 5601 1695 5645 statuas
1726 5590 1827 5643 illis
1853 5589 1946 5642 hoc

372 5695 628 5756 peccatum
658 5687 788 5756 (Act.
818 5688 870 5742 7.
899 5687 1012 5756 59).
1037 5686 1216 5740 Viden’
1245 5684 1513 5754 quomodo
1554 5684 1799 5753 loquatur
1840 5681 1944 5735 Do-

369 5777 587 5834 minus?
621 5777 806 5833 V‘iden'
836 5777 1102 5845 quomodo
1127 5785 1370 5846 precetur
1410 5792 1595 5833 servus
1617 5777 1639 5830 ἶ)
1681 5774 1770 5831 [lle
1800 5774 1946 5842 dicit,

1115 318 1176 373 8.
1215 318 1496 376 JOANNIS
1534 322 2004 380 CHRYSOSTOMI
2036 324 2349 384 ARCillI-IP.
2391 318 2926 381 CONSTANTINOF.

3543 321 3664 378 405

2068 432 2244 502 Pater,
2280 435 2473 489 dimitte
2491 437 2594 490 illis
2620 436 2714 490 hoc
2740 447 3039 506 peccatum;
3065 453 3165 492 non
3192 438 3324 492 enim
3343 438 3507 492 sciunt
3529 441 3667 511 quid

2065 528 2261 598 faciunt
2284 527 2433 600 (Luc.
2464 527 2554 581 25.
2584 528 2676 594 54)
2708 546 2722 582 :
2767 529 2852 582 hic
2891 543 3040 591 vero,
3073 527 3155 583 Ne
3183 539 3378 583 statuas
3405 531 3510 586 illis
3559 533 3668 588 hoc

2065 630 2342 690 peccatum.
2372 619 2442 676 Ut
2467 635 2594 675 vero
2624 621 2799 674 discas
2843 620 2990 675 illum
3029 621 3266 676 studiose
3292 624 3515 691 precari,
3541 638 3669 677 non

2066 723 2234 778 stans,
2284 713 2544 783 lapidibus
2571 713 2695 768 licet
2715 713 2954 778 obrutus,
2983 723 3133 781 orat,
3162 714 3256 768 sed
3289 717 3468 784 positis
3495 716 3664 786 geni-

2064 807 2165 862 bus
2190 822 2312 862 cum
2352 807 2759 875 compunctione
2798 806 3053 875 loquitur,
3082 815 3136 860 et
3161 823 3280 861 cum
3312 809 3471 861 multa
3497 825 3667 863 como

2065 899 2425 954 miseratione.
2443 899 2534 953 Vis
2563 897 2838 954 ostendam
2855 898 2945 953 tibi
2966 912 3285 953 conservum
3313 900 3469 954 alium
3489 899 3668 970 longe

2065 991 2333 1060 graviora,
2365 1005 2522 1058 quam
2554 989 2662 1054 ille,
2689 989 3020 1058 patientem?
3048 990 3242 1044 Paulus
3261 991 3356 1057 ait,
3385 991 3424 1043 Α
3447 989 3670 1044 Judwis

2067 1092 2142 1135 ter
2169 1082 2320 1152 virgis
2349 1097 2510 1137 caesus
2541 1099 2674 1149 sum,
2699 1082 2854 1136 semel
2889 1083 3145 1152 lapidatus
3170 1100 3302 1151 sum,
3336 1096 3478 1138 nocte
3500 1094 3545 1139 et
3571 1086 3671 1139 die

2063 1175 2117 1227 in
2137 1173 2392 1244 profundo
2413 1175 2492 1245 fui
2519 1173 2599 1245 (2.
2625 1173 2741 1227 Cor.
2768 1174 2855 1229 il.
2886 1175 2976 1228 24.
2995 1173 3112 1244 25).
3132 1174 3268 1241 Quid
3298 1185 3403 1228 tum
3425 1186 3620 1246 postea
3645 1178 3676 1230 ?

2068 1263 2337 1334 Optabam,
2360 1264 2545 1334 inquit,
2572 1265 2682 1333 ipse
2707 1265 2977 1318 anathema
2997 1281 3103 1319 esse
3127 1282 3218 1335 pro
3241 1267 3482 1336 fratribus
3498 1269 3662 1332 meis,

2063 1356 2289 1425 cognatis
2315 1355 2434 1410 meis
2475 1354 2752 1410 secundum
2787 1371 2989 1408 carnem
3015 1353 3194 1422 (Rom.
3227 1357 3279 1412 9.
3310 1357 3558 1427 5).Visne
3606 1369 3674 1411 et

2063 1446 2225 1502 alium
2258 1447 2458 1514 videre,
2489 1461 2592 1503 non
2616 1461 2682 1505 ex
2711 1461 2869 1511 novo,
2889 1446 2981 1501 sed
3007 1463 3072 1502 ex
3103 1450 3270 1502 veteri
3285 1447 3673 1502 Testamento?

2064 1536 2177 1592 Hoc
2201 1537 2342 1591 enim
2377 1547 2460 1592 est
2505 1538 2736 1592 maxime
2777 1539 3011 1593 omnimn
3053 1539 3313 1602 mirabile,
3365 1541 3503 1608 quod
3560 1541 3670 1595 ubi

2063 1646 2172 1685 non
2220 1631 2664 1700 pra'cipicbantur
2707 1631 2949 1687 inimicos
2992 1633 3234 1701 diligere,
3291 1633 3414 1703 quin
3469 1634 3669 1704 potius

2062 1721 2272 1776 oculum
2306 1737 2400 1789 pro
2429 1721 2584 1774 oculo
2635 1721 2966 1789 exsculpere,
2999 1733 3049 1776 et
3080 1723 3294 1776 dentem
3339 1737 3435 1792 pro
3485 1723 3668 1779 dente

2063 1810 2256 1882 (Exod.
2284 1812 2371 1867 2|.
2396 1812 2484 1868 24.
2513 1812 2627 1882 25),
2658 1813 2884 1882 atquein
2901 1813 3055 1868 malis
3083 1830 3176 1882 par
3202 1815 3313 1882 pari
3338 1814 3557 1881 referre,
3587 1816 3667 1870 ad

2061 1904 2407 1972 apostolicam
2437 1905 2779 1974 pervenerint
2807 1904 3214 1974 philosophiam.
3239 1906 3375 1960 Audi
3410 1908 3532 1976 quid
3558 1908 3667 1960 di-

2062 2007 2145 2054 cat
2162 1997 2390 2068 Moyses,
2413 1999 2499 2067 qui
2521 2012 2663 2066 sa-pe
2686 1996 2928 2052 aJudzris
2948 1997 3227 2066 lapidatus,
3251 2008 3304 2052 et
3326 2001 3666 2068 contemptui

2063 2089 2274 2145 habitus
2300 2099 2382 2144 est
2411 2090 2508 2146 :Si
2523 2089 2735 2144 dimittis
2757 2091 2860 2144 illis
2890 2101 3168 2162 peccatum,
3201 2093 3433 2157 dimitte;
3462 2094 3507 2145 si
3531 2109 3669 2146 vero

2062 2197 2182 2247 non,
2207 2182 2358 2234 etiam
2387 2197 2465 2236 me
2491 2181 2601 2236 dele
2629 2180 2692 2234 de
2706 2181 2856 2236 libro.
2875 2193 3027 2248 quem
3046 2177 3516 2247 scripsisti(Exod.
3553 2183 3665 2238 52.

2063 2274 2154 2328 5i.
2185 2272 2297 2345 52).
2327 2273 2512 2328 Viden’
2535 2271 2826 2342 quemlibet
2855 2288 2922 2327 ex
2940 2273 3100 2341 justis
3123 2273 3344 2326 aliorum
3383 2273 3667 2327 securim.-

2064 2373 2172 2420 tem
2215 2367 2569 2434 pra-posuisse
2609 2364 2764 2418 saluti
2808 2379 2918 2417 suae
2946 2363 2970 2416 ?
3001 2363 3140 2417 Nihil
3171 2363 3418 2432 peccasti,
3466 2371 3521 2418 et
3546 2379 3667 2419 cur

2064 2455 2147 2510 vis
2177 2470 2297 2510 esse
2342 2471 2526 2511 eorum
2577 2454 2822 2526 supplicii
2866 2455 3129 2510 consors?
3172 2455 3326 2523 Quia,
3377 2456 3664 2525 inquiunt,

2064 2549 2273 2604 caeteris
2315 2549 2454 2604 malo
2479 2547 2702 2611 allectis,
2727 2548 2801 2602 rei
2834 2563 2967 2604 meae
2995 2563 3266 2618 prospera:
3296 2563 3508 2603 sensum
3536 2564 3666 2604 non

2061 2640 2320 2710 percipio.
2350 2640 2475 2696 Hinc
2503 2642 2744 2709 exempla
2775 2641 2902 2696 satis
2930 2649 3148 2695 essent:
3176 2639 3242 2694 ad
3269 2641 3520 2709 majorem
3541 2655 3661 2693 au-

2062 2740 2170 2786 tem
2199 2731 2366 2786 nostri
2416 2732 2843 2787 emendationem
2886 2733 3047 2787 alium
3090 2731 3276 2786 eadem
3311 2732 3661 2801 philosophia

2063 2828 2300 2877 utentem
2330 2822 2384 2875 in
2409 2821 2640 2876 medium
2670 2823 2950 2878 adducam.
2982 2823 3053 2877 At
3103 2823 3246 2878 enim
3272 2821 3432 2877 David
3457 2823 3668 2880 beatus

2061 2915 2153 2970 ille
2203 2924 2616 2985 mansnetusque
2644 2915 2725 2970 vir
2743 2957 2756 2980 ,
2787 2925 3065 2985 postquam
3099 2917 3365 2970 exercitus
3387 2923 3527 2970 totus
3551 2915 3669 2970 de-

2059 3007 2281 3070 fecerat,
2313 3016 2477 3075 atque
2506 3023 2693 3063 necem
2721 3009 2837 3078 ejus
2863 3008 3090 3062 moliens
3118 3008 3225 3061 ﬁlio
3253 3009 3533 3063 Abesalom
3557 3017 3666 3080 ty-

2059 3099 2335 3154 rannidem
2367 3100 2663 3165 detulerat;
2709 3100 2904 3156 deinde
2949 3101 3059 3156 Deo
3106 3101 3175 3155 ob
3202 3100 3331 3156 illud
3360 3101 3560 3155 facinus
3595 3104 3664 3157 in

2060 3191 2194 3245 iram
2214 3191 2478 3246 concitato
2501 3189 2649 3263 (quid
2691 3192 2834 3246 enim
2874 3192 3097 3247 interest
3144 3193 3188 3246 si
3219 3193 3377 3246 aliam
3403 3193 3664 3247 interne-

2059 3282 2229 3337 cionis
2273 3298 2487 3338 causam
2515 3281 2811 3352 proferat?)
2845 3283 3066 3352 ipsoque
3103 3283 3346 3353 angelum
3377 3283 3663 3352 mittente,

2058 3375 2149 3444 qui
2187 3375 2429 3430 districto
2473 3375 2648 3446 gladio
2678 3376 2884 3446 plagam
2921 3391 3148 3446 superne
3168 3376 3405 3444 inferret,
3431 3377 3663 3443 videns,

2058 3466 2296 3535 inquam,
2329 3466 2494 3521 David
2537 3481 2724 3522 omnes
2747 3466 2920 3538 gladio
2949 3467 3163 3534 cadere,
3186 3468 3311 3537 quid
3342 3467 3506 3522 dicit?
3529 3466 3665 3538 Ego

2063 3560 2148 3629 qui
2169 3569 2343 3628 pastor
2364 3575 2476 3613 sum
2497 3559 2718 3629 peccavi,
2747 3568 2794 3613 et
2815 3575 2904 3629 ego
2927 3568 3099 3628 pastor
3124 3560 3292 3628 inique
3311 3561 3388 3630 egi
3408 3575 3427 3613 :
3450 3560 3514 3612 sit
3540 3577 3664 3613 ma-

2059 3665 2152 3702 nus
2177 3659 2264 3701 tua
2304 3665 2455 3718 super
2483 3665 2578 3715 me,
2608 3660 2654 3702 et
2676 3665 2826 3714 super
2853 3649 3058 3702 domum
3086 3651 3245 3718 patris
3273 3651 3366 3702 mei
3399 3650 3472 3715 (2.
3507 3649 3656 3721 Reg.

2056 3741 2145 3798 2i.
2174 3738 2284 3812 l7).
2315 3739 2474 3795 Vides
2495 3741 2688 3795 iterum
2715 3739 2908 3793 similia
2940 3740 3196 3809 praeclare
3211 3750 3356 3809 gesta
3382 3740 3405 3792 ’ἰ
3437 3740 3525 3794 Vis
3546 3755 3659 3794 os-

2058 3833 2270 3889 tendam
2320 3833 2412 3888 tibi
2457 3843 2512 3888 et
2560 3833 2760 3888 alium?
2795 3832 3134 3903 nequeenim
3173 3833 3341 3886 deerit
3367 3833 3499 3887 alter
3545 3837 3659 3903 qui

2057 3925 2245 3981 eodem
2287 3925 2448 3980 modo
2478 3925 2902 3996 philosophetur.
2939 3924 3153 3980 Samuel
3195 3923 3587 3993 ille-propheta
3615 3942 3656 3982 ει

2055 4016 2254 4072 Judaeis
2265 4016 2586 4072 contumelia
2602 4016 2824 4072 allectus
2840 4025 2942 4082 est,
2965 4015 3258 4084 depositus,
3280 4023 3654 4083 contemptus,

2056 4107 2128 4162 ita
2172 4115 2228 4162 ut
2268 4108 2408 4164 Deus
2436 4107 2609 4178 ipsum
2655 4106 2919 4162 consolari
2945 4107 3164 4175 cupiens
3193 4105 3411 4169 diceret,
3445 4103 3565 4157 Non
3583 4113 3655 4159 ιο

2054 4209 2479 4271 contempserunt,
2507 4199 2594 4253 sed
2635 4215 2714 4253 me
2737 4198 2812 4270 (1.
2846 4197 2975 4268 Reg.
3013 4198 3066 4252 8.
3099 4197 3174 4266 7).
3197 4196 3333 4262 Quid
3363 4195 3515 4265 igitur
3541 4194 3648 4252 ille

2060 4296 2426 4358 contemptus,
2447 4286 2756 4355 despectus,
2779 4280 3108 4336 contumelia
3139 4279 3398 4337 allectus?
3421 4279 3566 4332 Absit
3594 4299 3638 4335 a

2056 4400 2138 4440 me
2164 4393 2222 4436 ut
2259 4383 2336 4435 ita
2358 4394 2580 4451 peccem,
2604 4385 2661 4430 ut
2682 4390 2875 4428 cessem
2897 4389 3050 4427 orare
3065 4387 3158 4441 pro
3179 4373 3318 4426 vobis
3343 4371 3638 4425 Dominum

2059 4477 2137 4549 (i.
2157 4473 2282 4544 Reg.
2310 4471 2398 4537 l2,
2419 4469 2533 4540 25).
2553 4467 2842 4522 Peccatum
2862 4464 3072 4534 putavit
3089 4478 3209 4518 esse
3231 4480 3336 4516 non
3355 4479 3511 4517 orare
3528 4479 3637 4532 pro

2061 4570 2321 4627 inimicis.
2347 4569 2502 4623 Absit
2536 4582 2565 4622 a
2589 4581 2677 4621 me
2703 4573 2762 4618 ut
2782 4565 2854 4618 ita
2878 4578 3119 4632 peccem,
3141 4571 3202 4615 ut
3226 4575 3332 4614 non
3357 4573 3505 4612 orem
3529 4571 3638 4625 pro

2056 4663 2236 4720 vobis!
2251 4659 2502 4714 Christus
2514 4658 2674 4713 dicit:
2695 4655 3026 4718 l’ater,dimit
3036 4663 3080 4705 te
3098 4651 3204 4705 illis
3221 4659 3510 4719 peccatum;
3526 4663 3639 4701 non

2055 4760 2196 4817 enim
2217 4759 2390 4812 sciunt
2406 4755 2529 4826 quid
2550 4754 2757 4822 faciunt
2783 4749 2936 4819 (Luc.
2953 4750 3046 4814 23,
3065 4749 3178 4819 5i):
3205 4747 3513 4814 Stephanus
3536 4759 3638 4798 ve-

2058 4867 2144 4916 ro,
2168 4849 2410 4914 Domine,
2431 4862 2491 4900 ne
2511 4853 2716 4898 statuas
2743 4843 2851 4896 illis
2873 4842 2966 4895 hoc
2985 4849 3254 4909 peccatum
3281 4838 3417 4907 (Act.
3443 4836 3492 4888 ’7.
3509 4836 3635 4902 59);

2055 4941 2250 4996 Paulus
2295 4947 2493 5001 autem,
2526 4933 2777 5005 Optabam
2813 4931 3085 4985 anathema
3113 4945 3220 4983 esse
3257 4945 3348 4998 pro
3394 4927 3646 4999 fratribus

2057 5033 2199 5098 meis,
2251 5028 2474 5100 cognatis
2524 5026 2648 5080 meis
2700 5023 2976 5078 secundum
3023 5037 3224 5074 carnem
3267 5021 3439 5089 (Rom.
3468 5018 3523 5074 9.
3555 5020 3646 5087 5).

2057 5123 2263 5194 Moyses
2287 5119 2433 5183 dicit,
2459 5117 2519 5170 Si
2541 5115 2749 5169 dimittis
2770 5122 3029 5183 peccatum
3055 5111 3178 5176 illis,
3203 5110 3394 5162 dimitte
3422 5127 3439 5162 :
3460 5109 3500 5162 si
3523 5123 3648 5162 vero

2055 5233 2177 5280 non.
2207 5213 2358 5268 etiam
2388 5227 2464 5265 me
2494 5210 2604 5264 dele
2623 5209 2685 5262 de
2708 5209 2856 5272 libro,
2879 5223 3026 5277 quem
3053 5204 3300 5275 scripsisti
3323 5202 3514 5273 (Exod.
3545 5203 3644 5257 52.

2057 5310 2143 5364 51.
2176 5307 2291 5377 52);
2314 5304 2476 5360 David
2503 5319 2651 5366 vero,
2680 5302 2762 5355 Sit
2790 5317 2967 5353 manus
2999 5309 3085 5352 tua
3113 5314 3268 5368 super
3295 5313 3392 5362 me,
3422 5307 3471 5351 et
3488 5314 3649 5380 super

2056 5401 2260 5453 domum
2302 5398 2460 5468 patris
2503 5396 2599 5448 mei
2645 5389 2726 5462 (1.
2755 5392 2882 5464 Reg.
2923 5392 3014 5446 24.
3047 5392 3158 5460 l7);
3187 5390 3398 5445 Samuel
3436 5399 3643 5456 autem,

2057 5493 2196 5546 Absit
2241 5509 2272 5545 a
2297 5508 2373 5545 nte
2397 5490 2469 5544 ita
2493 5503 2714 5558 peccare,
2750 5496 2802 5538 ut
2832 5501 3042 5538 cesssem
3076 5499 3221 5536 orare
3246 5499 3338 5549 pro
3363 5482 3498 5536 vobis
3525 5480 3644 5534 Do-

2057 5587 2248 5638 minum
2278 5581 2360 5654 (1.
2383 5583 2510 5652 Reg.
2556 5579 2643 5635 12.
2683 5578 2796 5646 25).
2820 5577 2986 5644 Quam
3038 5577 3194 5646 igitur
3215 5576 3422 5631 veniam
3449 5588 3644 5629 conse-

2055 5693 2301 5746 quemur,
2335 5675 2558 5730 Domino
2585 5682 2638 5727 et
2665 5672 2832 5728 servis
2861 5683 2969 5724 tum
3002 5671 3122 5723 novi
3154 5680 3267 5724 tum
3300 5670 3496 5724 veteris
3524 5668 3636 5722 Te-

2057 5769 2304 5830 Sltlll‘lenll
2333 5765 2716 5825 concitantibus
2745 5763 2810 5820 ad
2842 5762 3132 5820 orationem
3165 5777 3259 5834 pro
3305 5760 3556 5826 inimicis,
3591 5761 3644 5820 si
