3906 6224
207 451 373 505 στίαν
416 450 812 524 διορθώσασθαι
852 452 1116 525 μαθητοῦ,
1171 455 1266 509 καὶ
1308 452 1545 516 ἀναστὰς
1591 449 1787 515 ἔδειξεν

208 534 364 606 αὐτῷ
392 535 485 589 τὸν
507 533 673 589 τύπον
715 535 826 591 τῶν
850 536 1021 608 ἥλων,
1046 536 1142 591 καὶ
1170 537 1239 590 τὰ
1265 536 1572 607 τραύματα,
1598 534 1787 599 εἰπὼν,

209 617 374 674 Βάλε
427 618 541 687 τὴν
580 619 751 690 χεῖρά
797 637 934 687 σου,
988 620 1089 677 καί
1133 619 1367 685 βλέπε,
1417 620 1505 674 ὅτι
1559 618 1793 688 πνεῦμα

207 703 414 771 σάρκα
437 704 535 759 καί
583 703 737 760 ὀστᾶ
762 706 873 760 οὐκ
901 705 1046 772 ἔχει·
1077 702 1220 759 οῦτω
1252 705 1345 759 καὶ
1377 704 1498 757 τότε
1525 703 1686 770 δείξει
1725 702 1794 757 τά

207 785 507 857 τραύματα
550 786 646 840 καὶ
690 789 780 839 τὸν
816 787 1069 859 σταυρὸν,
1119 787 1208 841 ἵνα
1253 785 1402 860 δείξῃ
1430 787 1511 841 ὅτι
1542 779 1695 849 οὗτος
1725 781 1794 857 ῆν

209 869 423 933 ἐκεῖνος
453 870 482 923 6
502 869 855 942 σταυρωθείς.

192 977 203 1027 γ
291 952 355 1008 ε’.
378 952 630 1020 Ούκάπὸ
649 954 743 1007 τοῦ
774 954 1007 1025 σταυροῦ
1024 952 1081 1011 δὲ
1108 955 1289 1026 μόνον,
1314 952 1451 1007 ἀλλά
1465 951 1560 1007 καὶ
1581 950 1687 1006 ἀπὸ
1707 948 1798 1006 αύ-

208 1034 325 1090 τῶν
352 1035 461 1089 τῶν
492 1036 751 1108 ῥημάτων
776 1037 883 1091 τῶν
908 1039 965 1091 ἐν
991 1037 1069 1109 τῷ
1092 1036 1312 1110 σταυρῷ
1332 1035 1429 1108 τὴν
1465 1036 1671 1105 ἄφατον
1699 1033 1798 1089 αὐ-

210 1118 313 1172 τοῦ
340 1119 750 1191 φιλανθρωπίαν
779 1120 927 1175 ἔστιν
962 1121 1109 1177 ἰδεῖν.
1145 1122 1265 1183 Ἔτι
1303 1120 1411 1193 γὰρ
1440 1117 1799 1192 προσηλωμέ-

211 1220 310 1266 νος
345 1203 439 1256 καὶ
479 1203 908 1274 κωμῳδούμενος
947 1206 1042 1265 καὶ
1072 1203 1526 1274 καταγελώμενος
1552 1202 1671 1256 τότε
1703 1201 1800 1256 καὶ

64 1336 83 1349 ἡ
108 1318 149 1347 ιε,
212 1286 616 1359 ἐμπτυόμενος,
646 1287 819 1356 ἔλεγε·
853 1288 1065 1357 Πάτερ,
1088 1288 1237 1357 άςρες
1258 1288 1463 1355 αὐτοῖς
1485 1285 1599 1356 τὴν
1617 1286 1801 1357 ἆμαρ·

163 1374 178 1423 1
212 1370 377 1423 τίαν·
410 1372 481 1425 οὐ
507 1372 618 1440 γὰρ
657 1370 857 1424 οῖδασι
888 1371 946 1425 τί
968 1371 1229 1425 ποιοῦσι.
1254 1370 1366 1425 Καὶ
1399 1368 1801 1441 σταυρούμενος

214 1451 365 1523 ὑπὲρ
413 1452 521 1506 τῶν
560 1452 939 1524 σταυρούντων
989 1452 1228 1524 εῦχεται·
1277 1454 1455 1508 καίτοι
1503 1454 1698 1506 ἐκείνοι
1739 1451 1800 1505 τὸ

216 1535 463 1589 ἐναντίον
478 1535 680 1603 ελεγον·
717 1539 787 1590 El
814 1538 944 1603 Υἱὸς
962 1532 1022 1591 εἴ
1045 1538 1149 1592 τοῦ
1171 1536 1340 1600 Θεοῦ,
1368 1534 1651 1603 κατάϐηθι
1680 1533 1799 1589 άπὸ

215 1618 332 1673 τοῦ
359 1620 644 1688 σταυροῦ,
668 1620 766 1673 καί
794 1618 1202 1688 πιστεύσομέν
1226 1635 1347 1683 σοι,
1371 1618 1524 1690 φησί.
1552 1617 1663 1671 Καὶ
1694 1618 1800 1689 μὴν

217 1700 379 1774 [409]
413 1703 502 1756 διά
522 1701 679 1756 τοῦτο
701 1703 762 1755 ού
789 1702 1106 1756 καταϐαίνει
1124 1703 1231 1755 ἀπὸ
1251 1701 1343 1755 τοῦ
1375 1700 1627 1774 σταυροῦ,
1652 1703 1801 1755 ἐπει-

220 1786 288 1856 δὴ
317 1786 445 1851 Υἱός
467 1787 582 1840 ἐστι
610 1786 703 1840 τοῦ
728 1786 886 1850 Θεοῦ,
915 1788 1010 1840 καὶ
1034 1786 1125 1840 διὰ
1144 1784 1300 1839 τοῦτο
1324 1780 1506 1856 ἦλθεν,
1532 1785 1619 1840 ἴνα
1647 1801 1804 1839 σταυ-

223 1867 377 1940 ρωθῇ
398 1869 539 1940 ὑπὲρ
555 1870 731 1939 ἡμῶν.
756 1870 1051 1933 Κατάϐηθι
1068 1869 1187 1923 ἀπὸ
1205 1868 1307 1922 τοῦ
1329 1867 1616 1935 σταυροῦ,
1644 1866 1799 1938 φησὶ,

220 1952 327 2005 καὶ
351 1953 760 2022 πιστεύσομέν
786 1969 903 2007 σοι.
968 1953 1216 2024 Ῥήματα
1246 1951 1438 2015 ταῦτα,
1470 1950 1564 2004 καὶ
1592 1951 1805 2021 πρόφα-

223 2051 314 2098 σις
346 2035 624 2099 ἀπιστίας.
675 2034 780 2088 Τοῦ
823 2035 934 2107 γὰρ
962 2035 1267 2104 καταϐῆναι
1293 2033 1402 2086 ἀπὸ
1446 2034 1539 2087 τοῦ
1568 2035 1801 2105 σταυροῦ

223 2116 408 2188 πολλῷ
434 2118 619 2188 μεῖζον
643 2113 711 2189 ἦν
732 2119 793 2171 τὸ
816 2118 1138 2188 ἀναστῆναι,
1172 2117 1266 2170 τοῦ
1289 2118 1438 2170 λίθου
1455 2117 1802 2188 ἐπικειμένου

218 2199 305 2270 τῷ
345 2200 520 2271 τάφῳ·
572 2201 666 2254 τοῦ
707 2200 1007 2271 καταϐῆναι
1042 2200 1151 2253 ἀπὸ
1198 2199 1292 2253 τοῦ
1353 2199 1584 2270 σταυροῦ
1622 2197 1804 2270 πολλῷ

226 2284 412 2355 μεῖζον
438 2279 507 2353 ἧν
537 2284 601 2338 τὸ
635 2284 824 2355 νεκρὸν
852 2282 1135 2354 δεδεμένον
1166 2285 1259 2337 καὶ
1279 2284 1653 2355 τετραήμερον
1673 2282 1802 2336 ὄντα

218 2366 318 2420 τὸν
346 2366 595 2436 Λάζαρον
628 2367 766 2437 μετά
807 2366 917 2419 τῶν
948 2365 1172 2438 κειριῶν
1207 2365 1498 2435 ἐξαγαγεῖν
1525 2363 1620 2419 τοῦ
1665 2366 1806 2436 μνή-

226 2468 419 2522 ματος.
453 2451 681 2505 Ἐκεῖνοι
706 2451 803 2520 μὲν
828 2444 921 2504 οὖν
942 2450 1145 2519 ἔλεγον·
1174 2452 1241 2504 El
1274 2452 1406 2518 Υίύς
1429 2447 1489 2504 εἷ
1501 2450 1609 2505 τοῦ
1633 2452 1802 2515 Θεοῦ,

221 2533 435 2590 σῶσον
465 2535 746 2589 σεαυτόν·
799 2533 963 2597 αὐτὸς
998 2533 1056 2587 δὲ
1101 2534 1278 2588 πάντα
1330 2533 1614 2605 ἔπραττεν,
1656 2535 1805 2599 ὅπως

220 2616 469 2681 ἐκείνους
496 2615 645 2688 σώσῃ
675 2617 803 2680 τοὺς
825 2616 1177 2681 ὀνειδίζοντας
1199 2616 1379 2681 αὐτὸν,
1397 2616 1591 2685 λέγων·
1631 2617 1805 2685 Ἄφες

223 2699 431 2768 αὐτοῖς
466 2700 581 2767 τὴν
614 2700 930 2769 ἁμαρτίαν·
965 2701 1038 2753 οὐ
1075 2698 1186 2769 γὰρ
1223 2699 1425 2754 οἷδασι
1454 2702 1513 2754 τί
1538 2701 1802 2755 ποιοῦσι.

224 2785 294 2838 Τί
324 2780 457 2851 οῦν;
505 2785 715 2855 ἀφῆκεν
748 2784 932 2846 αὐτοῖς
967 2784 1064 2855 τὴν
1104 2784 1406 2856 ἀμαρτίανς
1470 2786 1726 2856 Ἀφῆκεν,
1756 2787 1805 2840 εί

223 2868 507 2923 ἐϐούλοντο
538 2871 887 2939 μετανοῆσαι.
919 2869 981 2921 Εἰ
1007 2869 1116 2939 γὰρ
1144 2868 1217 2939 μὴ
1242 2867 1457 2938 ἀφῆκεν
1483 2868 1667 2932 αὐτοῖς
1704 2868 1804 2939 τὴν

227 2951 643 3022 ἀμαρτίαν,ούκ
676 2951 742 3005 ἂν
778 2951 990 3014 Παῦλος
1022 2951 1319 3016 ἀπόστολος
1360 2952 1599 3019 ἐγένετο·
1636 2954 1685 3005 εί
1728 2951 1805 3023 μὴ

224 3036 442 3106 ἀφῆκεν
471 3037 657 3099 αὐτοῖς
698 3035 796 3106 τὴν
823 3036 1118 3106 ἁμαρτίαν.
1152 3035 1253 3088 οὐκ
1275 3034 1345 3088 ἀν
1376 3035 1577 3098 εὐθέως
1604 3036 1807 3106 τρισχί-

225 3120 332 3173 λιοι
353 3120 678 3174 ἐπίστευσαν
697 3118 792 3171 καὶ
818 3118 1246 3187 πεντακισχίλιοι
1277 3119 1370 3172 καὶ
1391 3117 1581 3171 πολλαὶ
1613 3116 1807 3188 μυριά-

224 3204 335 3267 δες.
368 3204 492 3257 Ὅτι
517 3202 627 3272 γὰρ
649 3200 840 3255 πολλαὶ
866 3200 1127 3271 μυριάδες
1159 3200 1429 3254 Ἰουδαίων
1456 3200 1803 3267 ἐπίστευσαν,

224 3287 459 3341 ἄκουσον
498 3284 550 3338 τί
583 3283 833 3351 λέγουσιν
861 3284 912 3335 οἱ
954 3283 1240 3337 ἀπόστολοι
1272 3282 1352 3353 τῷ
1379 3282 1594 3353 Παύλῳ·
1656 3285 1806 3337 Θεω-

224 3368 370 3438 ρεῖς,
396 3365 642 3436 ἀδελφέ,
663 3367 849 3421 πόσαι
868 3364 1155 3435 μιφιάδες
1179 3366 1339 3420 είσὶν
1369 3365 1666 3422 Ἰουδαίων
1685 3365 1808 3421 τῶν

226 3451 717 3506 πεπιστευκότων
735 3464 753 3511 ;

301 3533 688 3604 Μιμησώμεθα
711 3532 889 3585 τοίνυν
915 3532 1007 3585 τὸν
1048 3532 1344 3603 Δεσπότην,
1395 3531 1489 3586 καλ⁵
1531 3532 1671 3606 ὑπὲρ
1694 3531 1805 3588 τῶν

227 3617 442 3689 ἐχθρῶν
461 3614 772 3687 εὐχώμεθα.
818 3615 987 3668 Πάλιν
1017 3613 1126 3684 γάρ
1166 3615 1335 3686 αὐτῆς
1368 3614 1806 3686 ἐπιλαμϐάνομαι

229 3700 334 3769 τῆς
368 3698 784 3770 παραινέσεως·
839 3698 1097 3768 πέμπτην
1141 3697 1250 3768 ἔχω
1299 3699 1539 3770 σήμερον
1594 3699 1809 3771 ἡμέραν

232 3784 375 3855 ὑπὲρ
402 3782 606 3854 ταύτης
641 3782 770 3853 ὑμῖν
796 3781 895 3853 τῆς
920 3780 1231 3846 ὑποθέσεως
1257 3781 1660 3852 διαλεγόμενος,
1688 3782 1810 3854 οὐχὶ

233 3864 661 3935 καταγινώσκων
688 3860 857 3936 ¹ὑμῶν
894 3864 1214 3936 παρακοὴν,
1253 3864 1328 3935 μὴ
1381 3864 1593 3934 γένοιτο
1613 3906 1629 3930 ,
1675 3864 1810 3919 ἀλλά

235 3948 473 4023 μάλιστα
520 3947 755 4011 ἐλπίζων
784 3948 866 4001 ὅτι
903 3947 1286 4019 πεισθήσεσθε.
1314 3948 1378 4001 Et
1415 3948 1475 4002 δέ
1517 3948 1662 4012 τινές
1704 3949 1810 4002 είσι

235 4032 464 4103 σκληροὶ
482 4031 575 4085 καὶ
601 4030 805 4103 ὀργίλοι
833 4031 926 4084 καὶ
953 4030 1346 4100 δυσανάγωγοι,
1368 4030 1510 4085 ὥστε
1534 4029 1813 4103 παρακοῦ-

234 4135 329 4172 σαι
358 4116 468 4171 τῶν
502 4115 632 4188 περὶ
655 4115 752 4186 τῆς
784 4115 949 4186 εύχῆς
982 4115 1287 4188 ῥηθέντων,
1327 4113 1430 4168 κάν
1452 4115 1545 4169 τὸν
1581 4114 1812 4186 ἀριθμὸν

233 4199 345 4254 τῶν
365 4199 586 4270 ἡμερῶν
611 4196 950 4261 αἰδεσθέντες
977 4197 1287 4251 ἀπόθωνταί
1321 4213 1451 4250 ποτε
1478 4197 1577 4267 τὴν
1611 4196 1813 4269 ἔχθραν

235 4282 334 4336 καὶ
358 4281 456 4351 τὴν
515 4279 899 4351 μικροψυχίαν.
948 4280 1202 4352 Μίμησαί
1259 4296 1355 4332 σου
1386 4279 1479 4333 τὸν
1503 4279 1810 4349 Δεσπότην·

238 4361 587 4435 ἐσταυροῦτο,
640 4364 735 4416 καὶ
777 4362 917 4433 ὑπὲρ
946 4362 1054 4416 τῶν
1104 4362 1479 4432 σταυρούντων
1510 4361 1588 4432 τῷ
1638 4362 1829 4433 Πατρὶ.

234 4446 527 4514 διελέγετο.
562 4444 671 4499 Καὶ
694 4444 811 4506 πῶς
841 4445 1091 4513 δύναμαι,
1116 4446 1268 4517 φησὶ,
1306 4445 1398 4499 τὸν
1418 4444 1695 4514 Δεσπότην
1724 4462 1814 4515 μι-

242 4528 551 4603 μήσασθαι;
588 4528 713 4581 Ἐὰν
741 4527 920 4600 θέλῃς,
948 4527 1194 4581 δύνασαι.
1220 4529 1281 4581 Εἰ
1304 4527 1378 4599 μὴ
1400 4527 1508 4599 γὰρ
1536 4522 1645 4590 οἷός
1668 4544 1728 4579 τε
1746 4524 1815 4597 ἧς

240 4612 605 4686 μιμήσασθαι,
632 4610 748 4675 πῶς
764 4611 935 4679 έλεγε,
958 4610 1185 4665 Μάθετε
1204 4611 1305 4665 ἀπ’
1327 4611 1494 4681 ἐμοῦ,
1516 4610 1605 4664 ὅτι
1626 4611 1814 4679 πρᾶός

239 4700 354 4767 ειμι
387 4697 487 4751 καί
512 4694 790 4761 ταπεινὸς
815 4694 893 4763 τῇ
919 4694 1134 4763 καρδίᾳ
1150 4713 1170 4760 ;
1193 4695 1257 4747 El
1285 4695 1360 4765 μὴ
1388 4694 1607 4747 δυνατὸν
1621 4689 1691 4765 ῆν
1721 4712 1813 4765 μι-

244 4781 543 4854 μήσασθαι,
591 4780 693 4833 οὐκ
726 4780 793 4835 ἂν
836 4779 1023 4849 ἔλεγεν
1046 4780 1075 4834 ὀ
1107 4779 1348 4843 Παῦλος·
1397 4780 1660 4849 Μιμηταί
1695 4797 1814 4849 μου

242 4866 502 4936 γίνεσθε,
523 4861 716 4930 καθὼς
746 4860 908 4932 κάγὼ
924 4861 1201 4930 Χριστοῦ.
1232 4861 1378 4932 Πλὴν
1405 4861 1518 4914 ἀλλ’
1547 4864 1606 4915 ού
1638 4862 1816 4933 βούλει

240 4947 334 5003 τὸν
382 4946 657 5019 Δεσπότην
689 4944 1067 5017 μιμήσασθαι;
1104 4943 1339 5015 μίμησαι
1379 4944 1470 4998 τὸν
1511 4943 1812 5012 σύνδουλον,

242 5028 513 5101 Σπέφανον
538 5028 683 5098 λέγω
724 5028 817 5082 τὸν
845 5026 1144 5081 ἀπόστολον
1162 5042 1177 5057 ·
1209 5026 1304 5080 καὶ
1341 5027 1451 5099 γὰρ
1489 5029 1694 5092 ἐκεῖνος
1725 5029 1817 5083 τὸν

241 5113 518 5186 Δεσπότην
541 5114 871 5185 ἐμιμήσατο.
897 5111 1009 5165 Καὶ
1028 5110 1278 5182 καθάπερ
1298 5111 1327 5164 6
1350 5113 1584 5183 Χριστὸς
1615 5112 1817 5184 μεταξὺ

242 5195 352 5251 τῶν
383 5195 780 5268 σταυρούντων,
807 5194 966 5265 ἀφεὶς
997 5194 1089 5248 τὸν
1122 5193 1379 5266 σταυρὸν,
1411 5195 1572 5263 ἀφεὶς
1598 5196 1667 5249 τὰ
1694 5197 1817 5250 καθ’

244 5280 457 5344 ἑαυτὸν,
483 5278 626 5351 ύπέρ
652 5279 759 5333 τῶν
794 5277 1168 5349 σταυρούντων
1218 5279 1527 5350 παρακαλεῖ
1559 5280 1651 5332 τὸν
1704 5282 1818 5335 Πα-

243 5362 406 5433 τέρα·
437 5363 581 5417 οῦτω
630 5362 725 5417 καὶ
772 5364 802 5416 6
852 5361 1036 5427 δοῦλος
1076 5362 1277 5433 μεταξὺ
1310 5361 1420 5416 τῶν
1468 5360 1815 5429 λιθαζόντων,

249 5445 573 5517 βαλλόμενος
602 5444 707 5499 ὑπὸ
739 5440 956 5500 πάντων
981 5485 997 5506 ,
1043 5444 1329 5516 δεχόμενος
1372 5445 1472 5509 τὰς
1500 5444 1660 5515 βολὰς
1713 5448 1820 5501 τῶν

247 5527 431 5589 λίθων,
448 5527 544 5583 καὶ
570 5526 670 5595 τὰς
694 5528 885 5592 ὀδύνας
904 5528 1004 5592 τὰς
1025 5529 1089 5581 ἐκ
1106 5527 1308 5581 τούτων
1333 5529 1625 5599 γινομένας
1641 5530 1820 5600 ἀφεὶς,

247 5611 402 5681 ιλεγε
417 5628 431 5643 ·
449 5612 644 5683 Κύριε,
657 5612 743 5683 μὴ
765 5611 1003 5682 στήσῃς
1023 5611 1229 5677 αὐτοῖς
1245 5611 1358 5679 τὴν
1372 5612 1665 5684 ἁμαρτίαν
1687 5615 1824 5671 ταύ-

249 5709 381 5762 την.
414 5692 566 5758 Εἶδες
600 5695 718 5759 πῶς
746 5695 1100 5763 διαλέγεταιό
1131 5694 1291 5759 Υἱός;
1333 5691 1470 5760 εἶδες
1503 5696 1618 5761 πῶς
1646 5697 1823 5751 δέεται

260 5778 525 5846 ὀδοῦλοςς
570 5776 804 5844 Ἐκεῖνός
847 5792 1002 5852 φησι·
1057 5779 1272 5849 Πάτερ,
1307 5778 1453 5849 ἄφες
1478 5779 1679 5847 αὐτοῖς
1712 5781 1826 5850 τὴν

1174 336 1263 394 DE
1299 335 1530 395 CBUCE
1566 333 1657 390 ΕΤ
1688 328 2031 389 LATRONE.
2078 329 2312 388 IIOIIIL.
2353 331 2396 390 1.

3359 329 3467 389 406

1899 448 2194 526 ἁμαρτίαν
2220 450 2446 519 ταύτην
2467 464 2481 480 ·
2507 448 2580 503 οὐ
2603 448 2712 519 γὰρ
2728 447 2928 504 οῐδασι
2946 449 3005 504 τί
3033 448 3311 505 ποιοῦσιν
3336 467 3351 483 ·
3374 445 3471 507 οὖσ-

1894 548 1986 598 τος
2010 533 2068 586 δέ
2096 550 2248 605 φησι·
2274 533 2471 601 Κύριε,
2496 531 2583 602 μὴ
2606 530 2847 602 στήσῃς
2887 531 3092 599 αὐτοῖς
3123 533 3238 601 τὴν
3281 534 3466 605 ἁμαρ-

1898 616 2035 670 τίαν
2067 618 2309 684 ταύτην.
2338 616 2449 671 Καὶ
2472 616 2559 669 ίνα
2588 613 2765 687 μάθῃς
2791 616 2874 669 ὅτι
2896 614 3037 685 μετά
3060 616 3292 688 σπουδῆς
3317 616 3469 688 εὔχε-

1894 715 2007 761 ται,
2036 699 2134 768 οὐχ
2181 698 2367 761 ἁπλῶς
2401 696 2619 768 εὔχεται
2673 695 2844 762 ἑστὼς
2889 697 2985 752 καὶ
3017 699 3471 771 καταλευόμενος,

1895 781 2032 836 ἀλλά
2061 781 2175 846 θεὶς
2206 783 2273 837 τὰ
2325 782 2529 851 γόνατα
2574 777 2695 837 εἷπε
2732 783 2870 852 μετὰ
2912 783 3279 849 κατανύξεως,
3331 785 3471 857 μετὰ

1896 863 2095 935 πολλῆς
2131 863 2493 935 συμπαθείας.
2525 864 2712 919 Βούλει
2744 882 2825 918 σοι
2847 864 3003 933 δείξω
3036 866 3313 921 καὶσάλλον
3345 867 3471 921 σύν-

1892 948 2078 1003 δουλον
2113 947 2293 1019 πολλῷ
2326 948 2545 1020 μείζονα
2592 949 2801 1003 ἐκείνου
2840 950 3109 1014 παθόντας
3156 950 3215 1005 '0
3260 952 3471 1017 Παῦλός

1896 1046 2083 1103 φησιν·
2135 1031 2283 1084 Ὑπὸ
2335 1030 2640 1086 Ἰουδαίων
2672 1032 2801 1100 τρὶς
2849 1032 3268 1102 ἐρραϐδίσθην,
3309 1032 3472 1099 ἅπαξ

1895 1112 2251 1183 ἐλιθάσθην,
2292 1112 2671 1185 νυχθήμερον
2705 1115 2777 1170 ἐν
2818 1114 2900 1180 τῷ
2927 1114 3100 1182 ,βυθῷ
3148 1117 3472 1185 πεποίηκα.

1898 1197 1964 1250 Τί
1984 1193 2077 1252 οὖν
2104 1196 2242 1268 μετά
2277 1196 2447 1251 ταῦτα
2466 1214 2481 1262 ;
2501 1198 2810 1267 Ηὺχόμην,
2839 1199 3023 1269 φησὶν,
3058 1199 3242 1267 αὐτὸς
3259 1199 3474 1256 ἀνάθε-

1891 1298 1978 1351 μα
2001 1276 2151 1336 εἶναι
2178 1280 2331 1349 ὑπὲρ
2361 1279 2481 1334 τῶν
2509 1280 2789 1351 ἀδελφῶν
2829 1300 2971 1351 μου,
3004 1283 3123 1338 τῶν
3165 1285 3474 1355 συγγενῶν

1891 1381 2013 1434 μου
2041 1365 2194 1419 κατὰ
2223 1363 2439 1434 σάρκα.
2470 1363 2656 1429 Θέλεις
2685 1367 2778 1420 καὶ
2807 1366 2963 1420 ἀλλον
3009 1366 3161 1441 [MO]
3199 1370 3346 1436 ίδεῖν,
3374 1371 3475 1425 οὐκ

1897 1446 2006 1500 ἀπὸ
2027 1448 2124 1519 τῆς
2154 1448 2383 1518 Καινῆς,
2403 1447 2518 1501 ἀλλ’
2549 1448 2658 1502 ἀπὸ
2694 1449 2793 1519 τῆς
2832 1450 3107 1516 Παλαιᾶς;
3151 1452 3322 1506 Τοῦτο
3366 1455 3475 1524 γάρ

1898 1529 2016 1582 ἐστι
2051 1528 2284 1600 μάλιστα
2309 1531 2371 1584 τὸ
2402 1530 2737 1602 θαυμαστὸν,
2771 1532 2852 1585 ὅτι
2882 1534 3014 1587 ὅπου
3040 1535 3140 1587 οὐκ
3165 1536 3476 1590 ἐκελεύοντο

1898 1613 2025 1675 τοὺς
2053 1612 2285 1685 ἐχθροὺς
2330 1614 2525 1683 φιλεῖν,
2580 1614 2696 1668 ἀλλ’
2734 1615 3009 1687 ὀφθαλμὸν
3040 1620 3325 1673 ἐκκόπτειν
3360 1620 3475 1674 ἀντ’

1899 1696 2202 1767 ὀφθαλμοῦ,
2232 1700 2328 1751 καὶ
2381 1699 2570 1752 ὀδόντα
2615 1700 2736 1753 ἀντὶ
2783 1701 3011 1769 ὀδόντος,
3051 1704 3145 1756 καὶ
3196 1706 3310 1767 τοῖς
3342 1703 3477 1766 ἴσοις

1900 1780 2239 1851 ἀμείψασθαι
2269 1784 2480 1847 κακοῖς,
2506 1783 2642 1854 πρὸς
2668 1785 3029 1856 ἀποστολικὴν
3058 1784 3301 1854 ἔφθασαν
3331 1787 3477 1857 φιλο-

1903 1864 2115 1932 σοφίαν.
2138 1866 2401 1919 Ἀκουσον
2421 1865 2473 1918 τί
2496 1883 2659 1937 φησιν
2687 1868 2716 1918 6
2739 1868 2997 1938 Μωῦσῆς,
3023 1870 3051 1921 ὁ
3075 1865 3350 1933 λιθασθεὶς
3374 1871 3479 1923 ὑπὸ

1900 1948 2008 2002 τῶν
2047 1949 2314 2002 Ἰουδαίων
2342 1948 2623 2012 πολλάκις,
2657 1950 2753 2003 καὶ
2781 1951 3216 2022 καταφρονηθεὶς
3253 1953 3344 2005 ὑπ’
3378 1953 3479 2007 αύ-

1901 2031 2037 2085 τῶν·
2072 2033 2143 2084 Εὶ
2157 2031 2276 2100 μὲν
2298 2032 2486 2100 ἀφίης
2508 2031 2712 2097 αὐτοῖς
2731 2031 2838 2100 τὴν
2868 2035 3183 2101 ἁμαρτίαν,
3206 2035 3357 2105 ἄφες
3379 2052 3392 2066 ·
3428 2040 3482 2090 εί

1901 2113 1971 2166 δέ
1990 2112 2097 2182 μὴ,
2133 2114 2284 2183 κάμὲ
2315 2113 2646 2182 mnum»
2677 2115 2746 2167 ἐκ
2788 2114 2900 2183 τῆς
2938 2117 3161 2180 ,βίϐλου
3198 2114 3274 2188 ἧς
3306 2119 3481 2190 Enca-

1902 2197 2046 2264 ψας.
2094 2195 2258 2267 Ὀρᾷς
2286 2195 2514 2250 ἕκαστον
2537 2197 2636 2267 τὴν
2668 2196 2779 2250 τῶν
2822 2196 2998 2251 ἄλλων
3036 2200 3333 2267 ἀσφάλειαν
3375 2204 3482 2273 πρὸ

1902 2280 2002 2349 τῆς
2053 2278 2258 2341 οἰκείας
2297 2276 2567 2350 σωτηρίας
2590 2278 2918 2349 ⁵τιθέμενονς
2976 2282 3142 2335 Οὐδὲν
3198 2285 3477 2356 ἥμαρτες·

1905 2361 1997 2414 καὶ
2018 2359 2069 2414 τί
2104 2360 2283 2431 βούλει
2310 2362 2634 2433 κοινωνῆσαι
2666 2363 2851 2426 αὐτοῖς
2882 2362 2985 2433 τῆς
3024 2366 3323 2437 τιμωρίας;
3359 2370 3481 2423 Ὅτι

1904 2446 1964 2500 ού
1997 2445 2201 2518 σφόδρα
2226 2444 2573 2517 αίσθάνομαι,
2600 2448 2754 2517 φησι,
2783 2449 2883 2517 τῆς
2910 2447 3235 2520 εὐπραγίας,
3277 2450 3482 2523 ἐτέρων

1905 2528 2226 2599 πασχόντων
2252 2527 2457 2592 κακῶς.
2500 2529 2698 2600 Ἤρκει
2744 2528 2844 2600 μὲν
2879 2525 2973 2584 οὖν
3011 2531 3105 2584 καὶ
3148 2531 3321 2586 ταῦτα
3352 2536 3483 2605 ἡμῖν

1903 2612 1973 2666 τὰ
1990 2611 2403 2683 παραδείγματα
2430 2630 2443 2643 ·
2472 2612 2562 2665 ἵνα
2580 2613 2637 2665 δὲ
2655 2615 2718 2666 ἐκ
2746 2615 3069 2684 περιουσίας
3096 2616 3487 2688 διορθὼσωμεν

1904 2697 2161 2759 ἑαυτοὺς,
2196 2696 2290 2749 καὶ
2323 2695 2510 2767 ἕτερον
2533 2694 2601 2748 τὰ
2628 2695 2767 2749 αύτά
2798 2697 3190 2768 φιλοσοφοῦντα
3222 2702 3484 2774 πειράσο-

1908 2799 2007 2853 μαι
2036 2794 2084 2835 ιι.
2140 2782 2251 2835 Καὶ
2304 2780 2413 2852 γὰρ
2468 2782 2497 2833 ὀ
2538 2780 2720 2847 Δαυῒδ,
2751 2783 2780 2836 ὀ
2828 2783 3098 2854 μακάριος
3144 2786 3349 2852 ἐκεῖνος
3389 2791 3483 2843 καὶ

1905 2865 2099 2936 πρᾶος,
2122 2864 2216 2917 τοῦ
2242 2863 2604 2935 στρατοπέδου
2630 2864 2833 2929 παντὸς
2858 2868 3358 2935 κατεξαναστάντος
3390 2872 3484 2924 αύο

1905 2947 2020 3010 τοῦ,
2053 2947 2147 2999 καὶ
2170 2947 2260 2999 τὸν
2288 2947 2404 3000 υἱὸν
2431 2946 2862 3012 καθοπλίσαντος
2884 2949 2976 3003 τὸν
3016 2951 3357 3024 Ἀϐεσαλὼμ.
3392 2959 3485 3009 καὶ

1905 3029 2229 3099 ἐπιθεμένου
2251 3032 2317 3100 τῇ
2343 3031 2639 3101 τυραννίδι,
2663 3033 2757 3089 καὶ
2780 3031 3134 3103 βουληθέντος
3162 3036 3323 3089 αὐτὸν
3349 3039 3485 3108 σφά-

1908 3110 2017 3175 ξαι,
2048 3108 2167 3164 εἶτα
2197 3111 2292 3164 τοῦ
2312 3112 2446 3164 Θεοῦ
2481 3113 2568 3166 διὰ
2593 3113 2751 3166 τοῦτο
2775 3115 3204 3186 παροξυνθέντος
3238 3119 3333 3189 (τί
3376 3122 3485 3192 γὰρ

1906 3196 1956 3247 εἰ
1983 3195 2078 3248 καὶ¹
2101 3193 2374 3265 πρόφασιν
2407 3194 2599 3265 ἑτέραν
2626 3196 2862 3262 ἐπέθηκε
2885 3201 2949 3269 τῇ
2980 3204 3164 3272 σφαγῇ
3180 3200 3220 3274 ;)
3272 3203 3367 3255 καὶ
3393 3205 3484 3257 τὸν

1907 3278 2139 3348 ἄγγελον
2173 3277 2489 3349 πέμψαντος
2526 3280 2802 3350 ῥομφαίαν
2830 3283 3176 3354 ἐσπασμένον
3196 3325 3210 3349 ,
3262 3288 3356 3340 καὶ
3390 3289 3485 3358 τὴν

1908 3362 2126 3433 πληγὴν
2174 3361 2508 3432 ἐπιφέροντα
2568 3362 2817 3428 ἀνωθεν,
2887 3363 3030 3435 ὀρῶν
3082 3366 3487 3439 ἀπολλυμένους

1910 3445 2174 3511 ἅπαντας,
2196 3444 2250 3498 τί
2282 3462 2447 3516 φησιν
2472 3460 2488 3513 ;
2532 3446 2681 3516 Ἐγὼ
2703 3451 2734 3501 ὁ
2759 3447 2985 3517 ποιμὴν
3010 3448 3295 3519 ἥμαρτον,
3326 3454 3489 3523 κάγὼ

1911 3530 1944 3582 ό
1964 3528 2190 3597 ποιμὴν
2218 3529 2653 3596 ἐκακοποίησα.
2704 3531 2983 3584 Γενέσθω
3017 3531 3111 3585 ἐπ’
3151 3531 3256 3604 ἐμὲ
3289 3535 3327 3599 ἡ
3358 3539 3489 3604 χείρ

1909 3628 2049 3677 σου,
2076 3612 2175 3667 καὶ
2198 3611 2297 3666 ἐπὶ
2321 3611 2429 3667 τὸν
2453 3608 2624 3667 οἷκον
2650 3613 2755 3668 τοῦ
2771 3617 2994 3683 πατρός
3016 3634 3155 3685 μου.
3177 3598 3486 3690 ’Ὁρᾷς-πτέ-
3547 3598 3569 3647 εἴ

1908 3696 1994 3751 λιν
2031 3695 2268 3767 συγγενῆ
2298 3695 2365 3749 τά
2399 3697 2836 3770 κατορθώματα;
2873 3698 3061 3753 Βούλει
3096 3718 3178 3754 σοι
3204 3701 3362 3768 δείξω
3396 3706 3489 3759 καὶ
3566 3729 3575 3742 -

1909 3782 2104 3849 ἀλλον;
2136 3781 2258 3836 ούδέ
2288 3782 2400 3853 γάρ
2423 3782 2614 3854 ἐτέρου
2651 3784 2722 3838 τά
2748 3783 2889 3837 αὐτὰ
2917 3785 3339 3855 φιλοσοφοῦντος
3366 3790 3500 3842 ἀπο-
3564 3812 3575 3819 ·

1915 3868 2174 3937 ρήσομεν.
2206 3865 2461 3937 Σαμουὴλ
2479 3868 2506 3919 ὀ
2534 3868 2824 3937 προφήτης
2850 3868 3057 3931 ἐκεῖνος
3087 3869 3319 3941 ὑϐρίσθη
3339 3883 3492 3943 παρα

1911 3950 2019 4004 τῶν
2058 3947 2348 4013 Ἰουδαίων,
2378 3948 2865 4020 ἀπεχειροτονήθη,
2897 3949 3176 4021 ἠτιμάσθη
3194 3950 3387 4018 οὕτως,
3414 3954 3490 4018 ὡς

1911 4033 2004 4086 τὸν
2034 4031 2165 4085 Θεὸν
2185 4030 2410 4101 θελῆσαι
2432 4030 2598 4084 αὑτὸν
2619 4031 3123 4104 παραμυθήσασθαι
3151 4035 3247 4088 καὶ
3280 4038 3487 4090 εἰπεῖν·

1915 4117 1998 4169 Οὐ
2023 4114 2099 4168 σὲ
2125 4111 2602 4180 ἐξουθενήκασιν
2624 4155 2639 4179 ,
2674 4115 2813 4169 ἀλλ’
2842 4113 2964 4184 ἐμέ.
2996 4116 3061 4169 Τί
3106 4112 3198 4170 οῦν
3227 4119 3435 4183 ἐκεῖνος
3463 4124 3494 4174 ὁ

1912 4197 2308 4266 ἐξουθενηθεὶς,
2338 4199 2367 4251 ὁ
2390 4195 2695 4269 ύϐρισθείς;
2728 4197 2891 4267 Ἐμοὶ
2917 4197 2985 4251 δὲ
3008 4198 3095 4268 μὴ
3119 4201 3369 4270 γένοιτο⁹
3396 4221 3493 4275 φη.

1916 4285 2021 4344 σἰν,
2044 4281 2323 4354 ἁμαρτεῖν
2340 4281 2551 4348 οὕτως,
2574 4282 2656 4350 ὡς
2682 4281 2979 4337 διαλιπεῖν
3001 4288 3492 4356 προσευχόμενον

1914 4363 2066 4434 ὑπὲρ
2100 4364 2268 4435 ὑμῶν
2307 4364 2389 4430 τῷ
2424 4364 2640 4433 Κυρίῳ.
2693 4364 2995 4437 Ἀμαρτίαν
3026 4367 3277 4439 ἐνόμισεν
3327 4364 3491 4433 εἶναι,

1914 4450 1976 4504 τὸ
2014 4449 2089 4521 μὴ
2118 4446 2520 4520 προσεύχεσθαι
2558 4448 2699 4521 ὑπὲρ
2732 4448 2843 4502 τῶν
2898 4448 3130 4522 ἐχθρῶν.
3160 4451 3253 4524 Μὴ
3281 4454 3497 4520 γένοιτο

1915 4533 2027 4606 γάρ
2055 4550 2144 4604 μοι
2171 4532 2437 4604 ἁμαρτεῖν
2463 4531 2666 4596 οὔτως,
2698 4532 2776 4596 ὼς
2809 4533 2883 4605 μὴ
2919 4534 3320 4606 προσεύχεσθαι
3351 4539 3491 4609 ὑπὲρ

1917 4615 2089 4685 ὑμῶν.
2126 4615 2184 4667 Ὀ
2215 4613 2450 4685 Χριστὸς
2493 4613 2664 4683 λέγει·
2698 4615 2910 4686 Πάτερ.
2962 4618 3114 4687 ἄφες
3149 4619 3353 4687 αὐτοῖς
3379 4620 3492 4690 τὴν

1916 4701 2209 4768 ἁμαρτίαν
2231 4714 2244 4725 ·
2277 4700 2348 4752 οὐ
2364 4697 2473 4766 γὰρ
2498 4697 2697 4753 οἴδασι
2718 4701 2774 4752 τί
2797 4701 3099 4756 ποιοῦσιν.
3139 4703 3195 4757 '0
3219 4704 3493 4775 Στέφανος

1917 4782 2084 4850 λέγει·
2106 4782 2300 4849 Κύριε.
2317 4782 2402 4851 μὴ
2424 4781 2663 4851 στήσῃς
2681 4784 2887 4849 αὐτοῖς
2905 4784 3020 4853 τὴν
3039 4786 3332 4857 ἁμαρτίαν
3354 4792 3497 4846 ταύο

1917 4882 2047 4932 την.
2103 4864 2160 4917 '0
2194 4864 2410 4927 Παῦλος
2455 4864 2644 4933 λέγει·
2682 4868 2970 4936 Ηὺχόμην
3025 4870 3293 4941 ἀνάθεμα
3342 4870 3495 4928 εἶναι

1916 4947 2068 5016 ὑπὲρ
2100 4945 2221 5000 τῶν
2245 4946 2526 5016 ἀδελφῶν
2544 4965 2688 5017 μου,
2710 4947 2828 5002 τῶν
2851 4953 3166 5021 συγγενῶν
3189 4955 3341 5009 κατὰ
3357 4955 3499 5023 adp.

1917 5047 2014 5086 κα.
2067 5031 2126 5085 '0
2175 5030 2417 5100 Μωῦσῆς
2443 5029 2614 5098 λέγει·
2662 5034 2732 5086 El
2759 5032 2871 5101 μὲν
2918 5035 3103 5104 ἀφίης
3144 5039 3349 5105 αὐτοῖς
3378 5038 3494 5105 τὴν

1917 5116 2228 5187 ἁμαρτίαν,
2251 5113 2400 5184 ἄφες
2415 5131 2428 5146 ·
2478 5117 2530 5170 εί
2548 5115 2616 5169 δὲ
2632 5116 2741 5185 μὴ,
2767 5118 2919 5188 κάμὲ
2941 5119 3268 5189 ἐξάῑειψον
3292 5122 3362 5175 ἐκ
3382 5121 3493 5190 τῆς

1913 5201 2136 5266 ,βίϐλου
2171 5194 2248 5269 ἧς
2291 5197 2578 5268 ἔγραψας.
2619 5200 2676 5252 Ὀ
2715 5201 2879 5256 Δαυῒδ
2926 5203 3094 5273 λέγει·
3144 5203 3423 5260 ιἐνέσθω
3452 5207 3491 5273 ἡ

1920 5283 2051 5353 χείρ
2096 5295 2211 5335 σου
2245 5280 2338 5334 ἐπ’
2368 5280 2473 5351 ἐμὲ
2525 5283 2623 5337 καὶ
2654 5283 2753 5338 ἐπὶ
2784 5285 2891 5339 τὸν
2919 5283 3087 5340 οἷκον
3137 5285 3244 5353 τοῦ
3268 5289 3495 5355 πατρός

1918 5386 2052 5439 μου.
2095 5367 2152 5421 '0
2172 5364 2422 5437 Σαμουὴλ
2451 5366 2628 5433 λέγει·
2665 5368 2815 5437 Ἐμοὶ
2848 5369 2916 5422 δὲ
2939 5369 3022 5437 μὴ
3056 5368 3284 5438 γένοιτο
3312 5370 3497 5440 ἀμαρ-

1920 5453 2046 5507 τεῐν
2077 5450 2181 5506 τοῦ
2207 5450 2505 5505 διαλιπεῖν
2532 5453 3022 5520 προσευχόμενον
3040 5450 3190 5522 ὑπὲρ
3224 5452 3390 5521 ὑμῶν
3416 5452 3498 5523 τῷ

1923 5537 2134 5604 Κυρίῳ.
2173 5535 2339 5599 Ποίας
2370 5528 2462 5587 οῦν
2512 5532 2766 5603 τύχωμεν
2800 5532 3132 5605 συγγνώμης
3157 5575 3171 5599 ,
3222 5536 3345 5590 εἰπέ
3381 5555 3492 5610 μοι,

1922 5618 2017 5672 τοῦ
2043 5617 2337 5682 Δεσπότου,
2364 5615 2475 5670 τῶν
2499 5615 2721 5677 δούλων,
2750 5615 2857 5669 τῶν
2880 5616 2987 5670 ἀπὺ
3010 5617 3109 5689 τῆς
3139 5618 3370 5690 Καινῆς,
3387 5621 3504 5675 τῶν

1926 5702 2034 5757 ἀπὸ
2064 5702 2165 5770 τῆς
2223 5700 2486 5762 Παλαιᾶς.
2538 5697 2758 5751 πάντων
2795 5700 2946 5771 ἡμᾶς
2978 5701 3265 5760 ὠθούντων
3297 5706 3379 5770 εἰς
3403 5701 3509 5774 τὴν.

1990 5787 2012 5815 a
2036 5786 2186 5838 Forte
2209 5783 2351 5839 δεῖξαι
2373 5783 2675 5847 πειράσομαι.
2703 5783 2851 5834 SaVil.
