3862 6232
127 359 218 415 107

126 472 222 514 nos
239 469 268 511 e
285 452 545 510 contrario
561 460 746 509 contra
769 451 1012 511 inimicos
1027 454 1346 522 precemur?
1371 454 1470 522 Ne,
1489 471 1693 526 qumso,

132 565 197 604 ne
215 546 265 602 id
301 558 536 614 agamus,
568 542 778 600 fratres.
809 543 1017 598 Etenim
1046 552 1246 614 quanto
1268 544 1416 614 plura
1437 548 1700 615 exempla,

132 645 273 694 tanto
299 635 486 704 majus,
509 635 552 689 si
579 649 674 690 eos
730 649 836 689 non
871 635 1156 701 imitemur,
1187 635 1524 704 supplicium.
1557 637 1703 691 Prm-

131 723 345 780 stantius
365 733 445 778 est
468 739 566 794 pro
593 724 840 791 inimicis,
867 739 1023 795 quam
1056 739 1152 795 pro
1177 726 1361 780 amicis
1384 741 1573 782 orare:
1597 743 1702 782 non

131 816 261 870 enim
292 824 490 870 tantum
539 816 683 882 hine,
709 824 964 887 quantum
1009 816 1133 872 inde
1177 817 1316 872 lucri
1363 816 1596 872 refertis.
1645 818 1708 875 Si

137 908 258 961 enim
283 905 578 971 dilexeritis,
614 909 800 979 inquit,
833 926 936 976 eos,
964 910 1051 980 qui
1072 926 1157 964 vos
1180 909 1414 981 diligunt,
1444 911 1574 964 nihil
1594 929 1706 965 ma-

131 997 208 1064 gni
221 998 384 1066 facilis
401 1014 420 1051 :
439 999 618 1053 ctenim
633 1008 681 1052 et
697 999 952 1070 publicani
969 1002 1061 1053 hoc
1082 1000 1275 1072 faciunt
1291 999 1503 1070 (Matth.
1518 1001 1570 1056 5.
1589 1001 1706 1070 46).

137 1086 306 1158 ltaquc
351 1088 398 1143 si
424 1104 516 1158 pro
545 1091 731 1145 amicis
759 1106 976 1146 oremus
1005 1100 1226 1155 tantum,
1258 1091 1483 1148 ethnicis
1509 1101 1564 1147 ct
1604 1108 1704 1161 pu-

131 1176 338 1249 blicanis
385 1178 616 1234 nondmn
661 1181 910 1236 meliores
952 1181 1072 1236 facti
1121 1195 1324 1236 sumus.
1357 1183 1424 1237 At
1446 1197 1566 1237 cum
1597 1180 1705 1237 iui-

1198 342 1286 400 ΠΕ
1313 343 1540 400 CRUCE
1579 343 1669 402 ΕΤ
1709 346 2049 405 LATRONE.
2091 348 2322 406 “OMIL.
2364 349 2430 404 ll.

3303 347 3409 406 (08

1812 459 1980 514 mieos
2007 458 2297 529 diligimus,
2346 459 2455 514 Deo
2504 473 2600 528 pro
2631 458 2860 515 humana
2915 459 3166 518 facultate
3193 463 3396 521 similes

1812 549 2094 614 efficimur,
2129 548 2232 618 Qui
2252 550 2408 604 solem
2437 566 2584 603 suum
2610 551 2732 603 oriri
2753 553 2878 622 facit
2894 568 3046 614 super
3066 553 3226 607 malos
3247 563 3290 606 et
3316 555 3398 607 bo-

1813 657 1925 708 nos,
1957 649 2002 694 et
2028 641 2155 711 pluit
2175 657 2324 711 super
2342 642 2508 711 justas
2537 650 2582 693 et
2604 641 2820 710 injustas
2851 640 3063 713 (Matth.
3089 643 3142 698 5.
3167 644 3281 713 l55).
3309 643 3399 698 Si-

1815 749 1934 786 mus
1967 734 2123 803 igitur
2149 733 2349 787 similes
2380 733 2550 786 Patris
2581 751 2595 786 :
2627 749 2744 786 nam
2770 731 2969 795 Estote.
3000 734 3190 804 inquit,
3211 735 3400 790 similes

1817 821 1990 880 Patris
2013 823 2179 889 vestri,
2205 823 2291 892 qui
2317 823 2370 875 in
2401 822 2537 876 cmlis
2563 831 2652 884 est,
2681 833 2737 876 ut
2761 837 2982 891 regnum
2999 824 3251 878 caelorum
3271 839 3398 878 eon-

1814 913 1967 981 sequi
1996 927 2326 976 mereamur,
2355 913 2524 982 gratia
2549 922 2603 966 ct
2634 911 2958 982 benignitate
2989 913 3193 967 Domini
3221 924 3276 968 et
3307 914 3400 968 Dei

1815 1012 1868 1056 et
1893 1001 2186 1058 Salvatoris
2224 1003 2392 1057 nostri
2416 1002 2546 1058 Iesu
2588 1002 2806 1068 Christi,
2837 1004 2919 1058 cui
2946 1002 3115 1072 gloria
3139 1013 3194 1060 et
3224 1006 3395 1075 impe-

1814 1094 1952 1149 rium
1981 1094 2033 1148 in
2063 1095 2259 1150 saecula
2281 1093 2616 1149 saeculorum.
2647 1093 2838 1148 Amen.

130 1426 351 1471 ORATIO
389 1429 448 1471 IN
495 1429 748 1472 CRCCEM
795 1429 875 1471 ET
917 1429 980 1470 IN
1013 1427 1488 1472 CONFESSIO‘NEM
1521 1422 1850 1476 LATRONIS,
1885 1423 2196 1466 RECITATA
2240 1423 2304 1466 IN
2349 1425 2585 1468 SANCTA
2631 1427 2713 1468 ΕΤ
2755 1426 2972 1470 MAGNA
3017 1427 3402 1485 ΡΔῐιΑεεενε,

1124 1529 1202 1570 ΕΤ
1245 1526 1415 1580 QUOD
1443 1523 1778 1568 OPORTEAT
1823 1521 1942 1563 PRO
1986 1523 2250 1568 INIMICIS
2292 1523 2531 1568 οιιΑιιε.

1427 1686 1689 1703 ᾔ

583 1737 804 1776 ΙΙΟΜΙΗΛ
829 1738 885 1777 ΙΙ.

197 1815 246 1867 Ι.
279 1813 482 1878 Quanta
522 1811 663 1865 nobis
699 1813 827 1865 bona
853 1809 992 1865 Crux
1019 1808 1220 1876 a/Teral.
1251 1838 1322 1848 -—
1363 1808 1577 1864 Festum
1607 1806 1705 1862 ho-

128 1906 206 1960 die
233 1907 437 1976 agimus
464 1915 516 1959 et
545 1913 862 1959 conventum
885 1945 900 1970 ,
931 1903 1213 1968 carissimi,
1245 1903 1494 1974 quoniam
1529 1903 1708 1958 Domi-

129 2015 223 2053 nus
250 2007 430 2052 noster
451 1996 613 2052 clavis
643 2004 726 2050 est
753 1995 896 2049 cruci
929 1993 1136 2049 affixus.
1162 1993 1345 2063 Neque
1370 1993 1706 2064 peregrinum

130 2090 216 2143 tibi
265 2089 542 2150 videatur,
585 2086 629 2140 si
655 2101 774 2141 cum
807 2100 894 2140 res
919 2084 1104 2139 odiosa
1132 2093 1185 2138 ct
1210 2084 1503 2139 aversanda
1531 2083 1708 2147 fuerit,

127 2197 220 2234 nos
264 2181 454 2236 festum
499 2178 639 2233 diem
684 2177 1034 2232 celebremus.
1088 2173 1362 2244 Ejusmodi
1405 2174 1545 2228 enim
1589 2181 1715 2228 sunt

126 2273 297 2326 tutinia
329 2269 621 2340 spiritualia
649 2310 663 2334 ,
708 2269 974 2323 contraria
1017 2267 1261 2320 humana:
1302 2274 1524 2320 natura).
1566 2265 1634 2320 Et
1658 2273 1716 2318 ttt

129 2363 226 2419 hoc
277 2364 441 2431 probe
471 2375 762 2431 cognoscas
784 2401 800 2426 ,
844 2375 971 2415 crux
1008 2359 1151 2429 prius
1178 2357 1637 2413 condemnationis
1662 2365 1717 2413 et

127 2453 371 2524 supplicii
417 2468 610 2508 nomen
648 2461 796 2516 erat;
837 2460 890 2504 at
929 2465 1071 2504 nunc
1101 2465 1186 2504 res
1215 2459 1296 2504 est
1321 2447 1639 2504 venerabilis
1663 2455 1718 2502 et

126 2544 512 2598 desiderabilis.
561 2543 701 2598 Crux
748 2551 903 2596 antea
952 2541 1232 2596 dedecoris
1257 2549 1311 2595 et
1351 2554 1523 2609 poena:
1548 2554 1715 2609 arguo

129 2645 365 2689 mentum
405 2647 553 2699 erat;
607 2648 745 2687 nttnc
780 2633 961 2701 gloria:
991 2642 1043 2686 et
1090 2631 1312 2685 honoris
1339 2640 1423 2685 est
1459 2630 1714 2686 occasio:

127 2725 373 2794 quodque
402 2739 528 2778 crus
562 2724 630 2777 sit
657 2724 824 2793 gloria
851 2763 865 2784 .
916 2721 1037 2776 audi
1086 2721 1357 2776 Christum
1405 2721 1713 2776 dicentem:

146 2816 332 2876 Pater,
353 2814 594 2882 clariﬁca
615 2827 692 2864 me
725 2810 888 2881 gloria
914 2849 929 2874 ,
965 2826 1113 2879 quam
1161 2809 1312 2862 habui
1350 2808 1491 2878 apud
1527 2818 1572 2862 te
1614 2819 1731 2862 ante

139 2905 319 2959 mundi
346 2905 748 2958 constitutionem
775 2902 793 2968 (
807 2901 965 2954 Joan.
1007 2903 1093 2958 I7.
1118 2899 1186 2971 5)
1209 2918 1223 2966 ;
1265 2901 1488 2970 gloriam
1515 2916 1726 2956 crucem

139 2993 619 3052 nominans.»Crux
657 3003 814 3064 caput
841 3003 1038 3048 nostra:
1067 2992 1251 3045 salutis
1280 3009 1293 3044 :
1324 3007 1452 3044 crux
1491 2992 1728 3046 infinito-

138 3107 256 3146 rum
281 3090 544 3143 honorum
584 3093 974 3155 argumentum.
1022 3083 1246 3151 Propter
1291 3082 1428 3136 hanc
1464 3097 1595 3148 nos,
1639 3083 1728 3152 qui

137 3183 284 3252 prius
324 3179 531 3250 inglorii
570 3185 623 3231 et
650 3174 832 3243 rejecti
874 3188 1102 3232 eramus.
1133 3173 1346 3226 nuncin
1379 3172 1605 3226 filiorum
1637 3188 1728 3226 or-

137 3275 318 3329 dinem
364 3269 562 3338 recepti
605 3281 790 3322 sumus
821 3284 834 3319 :
862 3273 1080 3335 propter
1117 3263 1254 3317 hanc
1283 3279 1386 3315 non
1418 3263 1730 3316 aberramus

137 3366 408 3439 amplius,
453 3361 545 3417 sed
587 3360 862 3414 veritatem
903 3357 1290 3427 cognovimus:
1333 3365 1550 3425 propter
1592 3356 1730 3410 hanc

136 3477 271 3526 nos,
320 3457 407 3528 qui
453 3453 596 3524 prius
632 3452 771 3521 ligna
813 3459 866 3504 et
913 3448 1116 3518 lapides
1159 3447 1546 3512 adorabamus,
1590 3462 1729 3503 nunc

137 3553 377 3609 omnium
399 3562 576 3603 rerum
594 3541 906 3604 Creatorem
919 3539 1266 3606 cognovimus
1292 3557 1306 3592 :
1328 3549 1545 3609 propter
1569 3538 1726 3606 hanc,

137 3647 224 3717 qui
279 3640 420 3699 servi
469 3635 671 3709 peccati
721 3646 971 3695 eramus,
1012 3629 1078 3683 ad
1129 3629 1426 3686 libertatem
1456 3630 1474 3661 ¹
1511 3629 1730 3700 justitia:

138 3721 312 3792 evecti
343 3747 526 3788 sumus
555 3748 567 3781 :
600 3734 814 3798 propter
849 3723 984 3776 hanc
1016 3729 1156 3776 terra
1185 3722 1373 3776 cazlum
1421 3721 1488 3776 de
1531 3733 1729 3776 cmtero

139 3831 274 3884 facta
298 3837 399 3881 est.
445 3825 568 3885 time
597 3823 665 3883 ab
694 3835 878 3880 errore
904 3835 1000 3874 nos
1029 3815 1297 3880 liberavit,
1333 3815 1444 3868 htee
1472 3813 1537 3867 ad
1583 3813 1729 3866 veri-

140 3935 304 3989 tatem
337 3918 553 3978 adduxit
573 3957 586 3981 ,
611 3915 725 3975 haec
760 3910 1248 3973 reconciliationem
1277 3908 1370 3961 Dei
1397 3921 1517 3960 cum
1551 3905 1729 3959 horni-

137 4016 297 4069 nibus
323 4008 585 4075 instituit,
616 4006 734 4067 lucc
753 4019 853 4058 nos
873 4019 938 4058 ex
957 4000 1220 4072 profundo
1246 3998 1464 4052 malitiae
1491 4004 1726 4066 ereptos,

135 4107 190 4162 in
218 4100 615 4176 ipsumvirtutis
637 4097 902 4167 fastigium
932 4094 1149 4156 eduxit;
1189 4091 1302 4145 haec
1330 4104 1570 4145 errorem
1615 4086 1729 4141 dm-

137 4213 357 4254 monum
383 4194 656 4260 exstinxit,
689 4192 804 4245 [nec
827 4189 1198 4258 deceptionem
1227 4201 1256 4240 e
1285 4184 1462 4238 medio
1487 4182 1726 4238 sustulit.

138 4292 367 4359 Propter
383 4287 518 4340 hanc
536 4301 638 4339 non
660 4292 740 4340 est
761 4281 990 4351 amplius
1007 4281 1178 4334 fumus
1191 4287 1244 4332 et
1261 4276 1434 4342 nidor,
1455 4282 1510 4329 et
1527 4273 1730 4344 sangui-

137 4384 220 4437 nis
243 4379 381 4435 bruti
404 4377 622 4440 elfusio;
651 4375 744 4430 sed
768 4373 961 4440 ubique
981 4371 1154 4427 cultus
1174 4367 1494 4438 Spirituales,
1521 4366 1725 4445 hymni,

137 4475 355 4537 laudes,
384 4480 438 4526 et.
481 4470 818 4542 precationes
859 4465 1143 4526 visuntur:
1176 4469 1396 4530 propter
1439 4459 1578 4513 hanc
1615 4459 1727 4512 dte-

137 4580 323 4619 mones
356 4563 580 4632 fugiunt,
612 4558 962 4632 diabolusque
995 4552 1300 4627 profligatur
1321 4569 1334 4604 :
1356 4559 1571 4620 prepter
1590 4548 1730 4604 hanc

137 4658 366 4710 humana
400 4665 585 4709 natura
615 4667 734 4706 cum
754 4647 987 4718 angelica
1024 4644 1236 4703 vivendi
1265 4642 1473 4707 ratione
1501 4649 1729 4706 conton-

143 4733 264 4788 dit:
300 4743 518 4803 pmpter
565 4734 700 4788 hanc
732 4733 1010 4802 virginitas
1040 4733 1091 4787 in
1137 4733 1293 4794 terris
1339 4743 1603 4788 versatur.
1659 4733 1738 4787 Ex

145 4839 253 4894 quo
293 4823 437 4877 enim
481 4839 546 4878 ex
581 4824 794 4895 Virgine
826 4825 912 4880 ille
941 4826 1174 4894 prodiit,
1220 4825 1469 4896 cognovit
1505 4824 1738 4888 humana

150 4924 338 4969 natura
370 4914 579 4968 virtutis
620 4915 777 4984 lmjus
819 4917 981 4970 viam.
1031 4915 1156 4971 "'JTC
1186 4930 1286 4974 nos
1313 4917 1364 4974 in
1393 4916 1626 4971 tenebris
1656 4931 1742 4970 se-

146 5006 337 5060 dentes
366 5005 717 5070 illuminavit;
760 5005 877 5061 lucc
908 5021 1006 5060 nos
1035 5017 1366 5079 expugnatos
1408 5015 1463 5061 et
1500 5006 1740 5061 debella-

149 5105 232 5152 tos
264 5098 543 5162 liberavit;
579 5099 693 5153 lucc
721 5115 837 5163 nos,
869 5100 957 5168 qui
987 5101 1174 5170 procul
1200 5099 1504 5165 aberamus,
1535 5100 1741 5156 vicinos

149 5203 270 5242 esse
299 5186 454 5253 fecit;
491 5187 603 5242 lucc
625 5203 722 5242 nos
741 5189 1070 5243 abalienatos
1090 5188 1410 5244 domesticos
1435 5189 1592 5255 fecit;
1628 5190 1745 5245 haec

152 5293 248 5334 nos
277 5281 590 5349 peregrinos
616 5280 782 5335 factos
809 5281 923 5336 caeli
955 5282 1098 5336 cives
1125 5282 1429 5347 constituit;
1457 5283 1569 5338 haec
1593 5283 1744 5338 nobis

152 5371 288 5427 bella
323 5371 572 5437 sustulit,
626 5372 770 5440 pacis
818 5373 1079 5429 securitas
1125 5372 1315 5429 effecta
1359 5381 1460 5429 est.
1523 5373 1745 5442 Propter

155 5457 290 5517 hanc
321 5478 424 5518 non
464 5463 809 5521 formidamus
837 5468 1063 5537 amplius
1094 5467 1254 5539 ignita
1296 5467 1493 5524 diaboli
1527 5467 1701 5538 jacula
1727 5483 1742 5533 ;

158 5570 274 5610 nam
309 5558 428 5610 vita.
478 5557 676 5614 fontem
715 5560 1011 5616 invenimus
1042 5579 1059 5616 :
1098 5571 1319 5634 propter
1355 5562 1493 5618 hanc
1519 5576 1622 5618 non
1653 5576 1742 5617 su-

220 5757 236 5794 '~
271 5760 392 5837 savii
438 5772 486 5810 ιη
513 5759 752 5827 margine,
775 5765 840 5813 ad
859 5775 1115 5837 summum.

1693 1666 1794 1720 ea:

1795 1666 1852 1720 ἔξιῦ

1855 1690 2087 1703 ——_..

1826 1825 1946 1864 mus
1973 1810 2023 1864 in
2052 1811 2345 1878 viduitate;
2378 1827 2632 1883 sponsum
2661 1815 2804 1870 enim
2831 1817 3164 1884 recepimus:
3189 1823 3406 1886 propter

1816 1903 1954 1960 hanc
1989 1919 2094 1959 non
2123 1905 2370 1960 timemus
2396 1907 2625 1976 amplius
2655 1907 2876 1977 lupttm;
2923 1924 3045 1963 nam
3077 1909 3272 1963 bonum
3305 1923 3404 1977 pa-

1816 2003 2013 2050 storem
2041 1996 2351 2066 agnovimus
2374 2013 2390 2056 :
2423 1996 2550 2051 dicit
2573 1997 2716 2053 enim
2739 2039 2754 2061 ,
2784 1996 2895 2068 Ego
2922 2015 3034 2052 sum
3064 2008 3232 2068 pastor
3249 1999 3411 2052 bonus

1820 2085 1998 2158 (Joan.
2031 2086 2116 2141 10.
2149 2088 2256 2155 tl).
2305 2088 2531 2157 Propter
2567 2087 2705 2144 hanc
2732 2104 2836 2143 non
2878 2091 3155 2143 horremus
3183 2089 3412 2158 amplius

1822 2185 2138 2246 tyrannum;
2181 2175 2245 2230 ad
2280 2176 2476 2248 llcgem
2501 2177 2640 2232 enim
2669 2178 3018 2232 accurrinms.
3053 2178 3412 2247 “dos-quan-

1822 2277 1993 2321 torum
2036 2267 2295 2322 bonorum
2337 2285 2465 2323 crux
2515 2270 2583 2322 sit
2627 2269 2778 2324 nobis
2826 2269 3030 2324 causa?
3076 2269 3203 2324 .lure
3253 2270 3412 2338 igitur

1821 2358 1960 2412 diem
1989 2359 2179 2413 festum
2220 2357 2451 2429 agimus.
2499 2358 2590 2414 Sic
2611 2369 2664 2414 et
2694 2359 2886 2414 Paulus
2916 2369 3096 2413 monet
3128 2369 3182 2412 ut
3205 2358 3410 2413 festivi-

1823 2458 1984 2504 tatem
2025 2464 2245 2520 agamus
2290 2449 2372 2505 his
2411 2450 2630 2506 verbis:
2680 2449 2860 2519 Itaque
2909 2450 3176 2522 ferientur,
3223 2467 3322 2504 non
3358 2451 3420 2522 in)

1823 2543 2065 2610 fermento
2087 2541 2266 2604 reteri,
2302 2557 2458 2611 neque
2494 2541 2545 2595 in
2586 2544 2829 2611 fermento
2859 2542 3064 2595 malitite
3088 2552 3134 2596 et
3157 2541 3410 2610 nequitur,

1821 2629 1909 2684 sed
1929 2631 1978 2683 in
2016 2631 2207 2700 azymis
2239 2631 2539 2685 sinceritatis
2574 2641 2620 2686 et
2648 2631 2867 2686 veritatis
2907 2632 2980 2701 (Ι.
3005 2631 3122 2686 Cor.
3233 2632 3313 2700 8).
3348 2632 3415 2686 Et

1821 2722 1972 2792 cujus
1997 2723 2163 2791 gratia
2197 2739 2294 2779 nos
2323 2723 2464 2777 diem
2493 2723 2684 2778 festum
2717 2738 2875 2794 agere
2907 2725 3168 2793 prmeipis,
3199 2739 3232 2778 ο
3259 2724 3412 2780 beate

1823 2812 2024 2868 Paule?
2050 2813 2287 2884 Agedum
2315 2829 2528 2868 causam
2559 2813 2753 2868 imliea.
2796 2815 2926 2881 Quia
2955 2813 3154 2868 Pascha
3184 2825 3416 2868 nostrum

1823 2923 1916 2976 pro
1953 2906 2093 2961 nobis
2131 2907 2416 2960 immolatus
2489 2913 2567 2958 est
2618 2901 2862 2958 Christus
2917 2903 3054 2957 Deus
3104 2899 3288 2974 (Ibid.
3315 2905 3406 2957 7).

1827 2997 1986 3051 Vides
2030 2998 2299 3066 cptomodo
2341 3013 2471 3052 crux
2517 2999 2584 3052 sit
2623 2999 2776 3054 nobis
2827 2997 3058 3054 festum?
3107 2997 3412 3054 intellexisti

1823 3087 1962 3156 qttod
2003 3097 2218 3156 propter
2237 3101 2449 3142 erucem
2482 3102 2578 3142 nos
2611 3087 2801 3142 festum
2829 3088 3104 3143 celebrare
3134 3087 3322 3157 jubet?
3352 3088 3408 3140 tu

1824 3192 1982 3231 cruce
2011 3177 2152 3231 enim
2194 3177 2406 3232 oblatus
2431 3188 2546 3240 est;
2578 3177 2666 3230 ubi
2699 3193 2825 3233 vero
2855 3179 3175 3234 sacrificium
3204 3221 3218 3243 ,
3267 3179 3337 3233 ibi
3360 3186 3415 3231 et

1827 3279 2161 3338 peceatorqu
2205 3268 2488 3333 remissio,
2534 3268 2604 3322 ibi
2655 3269 3020 3323 reconciliatio
3054 3269 3300 3333 Domini,
3345 3269 3415 3321 ibi

1827 3359 2020 3414 festum
2049 3367 2102 3414 et
2123 3357 2397 3429 gaudium.
2433 3358 2632 3412 l’asrha
2658 3370 2905 3418 nostrum.
2941 3358 3132 3427 inquit,
3164 3375 3253 3427 pro
3276 3359 3417 3411 nobis

1824 3451 2114 3504 immolatus
2142 3460 2211 3504 cst
2237 3449 2488 3505 Christus.
2523 3449 2618 3504 L'bi
2653 3449 2952 3503 immolatus
2973 3449 3096 3503 est?
3121 3447 3175 3502 In
3203 3448 3416 3502 excelsa

1827 3556 2005 3596 cruce.
2051 3541 2254 3596 Novum
2281 3553 2334 3595 et
2371 3542 2704 3612 peregrinum
2741 3542 2937 3605 altare,
2987 3556 3108 3594 cum
3143 3555 3336 3594 n-wum
3365 3551 3422 3594 et

1831 3633 2140 3688 inusitatum
2183 3634 2338 3688 fuerit
2375 3635 2716 3689 sacrificium.
2768 3632 2908 3688 Idem
2937 3643 2990 3688 et
3015 3633 3331 3688 sacrificium
3363 3641 3422 3688 et

1829 3725 2080 3780 sacerdos
2101 3736 2208 3781 erat
2233 3767 2248 3790 ,
2276 3726 2595 3780 sacrificium
2631 3724 2924 3780 secundum
2955 3739 3208 3790 carnem,
3242 3739 3421 3777 sacer-

1831 3817 1926 3872 dos
1953 3818 2243 3874 secundum
2275 3818 2554 3887 Spiritum;
2599 3817 2736 3872 idetn
2770 3816 3061 3871 immolavit
3083 3827 3138 3870 et
3175 3815 3421 3868 immola-

1835 3908 2007 3962 batur.
2053 3911 2187 3961 Audi
2238 3909 2426 3962 iterum
2475 3908 2696 3962 Paulum
2739 3907 3049 3961 dicentem:
3083 3905 3260 3958 Omnis
3289 3906 3420 3958 enim

1835 4002 2061 4070 ponti/ex
2086 4015 2146 4053 ea:
2173 3999 2458 4051 hominibus
2486 4009 2775 4067 assumptus
2793 4041 2807 4062 ,
2833 4014 2924 4066 pro
2970 3997 3252 4050 hominibus
3297 4012 3423 4049 cono

1834 4090 2056 4143 stituitur
2089 4090 2139 4142 in
2168 4089 2245 4142 his
2272 4103 2384 4156 qua'
2408 4099 2523 4142 sunt
2548 4089 2616 4140 arl
2646 4089 2804 4140 Deum
2838 4086 2992 4160 (ΗΛ).
3022 4086 3074 4140 5.
3113 4087 3160 4140 1.
3185 4095 3232 4138 et
3259 4088 3311 4140 8.
3345 4086 3424 4153 5).

1838 4180 1991 4236 Unde
2035 4194 2254 4234 necesse
2281 4189 2359 4233 cst
2396 4189 2449 4232 et
2479 4179 2616 4232 lumc
2659 4177 2856 4233 habere
2886 4177 3081 4246 aliquid
3122 4175 3264 4246 quod
3293 4174 3426 4230 ofl'e-

1839 4282 1937 4326 rat.
1983 4273 2116 4326 I-It-cc
2147 4271 2381 4340 seipsum
2414 4269 2589 4323 oll‘ert.
2635 4268 2770 4322 Alibi
2801 4282 2929 4321 vero
2961 4267 3151 4327 iterum
3190 4265 3265 4319 ait
3291 4284 3304 4319 :
3336 4266 3429 4320 Sic

1839 4377 1883 4419 et
1907 4365 2133 4420 Christus
2170 4363 2323 4417 semel
2363 4363 2558 4416 oblatus
2584 4371 2654 4414 est
2680 4361 2747 4414 ad
2786 4360 3056 4413 multorum
3083 4358 3429 4412 exhauriendo

1841 4468 2044 4529 peccata
2077 4449 2268 4521 (llebr.
2281 4456 2332 4510 9.
2346 4455 2458 4526 28).
2477 4453 2617 4511 Ecce
2629 4455 2716 4510 hic
2730 4454 2941 4508 oblatus
2955 4457 3055 4511 est,
3082 4449 3152 4503 ibi
3179 4450 3412 4518 seipsum

1840 4550 2048 4612 obtulit.
2073 4547 2278 4607 Vidisti,
2302 4545 2570 4616 rpmmodo
2589 4543 2728 4599 idem
2755 4542 3076 4598 sacrificium
3094 4556 3186 4594 seu
3211 4541 3424 4595 victima

1840 4649 1894 4695 et
1922 4639 2170 4694 sacerdos
2202 4638 2355 4692 fuerit
2385 4654 2399 4690 :
2437 4643 2492 4690 ct
2519 4652 2650 4691 crux
2693 4645 2808 4689 erat
2845 4635 3033 4688 altare.
3083 4631 3188 4686 Sed
3218 4631 3426 4700 disquic

1843 4733 2067 4790 rendum
2100 4743 2200 4800 est,
2232 4748 2328 4786 cur
2356 4746 2464 4785 non
2498 4731 2549 4784 in
2575 4729 2774 4798 templo
2803 4725 3124 4782 sacrificium
3151 4725 3427 4792 offeratur,

1845 4828 1896 4885 in
1925 4827 2156 4896 templo,
2198 4826 2415 4896 inquam
2442 4866 2457 4889 ,
2503 4823 2756 4887 Judaieo,
2807 4819 2900 4875 sed
2941 4827 3090 4874 extra
3137 4817 3430 4879 civitatem.

1792 4971 1800 4980 ,
1844 4929 1992 4974 extra
2018 4918 2233 4977 mmnia.
2265 4917 2424 4970 Extra
2452 4915 2719 4970 civitatem
2744 4911 3030 4967 crucifixus
3056 4917 3137 4964 est
3164 4919 3430 4978 tamquam

1845 5010 2124 5064 damnatus
2149 5007 2408 5078 quispiam
2435 5015 2489 5061 et
2512 5019 2638 5060 reus
2662 5046 2676 5071 ,
2706 5012 2762 5057 ut
2806 5001 3120 5072 impleretur
3149 4999 3276 5054 illud
3307 5013 3434 5067 pro-

1846 5101 2024 5171 pheta:
2069 5099 2268 5154 dictum
2300 5119 2312 5150 :
2344 5097 2412 5152 Et
2457 5114 2571 5152 cum
2617 5094 2806 5164 iniquis
2850 5102 3112 5164 reputatus
3160 5099 3231 5144 est
3265 5085 3431 5159 (Isai.

1846 5195 1935 5254 55.
1967 5191 2083 5262 ιε).

1921 5284 2086 5342 Extra
2131 5283 2378 5336 civitatem
2410 5297 2502 5334 cur
2548 5295 2727 5351 passus
2767 5277 3016 5330 Christus.
3069 5269 3335 5337 Templum
3363 5275 3436 5321 ω

1839 5381 1954 5452 jam
1989 5388 2092 5432 tota
2131 5386 2286 5431 terra.
2325 5404 2396 5414 —
2437 5373 2612 5439 Quare
2660 5370 2819 5440 igitur
2869 5373 3019 5421 extra
3065 5360 3334 5416 civitatem
3381 5358 3434 5410 in

1848 5474 1994 5536 edito
2023 5473 2161 5537 loco,
2190 5482 2244 5526 et
2271 5485 2374 5525 non
2401 5468 2500 5524 sub
2529 5474 2670 5523 tecto
2693 5460 2981 5534 quopiam?
3001 5458 3114 5514 Νοη
3141 5456 3256 5511 sine
3276 5469 3436 5508 causa

1851 5566 1955 5626 hoc
2002 5563 2256 5633 contigit,
2301 5561 2394 5616 sed
2434 5565 2491 5614 ut
2535 5558 2673 5612 aeris
2716 5563 2961 5609 naturam
2993 5555 3286 5620 purgaret:
3317 5546 3440 5601 ideo

1849 5660 1903 5714 in
1932 5658 2146 5713 excelso
2165 5657 2284 5710 loco
2310 5654 2518 5708 oblatus
2551 5658 2634 5706 est
2656 5689 2671 5714 ,
2705 5648 2802 5703 sub
2830 5645 2976 5702 nullo
3002 5650 3164 5706 tecto,
3193 5638 3284 5694 sed
3321 5637 3441 5693 loco

1854 5752 1979 5828 tecti
2006 5749 2138 5806 cmlo
2167 5742 2603 5823 superimposito,
2651 5747 2703 5794 ut
2728 5737 3037 5794 universum
3067 5731 3254 5788 etchnn
3287 5743 3440 5784 mun-
