3862 6232
314 1137 360 1202 ,⁷
389 1139 650 1196 criﬁcium
706 1137 810 1193 hoc
861 1137 1097 1193 oblatum
1151 1151 1272 1192 esse
1319 1155 1333 1191 :

387 5285 397 5394 ὲ

390 301 492 359 609

390 404 610 463 daretur
634 416 736 459 ove
756 403 809 458 in
830 400 1046 460 sublimi
1062 399 1182 456 loco
1202 399 1496 456 immolata.
1521 398 1808 471 Purgatum
1825 399 1985 471 igitur

392 506 478 554 est
500 496 724 556 caelum.
767 503 988 567 purgata
1026 501 1194 548 terra.
1234 491 1484 548 Stillabat
1507 491 1650 547 enim
1681 492 1895 562 sanguis
1917 506 1986 546 ex

391 588 560 644 latere
583 601 748 657 super
769 594 984 651 terram,
1012 598 1307 652 omnesque
1333 582 1448 653 ejus
1469 583 1706 638 maculas
1727 591 1783 638 et
1807 581 1986 654 inqui-

390 688 642 742 namenta
682 677 832 734 eluit.
880 676 950 732 Et
992 675 1148 746 hujus
1196 674 1412 746 quidem
1447 675 1614 745 gratia
1663 673 1986 730 sacriﬁcium

391 770 495 826 hoc
521 770 620 824 sub
647 777 786 824 tecto
807 783 914 823 non
945 767 1235 838 peragitur,
1268 781 1435 837 quare
1461 780 1590 822 vero
1623 781 1728 821 non
1779 767 1833 820 in
1869 767 1986 835 ipso

391 862 592 930 templo
626 858 894 916 Judaico?
932 857 1116 929 Neque
1142 857 1243 913 hoc
1271 867 1470 912 temere
1493 866 1546 912 et
1571 857 1689 912 sine
1712 871 1873 912 causa
1896 871 1986 910 ac-

389 955 518 1011 cidit
548 970 561 1007 :
591 953 839 1009 videlicet
868 967 938 1009 ne
961 952 1130 1008 Judrei
1157 951 1260 1006 hoc
1297 951 1617 1006 sacriﬁcium
1645 951 1748 1006 sibi
1775 956 1838 1005 ut
1865 963 1988 1019 pro-

390 1047 565 1117 prium
598 1044 963 1110 vindicarent,
995 1059 1064 1098 ne
1086 1051 1300 1112 putares
1333 1058 1429 1113 pro
1457 1043 1570 1097 sola
1600 1043 1688 1097 illa
1711 1049 1868 1112 gente
1895 1055 1986 1120 sae

1381 1143 1666 1206 prepterea
1721 1133 1780 1188 ﬁt
1827 1140 1979 1188 extra

390 1231 611 1298 muenia,
635 1241 694 1288 ut
718 1231 915 1296 discas,
938 1228 1188 1300 generale
1210 1242 1332 1284 esse
1360 1227 1704 1290 sacriﬁcium,
1735 1235 1792 1280 ut
1813 1224 1987 1280 discas

391 1338 491 1396 pro
534 1324 782 1380 universa
832 1333 974 1377 terra
1018 1320 1344 1376 oblationem
1388 1334 1507 1373 esse
1553 1327 1607 1374 et
1645 1331 1984 1373 communem

392 1417 749 1487 expiationem
797 1415 1020 1469 institui.
1066 1414 1268 1469 Judmis
1307 1414 1449 1468 enim
1479 1413 1548 1466 ob
1589 1413 1689 1467 hoc
1734 1410 1987 1482 praecepit

393 1509 536 1565 Deus
559 1550 574 1574 ,
606 1517 664 1563 ut
693 1519 802 1563 tota
831 1519 972 1563 terra
1006 1507 1190 1562 relicta
1219 1507 1271 1560 in
1296 1521 1402 1560 uno
1425 1506 1542 1560 loco
1573 1504 1908 1558 immolarent
1933 1511 1988 1557 et

391 1615 584 1672 preces
619 1600 674 1654 in
725 1615 830 1654 uno
865 1599 983 1654 loco
1024 1598 1326 1653 funderent.
1375 1597 1507 1652 Nam
1535 1611 1656 1650 cum
1698 1604 1807 1648 tota
1847 1603 1989 1650 terra

395 1701 525 1748 tunc
548 1692 902 1747 contaminata
926 1700 1068 1746 esset
1095 1690 1238 1744 fumo
1263 1699 1317 1744 et
1347 1689 1533 1743 nidore
1571 1697 1625 1742 et
1655 1686 1987 1742 idololatrico

395 1785 672 1856 sanguine,
699 1792 754 1839 et
791 1784 912 1838 aliis
937 1783 1214 1854 gentilium
1257 1781 1670 1852 inquinamentis
1692 1822 1706 1846 ,
1743 1780 1862 1834 ideo
1884 1779 1986 1833 illis

396 1893 562 1933 unum
593 1878 769 1931 locum
809 1875 1106 1944 imperavit.
1150 1873 1255 1928 Sed
1300 1888 1421 1927 cum
1448 1870 1691 1925 Christus
1717 1870 1897 1935 venit,
1933 1879 1988 1924 et

395 1978 545 2022 extra
572 1968 840 2022 civitatem
869 1973 1094 2021 mortem
1116 1965 1268 2030 obiit,
1293 1964 1593 2018 universam
1613 1972 1809 2015 terram
1836 1977 1990 2015 mun-

395 2060 581 2126 davit,
633 2073 954 2128 omnemque
1002 2058 1178 2112 locum
1222 2055 1449 2111 orationi
1495 2055 1747 2109 idoneum
1789 2052 1986 2109 effecit.

396 2150 490 2206 Vis
519 2149 725 2204 discere
750 2149 1018 2219 quomodo
1049 2158 1155 2203 tota
1185 2157 1326 2203 terra
1358 2148 1410 2202 in
1449 2156 1722 2217 posterum
1751 2146 1820 2201 sit
1848 2155 1989 2201 tem-

394 2243 538 2313 plum
579 2240 763 2296 effecta
786 2282 801 2305 ,
851 2248 906 2294 et
940 2239 1207 2311 quomodo
1249 2239 1426 2294 omnis
1461 2239 1612 2293 locus
1648 2237 1877 2291 orationi
1921 2236 1989 2290 sit

395 2335 729 2390 destinatus?
760 2333 899 2388 Audi
930 2334 1121 2388 iterum
1159 2333 1372 2389 beatum
1419 2332 1641 2387 Paulum
1671 2331 1940 2386 dicentem
1971 2347 1984 2383 :

396 2427 464 2481 In
484 2428 621 2481 onmi
655 2427 764 2480 loco
790 2427 1006 2479 levantes
1032 2442 1187 2495 puras
1219 2441 1400 2479 manus
1429 2425 1536 2479 sine
1561 2426 1642 2479 ira
1663 2433 1708 2479 et
1737 2423 1987 2493 discepta-

401 2521 534 2573 tione
555 2520 629 2588 (l.
660 2519 792 2572 Tim.
816 2519 872 2572 2.
891 2519 968 2586 8).
1003 2518 1192 2572 Vidisti
1219 2517 1486 2587 quomodo
1517 2526 1778 2571 terrarum
1802 2516 1987 2570 orbem

399 2610 749 2680 expurgarit?
787 2609 964 2664 vidisti
989 2608 1258 2678 quomodo
1281 2607 1474 2678 ubique
1499 2621 1660 2678 puras
1692 2622 1879 2662 manus
1910 2607 1988 2661 le-

400 2716 530 2756 vare
569 2701 870 2770 possimus?
902 2699 1088 2755 Omnis
1116 2700 1259 2754 enim
1298 2709 1439 2753 terra
1469 2699 1534 2754 de
1569 2709 1766 2753 cmtcro
1792 2697 1991 2752 sancti-

400 2792 552 2846 ﬁcata
587 2800 672 2846 est
696 2832 711 2857 ,
757 2792 865 2845 imo
905 2790 1138 2845 sanctior
1166 2799 1249 2844 est
1277 2790 1382 2842 illis
1414 2787 1725 2842 Judteorum
1766 2790 1988 2842 sanctis.

399 2885 513 2950 Qua
561 2881 809 2937 ratione?
844 2882 976 2950 Quia
1017 2881 1088 2935 ibi
1123 2880 1335 2950 quidem
1375 2879 1601 2934 rationis
1641 2893 1832 2949 expers
1857 2920 1872 2943 ,
1907 2879 1991 2931 hic

401 2987 532 3028 vero
572 2973 777 3027 ratione
819 2970 1041 3040 prtedita
1069 2971 1183 3024 ovis
1209 2969 1384 3022 oblata
1427 2977 1528 3023 est.
1579 2969 1789 3035 Quanto
1832 2969 1994 3036 igitur

401 3063 742 3133 prtestantius
773 3061 825 3116 id
855 3061 996 3131 quod
1018 3061 1277 3116 rationem
1311 3059 1492 3125 habet,
1521 3073 1587 3113 co
1615 3058 1756 3129 quod
1785 3063 1992 3113 ratione

400 3162 585 3219 caret,
634 3161 780 3206 tanto
820 3152 1047 3222 amplior
1084 3160 1136 3206 et
1179 3150 1268 3205 hic
1310 3148 1661 3204 sanctificatio
1705 3158 1805 3203 est.
1852 3148 1992 3205 Vere

402 3246 564 3316 igitur
587 3259 716 3299 crux
748 3245 902 3299 nobis
925 3244 1117 3298 festum
1140 3242 1280 3296 diem
1312 3245 1467 3310 parit.

471 3335 526 3390 2.
555 3335 622 3389 1η
645 3333 806 3390 Cruce
829 3351 920 3388 cur
943 3334 1217 3403 promissus
1243 3331 1530 3403 paradisus.
1560 3361 1631 3372 —-
1656 3329 1744 3386 Vis
1773 3341 1826 3386 ct
1846 3331 1990 3386 aliud

399 3426 577 3482 crucis
607 3424 803 3481 factum
830 3424 1294 3495 praeclarissimum
1315 3462 1330 3489 ,
1377 3431 1431 3476 et
1469 3421 1609 3492 quod
1650 3438 1864 3477 omnem
1896 3422 1996 3476 hu-

402 3535 617 3574 manam
643 3517 1044 3588 intelligentiam
1071 3522 1287 3584 superat
1309 3554 1322 3578 ,
1357 3513 1641 3568 ediscere?
1682 3513 1992 3568 Paradisum

403 3613 642 3666 clausum
673 3612 880 3681 aperuit
905 3611 1062 3664 hodie
1086 3627 1100 3661 :
1129 3607 1288 3661 hodie
1317 3605 1460 3660 enim
1488 3606 1747 3660 latronem
1771 3607 1821 3658 in
1847 3606 1992 3659 illum

405 3703 716 3761 introduxit.
765 3703 878 3756 Duo
923 3699 1328 3771 prmclarissima
1378 3697 1660 3755 facinora:
1694 3698 1993 3768 paradisum

404 3793 702 3859 reseravit,
733 3802 787 3848 et
815 3793 1073 3846 latronem
1117 3790 1432 3846 introduxit.
1482 3789 1731 3845 Reddidit
1756 3789 1827 3842 illi
1855 3786 1996 3840 anti-

405 3903 564 3959 quam
596 3887 820 3958 patriam
844 3926 858 3950 ,
892 3885 1101 3940 reduxit
1128 3885 1178 3939 in
1207 3893 1482 3954 paternam
1510 3885 1800 3938 civitatem.
1831 3878 1998 3932 Hodie

406 3995 601 4033 mecum
628 3979 726 4032 eris
747 4020 762 4042 ,
795 3977 997 4047 inquit,
1039 3977 1092 4030 in
1127 3977 1362 4047 paradiso
1399 3975 1545 4043 (Luc.
1573 3974 1662 4028 2'5.
1698 3973 1813 4047 45).
1860 3971 1997 4038 Quid

405 4069 576 4127 dicis?
602 4069 883 4124 cruciﬁxus
911 4077 965 4122 et
990 4069 1137 4124 cruci
1165 4067 1328 4120 clavis
1357 4065 1547 4120 afﬁxus
1577 4081 1634 4120 es
1659 4108 1672 4128 ,
1701 4076 1754 4121 et
1783 4063 1996 4136 paradi-

407 4177 530 4218 sum
563 4160 868 4232 promittis?
905 4159 1174 4228 quomodo
1213 4159 1328 4213 haec
1355 4160 1474 4212 talia
1517 4159 1796 4229 largieris?
1839 4161 1998 4226 Atqui

409 4253 604 4309 Paulus
644 4252 718 4305 ait
749 4267 763 4303 :
791 4248 1078 4317 Cruciﬁxus
1124 4258 1198 4303 est
1241 4251 1641 4317 exin/imitate.
1693 4250 1827 4303 Audi
1872 4263 1999 4303 vero

375 4409 380 4415 _
410 4361 539 4420 qute
592 4353 937 4416 sequuntur:
968 4344 1071 4400 Sed
1106 4339 1244 4398 'vivit
1286 4359 1350 4399 ea:
1392 4344 1581 4398 virtute
1619 4341 1718 4396 Dei
1744 4343 1832 4414 (2.
1858 4341 1982 4398 Cor.

412 4439 502 4493 15.
537 4437 614 4508 4).
633 4437 698 4491 ιιι
723 4452 912 4491 rursus
929 4437 1055 4490 alibi
1079 4452 1092 4488 :
1129 4435 1310 4489 Virtus
1326 4452 1440 4489 mea
1462 4436 1514 4489 in
1537 4434 1849 4504 inﬁrmitate
1864 4449 1986 4503 per-

409 4533 590 4603 ﬁcitur
620 4532 695 4600 (2.
726 4530 851 4585 Cor.
873 4529 960 4584 l2.
987 4529 1065 4601 9).
1098 4527 1394 4599 Propterea
1433 4528 1487 4582 in
1517 4542 1679 4584 cruce
1699 4527 1988 4598 polliceor,

412 4629 472 4672 ut
499 4628 553 4672 et
596 4633 691 4687 per
728 4618 864 4670 hanc
909 4617 1084 4671 discas
1121 4632 1295 4670 meam
1342 4617 1654 4686 potentiam.
1694 4617 1824 4670 Cum
1855 4617 2000 4670 enim

412 4722 542 4763 crux
569 4707 638 4762 sit
662 4721 751 4762 res
775 4705 1059 4776 injucunda
1082 4715 1136 4760 et
1166 4706 1387 4760 molesta
1407 4747 1420 4770 ,
1466 4722 1532 4760 ne
1558 4706 1756 4760 vultum
1783 4705 2000 4776 dejicias

416 4798 482 4852 ad
507 4798 681 4852 crucis
724 4807 969 4853 naturam
1010 4796 1295 4854 attendens
1319 4839 1332 4863 ,
1363 4797 1457 4852 sed
1483 4806 1541 4850 ut
1567 4797 1717 4852 lactus
1743 4806 1795 4852 et
1823 4797 2002 4852 alacer

419 4887 667 4946 efﬁciaris
689 4929 706 4954 ,
754 4888 820 4942 ad
861 4889 1098 4944 cruciﬁxi
1147 4890 1437 4958 potentiam
1485 4889 1777 4958 respiciens
1800 4932 1814 4954 ,
1847 4905 1908 4944 ea
1935 4889 2002 4945 de

419 4997 576 5039 causa
607 4979 696 5034 ille
726 4978 796 5034 ibi
827 4993 977 5034 suam
1008 4981 1098 5036 tibi
1131 4981 1378 5036 virtutem
1406 4981 1654 5035 ostendit.
1700 4979 1815 5036 Non
1860 4983 2001 5048 enim

423 5085 686 5130 mortuum
721 5071 993 5138 excitans,
1023 5087 1129 5125 non
1169 5072 1300 5126 mari
1332 5073 1633 5142 imperans,
1665 5087 1770 5126 non
1798 5071 2002 5126 daemo-

421 5181 516 5221 nes
541 5167 842 5236 increpans,
890 5163 984 5218 sed
1009 5163 1316 5229 cruciﬁxus,
1356 5165 1520 5219 clavis
1547 5163 1739 5218 afﬁxus
1763 5204 1778 5229 ,
1812 5165 2004 5233 injuria

390 5249 395 5294 ἶ
421 5256 664 5325 aﬁ‘ectus,
687 5258 856 5328 sputis
884 5255 1098 5317 oblitus,
1127 5255 1381 5309 conviciis
1407 5256 1695 5324 impetitus,
1741 5257 1918 5311 irrisui
1950 5265 2006 5312 et

424 5346 654 5403 ludibrio
680 5348 820 5418 apud
845 5361 1032 5402 omnes
1072 5343 1301 5411 habitus,
1335 5347 1504 5416 potuit
1529 5347 1593 5401 ad
1616 5364 1673 5402 se
1703 5348 1896 5402 malam
1923 5348 2003 5402 la-

428 5441 597 5496 tronis
638 5451 869 5496 mentem
909 5439 1197 5496 attrahere.
1249 5439 1380 5495 Vide
1423 5441 1687 5511 utrimque
1715 5444 2002 5512 pctentiam

426 5530 568 5586 illius
612 5532 1061 5603 eﬂ‘ulgescentem.
1119 5531 1427 5588 Creaturam
1471 5535 1772 5603 concussit,
1828 5550 2006 5607 petras

424 5621 653 5690 disrupit
674 5663 690 5688 ,
721 5625 949 5678 animam
983 5623 1202 5680 latronis
1237 5633 1382 5695 petra
1411 5626 1679 5682 duriorem
1714 5643 1835 5684 cera
1869 5631 2004 5684 mol-

429 5713 618 5769 liorem
663 5714 857 5773 ctl‘ecit.
911 5715 1079 5775 Hodie
1126 5734 1314 5773 mecum
1357 5721 1454 5776 erit
1497 5720 1545 5774 in
1577 5722 1833 5792 paradiso.
1868 5722 2002 5793 Quid

1685 5901 1810 5959 Τ

1119 285 1176 340 8.
1217 283 1499 343 JOANNIS
1536 284 2010 349 CHRYSOSTOMI
2047 289 2364 349 ARCHIEP.
2405 289 2937 350 CONSTANTINOP.

3596 302 3707 362 “0

2091 402 2222 458 dicis
2242 403 2268 456 ἲ
2302 401 2592 458 Cherubim
2619 413 2672 459 et
2695 403 2976 459 flammeus
3013 404 3158 460 ensis
3193 406 3504 463 custodiunt
3533 424 3704 480 para-

2091 494 2288 561 disum,
2322 504 2375 550 et
2403 503 2458 549 tu
2483 495 2673 549 latroni
2705 497 3000 566 ingressum
3033 511 3098 552 eo
3127 499 3440 567 polliceris?
3474 499 3707 573 Utique,

2092 587 2185 640 ait.
2215 585 2347 641 Nam
2373 597 2427 641 et
2455 601 2554 657 ego
2579 586 3003 642 Cherubinorum
3037 587 3293 643 Dominus
3318 603 3441 644 sum
3465 631 3482 655 ,
3529 600 3704 660 atque

2093 678 2227 748 ignis
2252 686 2306 733 et
2329 677 2624 750 gehennm,
2666 678 2894 747 vitioque
2922 687 2976 733 et
3014 681 3204 735 mortis
3231 689 3556 750 potestatem
3598 683 3704 736 lia-

2092 769 2230 836 beo;
2283 780 2562 840 propterea
2593 771 2721 825 dicit
2751 788 2766 823 :
2806 770 2974 826 Hodie
3001 789 3200 827 mecum
3225 775 3322 827 erit
3348 776 3403 827 in
3424 775 3699 844 paradiso.

2092 863 2224 918 Cum
2253 864 2473 918 virtutes
2499 863 2602 918 illa:
2643 865 2924 919 Dominum
2953 864 3220 931 viderint,
3247 867 3425 920 statim
3472 865 3701 931 cedent,

2091 956 2374 1024 locumque
2398 955 2618 1010 dabunt.
2665 956 2819 1025 Atqui
2859 956 3034 1010 nullus
3055 973 3150 1012 rex
3180 973 3432 1027 umquam
3459 957 3707 1026 patiatur

2091 1047 2370 1114 latronem,
2398 1057 2488 1103 aut
2507 1048 2669 1104 alium
2693 1049 2991 1119 quempiam
3018 1065 3084 1105 ex
3112 1048 3325 1105 famulis
3343 1064 3532 1104 secum
3556 1065 3704 1104 cono

2092 1140 2352 1195 sidentem
2399 1141 2451 1195 in
2484 1141 2669 1196 urbem
2718 1141 2921 1212 ingredi
2965 1159 2980 1195 :
3023 1153 3078 1196 at
3122 1145 3220 1197 iste
3267 1143 3703 1197 humanissith

2093 1232 2348 1287 Dominus
2379 1234 2478 1287 hoc
2505 1232 2625 1287 fecit
2657 1250 2669 1284 :
2710 1233 2763 1286 in
2789 1241 3024 1287 sanctam
3047 1248 3194 1288 suam
3225 1235 3452 1304 patriam
3488 1234 3702 1304 ingrcs.

2091 1337 2184 1377 sus
2226 1323 2483 1378 latronem
2511 1338 2689 1378 secum
2733 1323 3048 1389 introducit,
3082 1340 3187 1378 non
3228 1325 3567 1379 inhonorans
3599 1340 3703 1394 pa-

2093 1415 2346 1480 radisum,
2378 1417 2547 1481 absit,
2583 1416 2804 1484 pedibus
2834 1416 3055 1470 latronis
3076 1458 3091 1480 ,
3121 1417 3214 1470 sed
3247 1417 3347 1471 hoc
3374 1417 3494 1485 ipso
3523 1417 3702 1485 magis

2093 1506 2381 1560 honoratis.
2438 1506 2619 1560 llonor
2669 1507 2810 1559 enim
2856 1505 3091 1574 paradisi
3140 1519 3220 1561 est
3261 1507 3476 1561 habere
3530 1507 3701 1561 latent

2093 1596 2374 1652 Dominum
2400 1638 2414 1662 ,
2451 1606 2556 1651 tam
2588 1605 2856 1665 potentem
2883 1606 2936 1650 et
2964 1597 3252 1650 humanum
3274 1639 3288 1658 ,
3339 1607 3396 1650 ut
3431 1607 3489 1652 et
3531 1598 3704 1651 latro-

2092 1705 2214 1743 nem
2243 1689 2412 1758 possit
2435 1687 2647 1742 efﬁcere
2675 1688 2891 1757 dignum
2927 1688 3152 1756 paradisi
3185 1689 3416 1744 deliciis.
3471 1689 3697 1742 Etenim

2091 1778 2306 1848 quando
2352 1766 2660 1848 publicanos
2688 1789 2742 1832 et
2771 1779 3078 1832 meretrices
3108 1779 3163 1832 in
3189 1795 3410 1848 regnum
3441 1779 3699 1844 vocabat,

2094 1887 2199 1926 non
2232 1873 2408 1941 utique
2438 1872 2488 1926 id
2530 1872 2653 1926 fecit
2682 1888 2802 1926 cum
2835 1872 2979 1941 regni
3010 1871 3092 1925 sui
3134 1871 3400 1927 dedecore
3421 1913 3437 1936 ,
3470 1871 3569 1926 sed
3601 1886 3703 1940 po-

2094 1965 2198 2018 tius
2224 1964 2425 2033 majore
2451 1977 2570 2018 cum
2602 1962 2806 2018 honore
2832 1979 2847 2028 ;
2884 1964 3116 2018 ostendit
3141 1963 3281 2017 enim
3309 1978 3368 2018 sc
3394 1978 3520 2018 esse
3548 1963 3699 2031 ejus-

2095 2055 2238 2110 modi
2265 2054 2414 2125 regni
2437 2055 2690 2110 czelorum
2717 2055 2996 2110 Dominum
3013 2055 3102 2125 qui
3128 2056 3291 2109 etiam
3309 2056 3629 2110 meretrices
3643 2063 3701 2109 et

2097 2147 2406 2217 publicanos
2425 2156 2531 2201 tam
2554 2147 2803 2216 probatos
2829 2146 3002 2201 facere
3026 2155 3206 2217 queat,
3227 2156 3284 2201 nt
3299 2147 3442 2214 digni
3466 2148 3696 2200 videan-

2095 2249 2181 2296 tur
2206 2255 2268 2295 ea
2289 2281 2302 2306 ,
2334 2255 2450 2311 qua:
2472 2240 2598 2294 inibi
2628 2248 2741 2304 est,
2769 2241 2936 2310 gloria
2965 2249 3018 2294 et
3047 2255 3288 2294 munere.
3315 2239 3690 2308 Quemadmo-

2095 2334 2220 2389 dum
2252 2334 2409 2403 igitur
2432 2333 2697 2388 medieum
2727 2342 2833 2385 tum
2861 2331 3189 2386 admiramur
3213 2373 3227 2394 ,
3269 2346 3390 2386 cum
3422 2332 3698 2385 intuemur

2095 2442 2216 2482 eum
2257 2425 2498 2480 homines
2544 2423 2936 2494 incurabilibus'
2969 2423 3170 2477 morbis
3199 2421 3510 2476 laborantes
3533 2461 3549 2484 ,
3595 2421 3694 2476 de-

2095 2519 2243 2588 pulsa
2275 2518 2598 2582 inﬁrmitate,
2620 2517 2857 2586 pristina:
2884 2524 2937 2569 et
2963 2530 3107 2586 pura:
3131 2513 3348 2568 sanitati
3368 2514 3690 2568 restituere:

2097 2610 2168 2664 ita
2197 2619 2249 2664 et
2273 2607 2542 2662 Christum
2573 2607 2841 2662 admirare
2864 2647 2878 2670 ,
2918 2606 3192 2661 carissime
3217 2647 3231 2671 ,
3263 2613 3318 2658 et
3342 2603 3690 2672 obstupesce,

2097 2700 2218 2770 quia
2241 2699 2486 2754 homines
2528 2697 3008 2752 immedicabilibus
3033 2696 3226 2750 anima:
3266 2696 3472 2750 morbis
3494 2695 3693 2750 obstri-

2096 2802 2212 2846 ctos
2255 2793 2424 2861 potuit
2447 2800 2552 2845 eta
2595 2790 2796 2844 malitia
2848 2789 3113 2856 liberare,
3163 2797 3215 2843 et
3244 2804 3410 2859 regno
3436 2790 3693 2843 caelorum

2096 2884 2285 2953 dignos
2315 2883 2538 2938 reddere
2576 2897 2667 2937 eos
2691 2924 2704 2947 ,
2751 2882 2840 2950 qui
2877 2881 2943 2936 ad
2985 2895 3294 2951 supremum
3335 2880 3695 2950 improbitatis

2097 2975 2309 3028 culmen
2356 2975 2730 3029 ascenderant.
2787 2971 2954 3026 Hodie
2997 2987 3189 3025 mecum
3213 2971 3312 3026 eris
3341 2971 3396 3024 in
3423 2972 3686 3040 paradiso.

2099 3064 2327 3120 Grandis
2350 3065 2520 3120 honor
2545 3108 2559 3130 ,
2600 3065 2786 3133 ingens
2811 3062 2966 3133 hujus
2987 3063 3329 3117 humanitatis
3355 3061 3688 3132 magnitudo,

2098 3156 2483 3224 inexplicabilis
2531 3155 2688 3224 hujus
2735 3155 2986 3210 bonitatis
3036 3153 3388 3208 immensitas.
3444 3153 3573 3207 Nam
3622 3169 3690 3209 eo

2099 3248 2239 3317 quod
2271 3248 2574 3317 paradisum
2620 3245 2950 3316 ingreditur,
3001 3245 3174 3314 major
3216 3245 3385 3315 gloria
3418 3254 3502 3299 est
3547 3246 3688 3315 quod

2099 3357 2219 3395 cum
2251 3339 2473 3394 Domino
2495 3337 2805 3407 ingreditur.
2848 3335 2986 3402 Quid
3009 3377 3024 3402 ,
3054 3350 3266 3405 qutcso,
3294 3336 3525 3390 accidit?
3561 3337 3686 3406 quid

2100 3431 2234 3485 latro
2259 3427 2520 3499 ejusmodi
2549 3428 2690 3498 egit,
2721 3435 2778 3480 ut
2801 3441 2868 3480 ex
2897 3426 3186 3494 improviso
3211 3425 3278 3480 de
3305 3441 3466 3480 cruce
3494 3425 3684 3496 dignus

2101 3525 2346 3595 paradiso
2366 3519 2735 3594 judicaretur?
2761 3519 3001 3574 Breviter
3019 3560 3034 3585 ,
3063 3520 3108 3573 si
3133 3519 3333 3588 placet,
3366 3519 3539 3574 dicam
3561 3562 3573 3586 ,
3605 3519 3681 3573 la-

2102 3617 2375 3684 tronisque
2404 3614 2692 3669 bonitatem
2722 3620 2776 3666 et
2797 3610 3114 3681 probitatem
3139 3609 3438 3665 ostendam.
3467 3611 3681 3678 Quando

2101 3711 2290 3765 Petrus
2315 3707 2694 3777 discipulorum
2727 3705 2972 3776 princeps
3003 3703 3232 3774 negabat
3257 3702 3416 3771 infra,
3449 3713 3572 3758 tunc
3600 3705 3683 3759 ille

2103 3815 2260 3869 supra
2290 3799 2426 3853 ﬁxus
2458 3797 2509 3850 in
2541 3811 2699 3851 cruce
2728 3795 3004 3850 confessus
3026 3803 3128 3849 est.
3185 3795 3254 3848 Et
3293 3794 3396 3848 hoc
3438 3810 3544 3848 non
3574 3794 3679 3849 dixi

2102 3891 2281 3944 animo
2303 3886 2727 3959 reprehendendi
2759 3886 2972 3940 Petrum
2995 3927 3008 3950 ,
3037 3885 3215 3952 absit;
3262 3884 3353 3939 sed
3383 3893 3443 3938 ut
3462 3900 3679 3956 magna:

2104 3981 2394 4037 nimitatem
2429 3978 2672 4045 latronis,
2697 3987 2753 4033 et
2777 3980 3124 4033 excellentem
3152 3978 3258 4031 illis
3281 3977 3677 4047 pltilOSOphandi

2103 4073 2359 4128 rationem
2387 4071 2828 4125 demonstrarem.
2853 4067 2946 4124 llle
2968 4084 3071 4123 non
3096 4068 3210 4122 tulit
3226 4068 3477 4137 simplicis
3499 4068 3680 4138 puella:

2104 4164 2315 4228 minas;
2345 4162 2430 4216 hic
2458 4170 2623 4215 totum
2655 4161 2904 4230 populum
2943 4158 3318 4222 insanientem,
3353 4169 3407 4213 et
3435 4159 3676 4213 assisten-

2107 4265 2235 4321 tem,
2267 4263 2322 4308 et
2347 4251 2726 4306 vociferantem
2753 4293 2767 4318 ,
2813 4259 2867 4305 et
2894 4250 3096 4305 inﬁnita
3125 4250 3177 4304 in
3218 4249 3529 4304 cruciﬁxum
3554 4264 3667 4304 con-

2105 4346 2238 4400 vicia
2281 4344 2570 4415 jactantem
2616 4342 2958 4411 conspicatus
2985 4382 3000 4408 ,
3051 4357 3158 4395 non
3199 4342 3357 4396 vertit
3399 4341 3578 4396 oculos
3615 4339 3676 4395 ad

2105 4437 2348 4506 injuriam
2397 4433 2674 4500 cruciﬁxi;
2724 4433 2818 4489 sed
2860 4433 2982 4488 ﬁdei
3009 4434 3176 4492 oculis
3205 4434 3384 4487 omnia
3414 4433 3528 4487 ha'c
3552 4449 3678 4502 prte-

2107 4538 2410 4583 tercurrens
2435 4567 2452 4595 ,
2497 4527 2749 4598 omnique
2792 4527 3004 4598 indigna
3025 4566 3044 4593 ,
3083 4536 3137 4581 et
3164 4542 3280 4596 qua:
3312 4526 3678 4595 impedimento

2106 4635 2224 4675 esse
2254 4627 2460 4689 poterat
2484 4660 2499 4685 ,
2528 4618 2877 4688 persuasione
2902 4618 3105 4687 ahjceta
3131 4659 3148 4684 ,
3183 4619 3399 4686 agnovit
3439 4618 3677 4672 caelorum

2107 4715 2411 4781 Dominum,
2443 4715 2664 4784 paucula
2695 4714 2780 4768 illa
2807 4712 2964 4768 verba
2985 4713 3332 4783 proloquutns
3355 4754 3370 4778 ,
3401 4727 3521 4782 qua:
3541 4711 3674 4766 illum

2106 4808 2352 4880 paradiso
2381 4805 2598 4876 dignum
2635 4805 3023 4860 ostenderunt:
3067 4803 3321 4858 Memento
3363 4805 3461 4858 mei
3507 4805 3558 4858 in
3599 4813 3676 4859 tuo

2071 4907 2078 4915 '
2106 4915 2258 4971 regno
2283 4897 2431 4970 (Luc.
2457 4897 2547 4951 23.
2575 4895 2690 4964 42).
2721 4895 2798 4950 Ne
2820 4895 3250 4966 prmtervolemus
3269 4894 3677 4964 simpliciterboc

2106 4992 2306 5046 dictum
2331 5032 2346 5057 ,
2370 5004 2541 5060 neque
2581 4988 2774 5058 pudeat
2801 5002 2900 5041 nos
2928 4988 3238 5056 magistrum
3260 4987 3506 5056 accipere
3526 4988 3674 5042 latro-

2108 5090 2252 5143 nem,
2281 5075 2432 5146 cujus
2459 5071 2741 5143 Dominum
2771 5082 3012 5125 nostrum
3040 5085 3146 5124 non
3169 5069 3378 5142 puduit,
3412 5071 3674 5140 quominus

2110 5167 2337 5238 primum
2385 5163 2437 5218 in
2487 5161 2786 5232 paradisum
2835 5161 3110 5217 induceret
3146 5180 3160 5217 :
3201 5178 3268 5217 ne
3316 5164 3675 5220 erubescamus

2110 5259 2421 5329 magistrum
2462 5255 2654 5311 habere
2701 5255 2970 5310 hominem
3001 5255 3151 5308 illum
3176 5297 3191 5322 ,
3239 5255 3330 5325 qui
3373 5259 3501 5312 an‘te
3525 5267 3671 5312 totum

2110 5351 2397 5406 humanum
2441 5361 2609 5417 genus
2657 5345 2850 5417 dignus
2894 5357 2974 5403 est
3024 5346 3237 5402 habitus
3283 5350 3672 5404 conversatione

2111 5443 2360 5514 paradisi.
2385 5437 2602 5512 Singula
2628 5439 2786 5510 igitur
2806 5439 2963 5494 verba
2987 5440 3348 5509 expendamus
3369 5482 3384 5505 ,
3414 5449 3478 5496 ut
3495 5450 3544 5498 et
3565 5441 3671 5498 hinc

2111 5538 2364 5591 virtutem
2393 5534 2565 5588 crucis
2591 5531 2879 5587 discamus.
2934 5531 3116 5599 Neque
3144 5530 3287 5586 enim
3317 5531 3384 5586 ad
3423 5533 3594 5598 illum,
3624 5544 3673 5588 ut

2111 5630 2178 5685 ad
2211 5630 2421 5684 Petrum
2462 5636 2517 5682 et
2554 5625 2818 5681 Andream
2843 5665 2856 5689 ,
2889 5624 3020 5678 dixit
3053 5640 3071 5679 .'
3109 5623 3280 5679 Venite
3314 5635 3363 5679 et
3395 5628 3574 5690 faciam
3600 5642 3673 5682 ro.-

2111 5720 2380 5792 piscatom
2429 5713 2682 5776 hominum
2728 5717 2948 5788 (Manli.
2982 5718 3034 5775 Δ.
3068 5717 3165 5789 19)
3196 5736 3209 5773 ;
3238 5731 3412 5790 neque
3459 5715 3583 5774 dixit
3617 5720 3676 5776 ad
