  <div class='ocr_page' id='page_1' title='image "/cluster/home/n/w/nwhite01/storage/ocr_20150623/49/mdp.39015028539461/408.png"; bbox 0 0 3862 6232; ppageno 0'>
   <div class='ocr_carea' id='block_1_1' title="bbox 106 320 205 377">
    <p class='ocr_par' dir='ltr' id='par_1_1' title="bbox 106 320 205 377">
     <span class='ocr_line' id='line_1_1' title="bbox 106 320 205 377; baseline 0 0"><span class='ocrx_word' id='word_1_1' title='bbox 106 320 205 377; x_wconf 68' lang='grc'><strong>409</strong></span> 
     </span>
    </p>
   </div>
   <div class='ocr_carea' id='block_1_2' title="bbox 102 437 1671 519">
    <p class='ocr_par' dir='ltr' id='par_1_2' title="bbox 102 437 1671 519">
     <span class='ocr_line' id='line_1_2' title="bbox 102 437 1671 519; baseline 0.003 -22"><span class='ocrx_word' id='word_1_2' title='bbox 102 437 196 497; x_wconf 71' lang='grc' dir='ltr'><strong>οὖν</strong></span> <span class='ocrx_word' id='word_1_3' title='bbox 214 439 460 512; x_wconf 73' lang='grc' dir='ltr'><strong>οὐρανὸς,</strong></span> <span class='ocrx_word' id='word_1_4' title='bbox 494 438 775 511; x_wconf 80' lang='grc' dir='ltr'><strong>ἐκαθάρθη</strong></span> <span class='ocrx_word' id='word_1_5' title='bbox 804 439 862 494; x_wconf 84' lang='grc' dir='ltr'><strong>δέ</strong></span> <span class='ocrx_word' id='word_1_6' title='bbox 887 440 983 495; x_wconf 73' lang='grc' dir='ltr'><strong>καὶ</strong></span> <span class='ocrx_word' id='word_1_7' title='bbox 1004 442 1039 514; x_wconf 88' lang='grc' dir='ltr'><strong>ή</strong></span> <span class='ocrx_word' id='word_1_8' title='bbox 1066 442 1161 514; x_wconf 82' lang='grc' dir='ltr'><strong>γῆ.</strong></span> <span class='ocrx_word' id='word_1_9' title='bbox 1192 443 1423 510; x_wconf 81' lang='grc' dir='ltr'><strong>Ἐσταξε</strong></span> <span class='ocrx_word' id='word_1_10' title='bbox 1466 447 1574 519; x_wconf 82' lang='grc' dir='ltr'><strong>γὰρ</strong></span> <span class='ocrx_word' id='word_1_11' title='bbox 1608 447 1671 503; x_wconf 88' lang='grc' dir='ltr'><strong>τδ</strong></span> 
     </span>
    </p>
   </div>
   <div class='ocr_carea' id='block_1_3' title="bbox 106 519 1673 602">
    <p class='ocr_par' dir='ltr' id='par_1_3' title="bbox 106 519 1673 602">
     <span class='ocr_line' id='line_1_3' title="bbox 106 519 1673 602; baseline 0.001 -20"><span class='ocrx_word' id='word_1_12' title='bbox 106 519 240 599; x_wconf 77' lang='grc' dir='ltr'><strong>αἷμα</strong></span> <span class='ocrx_word' id='word_1_13' title='bbox 268 525 374 580; x_wconf 81' lang='grc' dir='ltr'><strong>ἀπὸ</strong></span> <span class='ocrx_word' id='word_1_14' title='bbox 400 524 502 596; x_wconf 80' lang='grc' dir='ltr'><strong>τῆς</strong></span> <span class='ocrx_word' id='word_1_15' title='bbox 522 525 761 596; x_wconf 80' lang='grc' dir='ltr'><strong>πλευρᾶς</strong></span> <span class='ocrx_word' id='word_1_16' title='bbox 793 526 884 578; x_wconf 71' lang='grc' dir='ltr'><strong>ἐπὶ</strong></span> <span class='ocrx_word' id='word_1_17' title='bbox 905 523 1002 596; x_wconf 86' lang='grc' dir='ltr'><strong>τὴν</strong></span> <span class='ocrx_word' id='word_1_18' title='bbox 1018 526 1139 596; x_wconf 86' lang='grc' dir='ltr'><strong>γῆν,</strong></span> <span class='ocrx_word' id='word_1_19' title='bbox 1168 526 1367 583; x_wconf 77' lang='grc' dir='ltr'><strong>καὶτὸν</strong></span> <span class='ocrx_word' id='word_1_20' title='bbox 1400 528 1673 602; x_wconf 78' lang='grc' dir='ltr'><strong>μολυσμὸν</strong></span> 
     </span>
    </p>
   </div>
   <div class='ocr_carea' id='block_1_4' title="bbox 108 607 1676 684">
    <p class='ocr_par' dir='ltr' id='par_1_4' title="bbox 108 607 1676 684">
     <span class='ocr_line' id='line_1_4' title="bbox 108 607 1676 684; baseline 0.002 -21"><span class='ocrx_word' id='word_1_21' title='bbox 108 610 270 680; x_wconf 85' lang='grc' dir='ltr'><strong>αὐτῆς</strong></span> <span class='ocrx_word' id='word_1_22' title='bbox 322 608 538 669; x_wconf 72' lang='grc' dir='ltr'><strong>ᾶπαντα</strong></span> <span class='ocrx_word' id='word_1_23' title='bbox 595 607 950 680; x_wconf 81' lang='grc' dir='ltr'><strong>ἐξεκάθηρεν.</strong></span> <span class='ocrx_word' id='word_1_24' title='bbox 996 608 1138 663; x_wconf 81' lang='grc' dir='ltr'><strong>Ἀλλ’</strong></span> <span class='ocrx_word' id='word_1_25' title='bbox 1177 610 1281 664; x_wconf 82' lang='grc' dir='ltr'><strong>ὐπὸ</strong></span> <span class='ocrx_word' id='word_1_26' title='bbox 1319 611 1517 684; x_wconf 79' lang='grc' dir='ltr'><strong>στέγην</strong></span> <span class='ocrx_word' id='word_1_27' title='bbox 1574 612 1676 684; x_wconf 72' lang='grc' dir='ltr'><strong>μὲν</strong></span> 
     </span>
    </p>
   </div>
   <div class='ocr_carea' id='block_1_5' title="bbox 106 692 1672 767">
    <p class='ocr_par' dir='ltr' id='par_1_5' title="bbox 106 692 1672 767">
     <span class='ocr_line' id='line_1_5' title="bbox 106 692 1672 767; baseline 0.001 -20"><span class='ocrx_word' id='word_1_28' title='bbox 106 692 303 765; x_wconf 85' lang='grc' dir='ltr'><strong>ταύτης</strong></span> <span class='ocrx_word' id='word_1_29' title='bbox 331 692 519 746; x_wconf 71' lang='grc' dir='ltr'><strong>ἕνεκεν</strong></span> <span class='ocrx_word' id='word_1_30' title='bbox 547 693 647 764; x_wconf 81' lang='grc' dir='ltr'><strong>τῆς</strong></span> <span class='ocrx_word' id='word_1_31' title='bbox 695 693 872 757; x_wconf 86' lang='grc' dir='ltr'><strong>αἰτίας</strong></span> <span class='ocrx_word' id='word_1_32' title='bbox 900 695 961 747; x_wconf 92' lang='grc' dir='ltr'><strong>οὐ</strong></span> <span class='ocrx_word' id='word_1_33' title='bbox 1017 696 1387 767; x_wconf 77' lang='grc' dir='ltr'><strong>προσφέρεται</strong></span> <span class='ocrx_word' id='word_1_34' title='bbox 1419 697 1452 766; x_wconf 85' lang='grc' dir='ltr'>ἡ</span> <span class='ocrx_word' id='word_1_35' title='bbox 1477 695 1639 750; x_wconf 86' lang='grc' dir='ltr'><strong>θυσία</strong></span> <span class='ocrx_word' id='word_1_36' title='bbox 1657 714 1672 726; x_wconf 91' lang='grc'><strong>·</strong></span> 
     </span>
    </p>
   </div>
   <div class='ocr_carea' id='block_1_6' title="bbox 107 776 1673 850">
    <p class='ocr_par' dir='ltr' id='par_1_6' title="bbox 107 776 1673 850">
     <span class='ocr_line' id='line_1_6' title="bbox 107 776 1673 850; baseline 0.001 -19"><span class='ocrx_word' id='word_1_37' title='bbox 107 778 248 841; x_wconf 86' lang='grc' dir='ltr'><strong>τίνος</strong></span> <span class='ocrx_word' id='word_1_38' title='bbox 275 777 329 831; x_wconf 83' lang='grc' dir='ltr'><strong>δὲ</strong></span> <span class='ocrx_word' id='word_1_39' title='bbox 359 776 547 829; x_wconf 76' lang='grc' dir='ltr'><strong>ἕνεκεν</strong></span> <span class='ocrx_word' id='word_1_40' title='bbox 569 776 691 847; x_wconf 76' lang='grc' dir='ltr'><strong>οὐχὶ</strong></span> <span class='ocrx_word' id='word_1_41' title='bbox 717 778 776 828; x_wconf 87' lang='grc' dir='ltr'><strong>ἐν</strong></span> <span class='ocrx_word' id='word_1_42' title='bbox 804 776 953 847; x_wconf 83' lang='grc' dir='ltr'><strong>αὐτῷ</strong></span> <span class='ocrx_word' id='word_1_43' title='bbox 983 777 1063 848; x_wconf 81' lang='grc' dir='ltr'><strong>τῷ</strong></span> <span class='ocrx_word' id='word_1_44' title='bbox 1093 777 1206 848; x_wconf 84' lang='grc' dir='ltr'><strong>ναῷ</strong></span> <span class='ocrx_word' id='word_1_45' title='bbox 1243 778 1322 850; x_wconf 81' lang='grc' dir='ltr'><strong>τῷ</strong></span> <span class='ocrx_word' id='word_1_46' title='bbox 1366 778 1673 850; x_wconf 83' lang='grc' dir='ltr'><strong>’1ουδαῖκῷ;</strong></span> 
     </span>
    </p>
   </div>
   <div class='ocr_carea' id='block_1_7' title="bbox 108 859 1677 934">
    <p class='ocr_par' dir='ltr' id='par_1_7' title="bbox 108 859 1677 934">
     <span class='ocr_line' id='line_1_7' title="bbox 108 859 1677 934; baseline -0.001 -19"><span class='ocrx_word' id='word_1_47' title='bbox 108 861 216 915; x_wconf 80' lang='lat' dir='ltr'><strong><em>Kal</em></strong></span> <span class='ocrx_word' id='word_1_48' title='bbox 257 860 411 915; x_wconf 83' lang='grc' dir='ltr'><strong>τοῦτο</strong></span> <span class='ocrx_word' id='word_1_49' title='bbox 458 859 621 913; x_wconf 85' lang='grc' dir='ltr'><strong>πάλιν</strong></span> <span class='ocrx_word' id='word_1_50' title='bbox 650 862 749 931; x_wconf 87' lang='grc' dir='ltr'><strong>οὐχ</strong></span> <span class='ocrx_word' id='word_1_51' title='bbox 777 859 985 924; x_wconf 86' lang='grc' dir='ltr'><strong>ἁπλῶς,</strong></span> <span class='ocrx_word' id='word_1_52' title='bbox 1026 860 1141 914; x_wconf 84' lang='grc' dir='ltr'><strong>ἀλλ’</strong></span> <span class='ocrx_word' id='word_1_53' title='bbox 1172 861 1259 917; x_wconf 83' lang='grc' dir='ltr'><strong>ἵνα</strong></span> <span class='ocrx_word' id='word_1_54' title='bbox 1304 860 1379 934; x_wconf 80' lang='grc' dir='ltr'><strong>μὴ</strong></span> <span class='ocrx_word' id='word_1_55' title='bbox 1416 861 1677 933; x_wconf 85' lang='grc' dir='ltr'><strong>ἰδιοποιή-</strong></span> 
     </span>
    </p>
   </div>
   <div class='ocr_carea' id='block_1_8' title="bbox 110 943 1678 1017">
    <p class='ocr_par' dir='ltr' id='par_1_8' title="bbox 110 943 1678 1017">
     <span class='ocr_line' id='line_1_8' title="bbox 110 943 1678 1017; baseline 0.001 -20"><span class='ocrx_word' id='word_1_56' title='bbox 110 962 302 1000; x_wconf 87' lang='grc' dir='ltr'><strong>σωνται</strong></span> <span class='ocrx_word' id='word_1_57' title='bbox 325 945 425 1015; x_wconf 79' lang='grc' dir='ltr'><strong>τὴν</strong></span> <span class='ocrx_word' id='word_1_58' title='bbox 454 943 646 998; x_wconf 81' lang='grc' dir='ltr'>θυσίαν</span> <span class='ocrx_word' id='word_1_59' title='bbox 669 945 720 997; x_wconf 75' lang='grc' dir='ltr'><strong>οἱ</strong></span> <span class='ocrx_word' id='word_1_60' title='bbox 760 943 1025 1006; x_wconf 85' lang='grc' dir='ltr'><strong>Ἰουδαῖοι,</strong></span> <span class='ocrx_word' id='word_1_61' title='bbox 1055 945 1141 998; x_wconf 73' lang='grc' dir='ltr'><strong>ἵνα</strong></span> <span class='ocrx_word' id='word_1_62' title='bbox 1166 945 1240 1015; x_wconf 87' lang='grc' dir='ltr'><strong>μὴ</strong></span> <span class='ocrx_word' id='word_1_63' title='bbox 1268 944 1496 1017; x_wconf 75' lang='grc' dir='ltr'><strong>νομίσῃς</strong></span> <span class='ocrx_word' id='word_1_64' title='bbox 1535 945 1678 1017; x_wconf 80' lang='grc' dir='ltr'><strong>ὑπὲρ</strong></span> 
     </span>
    </p>
   </div>
   <div class='ocr_carea' id='block_1_9' title="bbox 106 1025 1675 1101">
    <p class='ocr_par' dir='ltr' id='par_1_9' title="bbox 106 1025 1675 1101">
     <span class='ocr_line' id='line_1_9' title="bbox 106 1025 1675 1101; baseline -0.001 -19"><span class='ocrx_word' id='word_1_65' title='bbox 106 1026 201 1082; x_wconf 85' lang='grc' dir='ltr'><strong>τοῦ</strong></span> <span class='ocrx_word' id='word_1_66' title='bbox 228 1026 409 1091; x_wconf 77' lang='grc' dir='ltr'><strong>ἔθνους</strong></span> <span class='ocrx_word' id='word_1_67' title='bbox 439 1027 651 1079; x_wconf 85' lang='grc' dir='ltr'><strong>ἐκείνου</strong></span> <span class='ocrx_word' id='word_1_68' title='bbox 683 1026 848 1098; x_wconf 82' lang='grc' dir='ltr'><strong>μόνου</strong></span> <span class='ocrx_word' id='word_1_69' title='bbox 880 1027 981 1098; x_wconf 82' lang='grc' dir='ltr'><strong>τὴν</strong></span> <span class='ocrx_word' id='word_1_70' title='bbox 1026 1025 1220 1080; x_wconf 81' lang='grc' dir='ltr'><strong>θυσίαν</strong></span> <span class='ocrx_word' id='word_1_71' title='bbox 1250 1027 1675 1101; x_wconf 81' lang='grc' dir='ltr'><strong>προσφέρεσθαι,</strong></span> 
     </span>
    </p>
   </div>
   <div class='ocr_carea' id='block_1_10' title="bbox 109 1109 1679 1182">
    <p class='ocr_par' dir='ltr' id='par_1_10' title="bbox 109 1109 1679 1182">
     <span class='ocr_line' id='line_1_10' title="bbox 109 1109 1679 1182; baseline 0 -17"><span class='ocrx_word' id='word_1_72' title='bbox 109 1110 197 1165; x_wconf 83' lang='grc' dir='ltr'><strong>διὰ</strong></span> <span class='ocrx_word' id='word_1_73' title='bbox 223 1109 378 1164; x_wconf 90' lang='grc' dir='ltr'><strong>τοῦτο</strong></span> <span class='ocrx_word' id='word_1_74' title='bbox 402 1109 508 1174; x_wconf 77' lang='grc' dir='ltr'><strong>ἔξω</strong></span> <span class='ocrx_word' id='word_1_75' title='bbox 536 1110 638 1179; x_wconf 83' lang='grc' dir='ltr'><strong>τῆς</strong></span> <span class='ocrx_word' id='word_1_76' title='bbox 668 1109 905 1174; x_wconf 88' lang='grc' dir='ltr'><strong>πόλεως,</strong></span> <span class='ocrx_word' id='word_1_77' title='bbox 939 1109 1045 1176; x_wconf 77' lang='grc' dir='ltr'><strong>ἐξω</strong></span> <span class='ocrx_word' id='word_1_78' title='bbox 1062 1111 1171 1165; x_wconf 89' lang='grc' dir='ltr'><strong>τῶν</strong></span> <span class='ocrx_word' id='word_1_79' title='bbox 1194 1110 1410 1182; x_wconf 77' lang='grc' dir='ltr'><strong>τειχῶν,</strong></span> <span class='ocrx_word' id='word_1_80' title='bbox 1444 1111 1531 1165; x_wconf 84' lang='grc' dir='ltr'><strong>ἵνα</strong></span> <span class='ocrx_word' id='word_1_81' title='bbox 1571 1111 1679 1182; x_wconf 83' lang='grc' dir='ltr'><strong>μά-</strong></span> 
     </span>
    </p>
   </div>
   <div class='ocr_carea' id='block_1_11' title="bbox 110 1192 1679 1266">
    <p class='ocr_par' dir='ltr' id='par_1_11' title="bbox 110 1192 1679 1266">
     <span class='ocr_line' id='line_1_11' title="bbox 110 1192 1679 1266; baseline -0.001 -18"><span class='ocrx_word' id='word_1_82' title='bbox 110 1193 207 1266; x_wconf 80' lang='grc' dir='ltr'><strong>θῃς</strong></span> <span class='ocrx_word' id='word_1_83' title='bbox 237 1195 313 1248; x_wconf 85' lang='grc' dir='ltr'><strong>ὅτι</strong></span> <span class='ocrx_word' id='word_1_84' title='bbox 351 1192 615 1265; x_wconf 86' lang='grc' dir='ltr'><strong>καθολική</strong></span> <span class='ocrx_word' id='word_1_85' title='bbox 640 1196 788 1247; x_wconf 83' lang='grc' dir='ltr'><strong>ἐστιν</strong></span> <span class='ocrx_word' id='word_1_86' title='bbox 812 1196 846 1265; x_wconf 78' lang='grc' dir='ltr'><strong>ἡ</strong></span> <span class='ocrx_word' id='word_1_87' title='bbox 877 1194 1056 1261; x_wconf 87' lang='grc' dir='ltr'><strong>θυσία,</strong></span> <span class='ocrx_word' id='word_1_88' title='bbox 1080 1199 1169 1252; x_wconf 68' lang='grc' dir='ltr'><strong>ἵνα</strong></span> <span class='ocrx_word' id='word_1_89' title='bbox 1208 1194 1315 1265; x_wconf 89' lang='grc' dir='ltr'><strong>μάθ</strong></span> <span class='ocrx_word' id='word_1_90' title='bbox 1326 1211 1404 1266; x_wconf 77' lang='grc' dir='ltr'><strong>ης,</strong></span> <span class='ocrx_word' id='word_1_91' title='bbox 1428 1195 1510 1248; x_wconf 78' lang='grc' dir='ltr'><strong>ὅτι</strong></span> <span class='ocrx_word' id='word_1_92' title='bbox 1538 1194 1679 1266; x_wconf 82' lang='grc' dir='ltr'><strong>ὑπὲρ</strong></span> 
     </span>
    </p>
   </div>
   <div class='ocr_carea' id='block_1_12' title="bbox 108 1277 1681 1349">
    <p class='ocr_par' dir='ltr' id='par_1_12' title="bbox 108 1277 1681 1349">
     <span class='ocr_line' id='line_1_12' title="bbox 108 1277 1681 1349; baseline -0.001 -18"><span class='ocrx_word' id='word_1_93' title='bbox 108 1277 206 1346; x_wconf 83' lang='grc' dir='ltr'><strong>τῆς</strong></span> <span class='ocrx_word' id='word_1_94' title='bbox 225 1278 322 1348; x_wconf 82' lang='grc' dir='ltr'><strong>γῆς</strong></span> <span class='ocrx_word' id='word_1_95' title='bbox 349 1278 571 1348; x_wconf 81' lang='grc' dir='ltr'><strong>ἀπάσης</strong></span> <span class='ocrx_word' id='word_1_96' title='bbox 599 1278 746 1331; x_wconf 77' lang='grc' dir='ltr'><strong>ἐστὶν</strong></span> <span class='ocrx_word' id='word_1_97' title='bbox 768 1279 802 1348; x_wconf 86' lang='grc' dir='ltr'><strong>ή</strong></span> <span class='ocrx_word' id='word_1_98' title='bbox 828 1279 1133 1349; x_wconf 72' lang='grc' dir='ltr'><strong>προσφορὰ,</strong></span> <span class='ocrx_word' id='word_1_99' title='bbox 1156 1278 1249 1331; x_wconf 76' lang='grc' dir='ltr'><strong>καὶ</strong></span> <span class='ocrx_word' id='word_1_100' title='bbox 1274 1279 1360 1331; x_wconf 82' lang='grc' dir='ltr'><strong>ὅτι</strong></span> <span class='ocrx_word' id='word_1_101' title='bbox 1384 1277 1561 1338; x_wconf 78' lang='grc' dir='ltr'><strong>κοινὸς</strong></span> <span class='ocrx_word' id='word_1_102' title='bbox 1578 1277 1681 1346; x_wconf 82' lang='grc' dir='ltr'><strong>τῆς</strong></span> 
     </span>
    </p>
   </div>
   <div class='ocr_carea' id='block_1_13' title="bbox 111 1359 1681 1432">
    <p class='ocr_par' dir='ltr' id='par_1_13' title="bbox 111 1359 1681 1432">
     <span class='ocr_line' id='line_1_13' title="bbox 111 1359 1681 1432; baseline -0.002 -16"><span class='ocrx_word' id='word_1_103' title='bbox 111 1359 319 1432; x_wconf 83' lang='grc' dir='ltr'><strong>φύσεως</strong></span> <span class='ocrx_word' id='word_1_104' title='bbox 347 1361 503 1431; x_wconf 81' lang='grc' dir='ltr'><strong>ήμῶν</strong></span> <span class='ocrx_word' id='word_1_105' title='bbox 534 1360 754 1431; x_wconf 82' lang='grc' dir='ltr'><strong>ἀπάσης</strong></span> <span class='ocrx_word' id='word_1_106' title='bbox 792 1361 940 1414; x_wconf 83' lang='grc' dir='ltr'><strong>ἐστὶν</strong></span> <span class='ocrx_word' id='word_1_107' title='bbox 965 1363 995 1415; x_wconf 90' lang='lat'><strong>6</strong></span> <span class='ocrx_word' id='word_1_108' title='bbox 1030 1360 1387 1432; x_wconf 89' lang='grc' dir='ltr'><strong>καθαρισμός.</strong></span> <span class='ocrx_word' id='word_1_109' title='bbox 1432 1361 1558 1424; x_wconf 86' lang='grc' dir='ltr'><strong>Τοῖς</strong></span> <span class='ocrx_word' id='word_1_110' title='bbox 1581 1359 1681 1430; x_wconf 82' lang='grc' dir='ltr'><strong>μὲν</strong></span> 
     </span>
    </p>
   </div>
   <div class='ocr_carea' id='block_1_14' title="bbox 108 1442 1682 1515">
    <p class='ocr_par' dir='ltr' id='par_1_14' title="bbox 108 1442 1682 1515">
     <span class='ocr_line' id='line_1_14' title="bbox 108 1442 1682 1515; baseline -0.001 -18"><span class='ocrx_word' id='word_1_111' title='bbox 108 1445 217 1515; x_wconf 78' lang='grc' dir='ltr'><strong>γὰρ</strong></span> <span class='ocrx_word' id='word_1_112' title='bbox 256 1443 527 1508; x_wconf 81' lang='grc' dir='ltr'><strong>Ἰουδαίοις</strong></span> <span class='ocrx_word' id='word_1_113' title='bbox 557 1444 647 1498; x_wconf 80' lang='grc' dir='ltr'><strong>διὰ</strong></span> <span class='ocrx_word' id='word_1_114' title='bbox 678 1443 835 1498; x_wconf 89' lang='grc' dir='ltr'><strong>τοῦτο</strong></span> <span class='ocrx_word' id='word_1_115' title='bbox 855 1444 1140 1498; x_wconf 89' lang='grc' dir='ltr'><strong>ἐκέλευσεν</strong></span> <span class='ocrx_word' id='word_1_116' title='bbox 1164 1446 1192 1497; x_wconf 90' lang='grc' dir='ltr'><strong>ό</strong></span> <span class='ocrx_word' id='word_1_117' title='bbox 1225 1444 1356 1508; x_wconf 83' lang='grc' dir='ltr'>Θεὸς</span> <span class='ocrx_word' id='word_1_118' title='bbox 1379 1444 1558 1498; x_wconf 77' lang='grc' dir='ltr'><strong>πᾶσαν</strong></span> <span class='ocrx_word' id='word_1_119' title='bbox 1582 1442 1682 1514; x_wconf 79' lang='grc' dir='ltr'><strong>τὴν</strong></span> 
     </span>
    </p>
   </div>
   <div class='ocr_carea' id='block_1_15' title="bbox 108 1527 1683 1602">
    <p class='ocr_par' dir='ltr' id='par_1_15' title="bbox 108 1527 1683 1602">
     <span class='ocr_line' id='line_1_15' title="bbox 108 1527 1683 1602; baseline -0.005 -15"><span class='ocrx_word' id='word_1_120' title='bbox 108 1531 215 1601; x_wconf 78' lang='grc' dir='ltr'><strong>γῆν</strong></span> <span class='ocrx_word' id='word_1_121' title='bbox 246 1532 482 1602; x_wconf 82' lang='grc' dir='ltr'><strong>ἀφιέναι.</strong></span> <span class='ocrx_word' id='word_1_122' title='bbox 502 1533 597 1587; x_wconf 74' lang='grc' dir='ltr'><strong>καὶ</strong></span> <span class='ocrx_word' id='word_1_123' title='bbox 625 1532 705 1596; x_wconf 87' lang='grc' dir='ltr'><strong>εἰς</strong></span> <span class='ocrx_word' id='word_1_124' title='bbox 732 1530 831 1585; x_wconf 72' lang='lat' dir='ltr'><strong>Eva</strong></span> <span class='ocrx_word' id='word_1_125' title='bbox 862 1530 1024 1584; x_wconf 80' lang='grc' dir='ltr'><strong>τόπον</strong></span> <span class='ocrx_word' id='word_1_126' title='bbox 1051 1528 1201 1601; x_wconf 77' lang='grc'><strong>[415]</strong></span> <span class='ocrx_word' id='word_1_127' title='bbox 1226 1527 1577 1600; x_wconf 80' lang='grc' dir='ltr'><strong>προσφέρειν,</strong></span> <span class='ocrx_word' id='word_1_128' title='bbox 1603 1527 1683 1593; x_wconf 90' lang='grc' dir='ltr'><strong>εἰς</strong></span> 
     </span>
    </p>
   </div>
   <div class='ocr_carea' id='block_1_16' title="bbox 111 1610 1684 1685">
    <p class='ocr_par' dir='ltr' id='par_1_16' title="bbox 111 1610 1684 1685">
     <span class='ocr_line' id='line_1_16' title="bbox 111 1610 1684 1685; baseline -0.003 -18"><span class='ocrx_word' id='word_1_129' title='bbox 111 1613 208 1667; x_wconf 73' lang='grc' dir='ltr'><strong>ἕνα</strong></span> <span class='ocrx_word' id='word_1_130' title='bbox 233 1614 395 1667; x_wconf 82' lang='grc' dir='ltr'><strong>τόπον</strong></span> <span class='ocrx_word' id='word_1_131' title='bbox 427 1614 713 1685; x_wconf 66' lang='grc' dir='ltr'><strong>εὐχεσθαν</strong></span> <span class='ocrx_word' id='word_1_132' title='bbox 752 1613 943 1683; x_wconf 79' lang='grc' dir='ltr'><strong>ἐπειδὴ</strong></span> <span class='ocrx_word' id='word_1_133' title='bbox 977 1615 1129 1666; x_wconf 83' lang='grc' dir='ltr'><strong>πᾶσα</strong></span> <span class='ocrx_word' id='word_1_134' title='bbox 1151 1614 1185 1683; x_wconf 91' lang='grc' dir='ltr'><strong>ή</strong></span> <span class='ocrx_word' id='word_1_135' title='bbox 1209 1611 1283 1682; x_wconf 83' lang='grc' dir='ltr'><strong>γῆ</strong></span> <span class='ocrx_word' id='word_1_136' title='bbox 1303 1611 1425 1664; x_wconf 88' lang='grc' dir='ltr'><strong>τότε</strong></span> <span class='ocrx_word' id='word_1_137' title='bbox 1447 1610 1684 1682; x_wconf 83' lang='grc' dir='ltr'><strong>ἀκάθαρ-</strong></span> 
     </span>
    </p>
   </div>
   <div class='ocr_carea' id='block_1_17' title="bbox 107 1693 1683 1770">
    <p class='ocr_par' dir='ltr' id='par_1_17' title="bbox 107 1693 1683 1770">
     <span class='ocr_line' id='line_1_17' title="bbox 107 1693 1683 1770; baseline -0.006 -15"><span class='ocrx_word' id='word_1_138' title='bbox 107 1715 202 1762; x_wconf 79' lang='grc' dir='ltr'><strong>τος</strong></span> <span class='ocrx_word' id='word_1_139' title='bbox 230 1693 299 1770; x_wconf 77' lang='grc' dir='ltr'><strong>ἦν</strong></span> <span class='ocrx_word' id='word_1_140' title='bbox 343 1699 450 1753; x_wconf 81' lang='grc' dir='ltr'><strong>ἀπὺ</strong></span> <span class='ocrx_word' id='word_1_141' title='bbox 479 1698 574 1752; x_wconf 92' lang='grc' dir='ltr'><strong>τοῦ</strong></span> <span class='ocrx_word' id='word_1_142' title='bbox 608 1697 838 1762; x_wconf 82' lang='grc' dir='ltr'><strong>καπνοῦ,</strong></span> <span class='ocrx_word' id='word_1_143' title='bbox 890 1698 985 1751; x_wconf 75' lang='grc' dir='ltr'><strong>καί¹</strong></span> <span class='ocrx_word' id='word_1_144' title='bbox 1027 1696 1127 1767; x_wconf 79' lang='grc' dir='ltr'><strong>τῆς</strong></span> <span class='ocrx_word' id='word_1_145' title='bbox 1158 1696 1405 1766; x_wconf 86' lang='grc' dir='ltr'><strong>κνίσσης,</strong></span> <span class='ocrx_word' id='word_1_146' title='bbox 1454 1694 1683 1748; x_wconf 74' lang='grc' dir='ltr'><strong>καὶτῶν</strong></span> 
     </span>
    </p>
   </div>
   <div class='ocr_carea' id='block_1_18' title="bbox 110 1777 1685 1854">
    <p class='ocr_par' dir='ltr' id='par_1_18' title="bbox 110 1777 1685 1854">
     <span class='ocr_line' id='line_1_18' title="bbox 110 1777 1685 1854; baseline -0.005 -17"><span class='ocrx_word' id='word_1_147' title='bbox 110 1781 402 1838; x_wconf 80' lang='grc' dir='ltr'><strong>είδωλικῶν</strong></span> <span class='ocrx_word' id='word_1_148' title='bbox 446 1783 716 1854; x_wconf 87' lang='grc' dir='ltr'><strong>αίμάτων,</strong></span> <span class='ocrx_word' id='word_1_149' title='bbox 751 1783 843 1835; x_wconf 80' lang='grc' dir='ltr'><strong>καὶ</strong></span> <span class='ocrx_word' id='word_1_150' title='bbox 879 1780 988 1835; x_wconf 89' lang='grc' dir='ltr'><strong>τῶν</strong></span> <span class='ocrx_word' id='word_1_151' title='bbox 1044 1779 1220 1833; x_wconf 86' lang='grc' dir='ltr'><strong>ἀλλων</strong></span> <span class='ocrx_word' id='word_1_152' title='bbox 1256 1777 1547 1849; x_wconf 81' lang='grc' dir='ltr'><strong>μολυσμῶν</strong></span> <span class='ocrx_word' id='word_1_153' title='bbox 1577 1777 1685 1830; x_wconf 91' lang='grc' dir='ltr'><strong>τῶν</strong></span> 
     </span>
    </p>
   </div>
   <div class='ocr_carea' id='block_1_19' title="bbox 62 1862 1682 1935">
    <p class='ocr_par' dir='ltr' id='par_1_19' title="bbox 62 1862 1682 1935">
     <span class='ocr_line' id='line_1_19' title="bbox 62 1862 1682 1935; baseline -0.002 -18"><span class='ocrx_word' id='word_1_154' title='bbox 62 1906 67 1917; x_wconf 88' lang='grc'>.</span> <span class='ocrx_word' id='word_1_155' title='bbox 120 1865 480 1935; x_wconf 68' lang='grc' dir='ltr'><strong>Ἑλληνικῶν*</strong></span> <span class='ocrx_word' id='word_1_156' title='bbox 527 1867 617 1923; x_wconf 75' lang='grc' dir='ltr'><strong>διὰ</strong></span> <span class='ocrx_word' id='word_1_157' title='bbox 659 1866 817 1920; x_wconf 85' lang='grc' dir='ltr'><strong>τοῦτο</strong></span> <span class='ocrx_word' id='word_1_158' title='bbox 851 1866 1038 1927; x_wconf 88' lang='grc' dir='ltr'><strong>αὐτοῖς</strong></span> <span class='ocrx_word' id='word_1_159' title='bbox 1065 1864 1161 1916; x_wconf 76' lang='grc' dir='ltr'><strong>ἕνα</strong></span> <span class='ocrx_word' id='word_1_160' title='bbox 1197 1863 1359 1917; x_wconf 86' lang='grc' dir='ltr'><strong>τόπον</strong></span> <span class='ocrx_word' id='word_1_161' title='bbox 1402 1862 1682 1927; x_wconf 81' lang='grc' dir='ltr'><strong>ἐπέταξεν.</strong></span> 
     </span>
    </p>
   </div>
   <div class='ocr_carea' id='block_1_20' title="bbox 123 1944 1683 2021">
    <p class='ocr_par' dir='ltr' id='par_1_20' title="bbox 123 1944 1683 2021">
     <span class='ocr_line' id='line_1_20' title="bbox 123 1944 1683 2021; baseline -0.003 -18"><span class='ocrx_word' id='word_1_162' title='bbox 123 1948 265 2003; x_wconf 82' lang='grc' dir='ltr'><strong>Ἀλλ’</strong></span> <span class='ocrx_word' id='word_1_163' title='bbox 296 1949 463 2004; x_wconf 83' lang='grc' dir='ltr'><strong>ἐλθὼν</strong></span> <span class='ocrx_word' id='word_1_164' title='bbox 496 1953 527 2004; x_wconf 97' lang='lat'><strong>6</strong></span> <span class='ocrx_word' id='word_1_165' title='bbox 566 1950 821 2021; x_wconf 83' lang='grc' dir='ltr'><strong>Χριστὸς,</strong></span> <span class='ocrx_word' id='word_1_166' title='bbox 859 1950 955 2003; x_wconf 73' lang='grc' dir='ltr'><strong>καὶ</strong></span> <span class='ocrx_word' id='word_1_167' title='bbox 983 1949 1083 2019; x_wconf 79' lang='grc' dir='ltr'><strong>τῆς</strong></span> <span class='ocrx_word' id='word_1_168' title='bbox 1115 1948 1323 2011; x_wconf 86' lang='grc' dir='ltr'><strong>πόλεως</strong></span> <span class='ocrx_word' id='word_1_169' title='bbox 1344 1946 1448 2013; x_wconf 78' lang='grc' dir='ltr'><strong>ἔξω</strong></span> <span class='ocrx_word' id='word_1_170' title='bbox 1473 1944 1683 2010; x_wconf 87' lang='grc' dir='ltr'><strong>παθὼν,</strong></span> 
     </span>
    </p>
   </div>
   <div class='ocr_carea' id='block_1_21' title="bbox 112 2032 1687 2109">
    <p class='ocr_par' dir='ltr' id='par_1_21' title="bbox 112 2032 1687 2109">
     <span class='ocr_line' id='line_1_21' title="bbox 112 2032 1687 2109; baseline -0.001 -23"><span class='ocrx_word' id='word_1_171' title='bbox 112 2034 292 2087; x_wconf 77' lang='grc' dir='ltr'><strong>πᾶσαν</strong></span> <span class='ocrx_word' id='word_1_172' title='bbox 323 2034 422 2105; x_wconf 81' lang='grc' dir='ltr'><strong>τὴν</strong></span> <span class='ocrx_word' id='word_1_173' title='bbox 442 2033 839 2109; x_wconf 68' lang='grc' dir='ltr'><strong>γῆν-ἐκάθηρε,</strong></span> <span class='ocrx_word' id='word_1_174' title='bbox 869 2034 1046 2088; x_wconf 86' lang='grc' dir='ltr'><strong>πάντα</strong></span> <span class='ocrx_word' id='word_1_175' title='bbox 1074 2033 1235 2087; x_wconf 90' lang='grc' dir='ltr'><strong>τόπον</strong></span> <span class='ocrx_word' id='word_1_176' title='bbox 1259 2034 1424 2101; x_wconf 82' lang='grc' dir='ltr'><strong>εὐκτή</strong></span> <span class='ocrx_word' id='word_1_177' title='bbox 1435 2048 1546 2103; x_wconf 87' lang='grc' dir='ltr'><strong>ριον</strong></span> <span class='ocrx_word' id='word_1_178' title='bbox 1575 2032 1687 2100; x_wconf 83' lang='grc' dir='ltr'><strong>είρ-</strong></span> 
     </span>
    </p>
   </div>
   <div class='ocr_carea' id='block_1_22' title="bbox 108 2115 1689 2191">
    <p class='ocr_par' dir='ltr' id='par_1_22' title="bbox 108 2115 1689 2191">
     <span class='ocr_line' id='line_1_22' title="bbox 108 2115 1689 2191; baseline -0.003 -19"><span class='ocrx_word' id='word_1_179' title='bbox 108 2117 335 2187; x_wconf 83' lang='grc' dir='ltr'><strong>γάσατο.</strong></span> <span class='ocrx_word' id='word_1_180' title='bbox 370 2118 557 2172; x_wconf 83' lang='grc' dir='ltr'><strong>Βούλει</strong></span> <span class='ocrx_word' id='word_1_181' title='bbox 590 2118 784 2191; x_wconf 80' lang='grc' dir='ltr'><strong>μαθεῖν</strong></span> <span class='ocrx_word' id='word_1_182' title='bbox 812 2118 929 2181; x_wconf 85' lang='grc' dir='ltr'><strong>πῶς</strong></span> <span class='ocrx_word' id='word_1_183' title='bbox 966 2119 1114 2171; x_wconf 81' lang='grc' dir='ltr'><strong>πᾶσα</strong></span> <span class='ocrx_word' id='word_1_184' title='bbox 1162 2119 1195 2188; x_wconf 84' lang='grc' dir='ltr'><strong>ή</strong></span> <span class='ocrx_word' id='word_1_185' title='bbox 1248 2117 1322 2187; x_wconf 87' lang='grc' dir='ltr'><strong>γῆ</strong></span> <span class='ocrx_word' id='word_1_186' title='bbox 1349 2116 1534 2169; x_wconf 77' lang='grc' dir='ltr'><strong>λοιπὸν</strong></span> <span class='ocrx_word' id='word_1_187' title='bbox 1561 2115 1689 2180; x_wconf 87' lang='grc' dir='ltr'><strong>ναὸς</strong></span> 
     </span>
    </p>
   </div>
   <div class='ocr_carea' id='block_1_23' title="bbox 109 2199 1688 2272">
    <p class='ocr_par' dir='ltr' id='par_1_23' title="bbox 109 2199 1688 2272">
     <span class='ocr_line' id='line_1_23' title="bbox 109 2199 1688 2272; baseline -0.002 -17"><span class='ocrx_word' id='word_1_188' title='bbox 109 2203 346 2270; x_wconf 84' lang='grc' dir='ltr'><strong>ἐγένετο,</strong></span> <span class='ocrx_word' id='word_1_189' title='bbox 400 2204 496 2257; x_wconf 77' lang='grc' dir='ltr'><strong>καὶ</strong></span> <span class='ocrx_word' id='word_1_190' title='bbox 547 2203 664 2267; x_wconf 85' lang='grc' dir='ltr'><strong>πῶς</strong></span> <span class='ocrx_word' id='word_1_191' title='bbox 716 2204 824 2267; x_wconf 82' lang='grc' dir='ltr'><strong>πᾶς</strong></span> <span class='ocrx_word' id='word_1_192' title='bbox 856 2203 1020 2264; x_wconf 87' lang='grc' dir='ltr'><strong>τόπος</strong></span> <span class='ocrx_word' id='word_1_193' title='bbox 1072 2201 1357 2272; x_wconf 85' lang='grc' dir='ltr'><strong>εὐκτήριος</strong></span> <span class='ocrx_word' id='word_1_194' title='bbox 1412 2199 1688 2270; x_wconf 82' lang='grc' dir='ltr'><strong>κατέστη;</strong></span> 
     </span>
    </p>
   </div>
   <div class='ocr_carea' id='block_1_24' title="bbox 113 2285 1691 2359">
    <p class='ocr_par' dir='ltr' id='par_1_24' title="bbox 113 2285 1691 2359">
     <span class='ocr_line' id='line_1_24' title="bbox 113 2285 1691 2359; baseline -0.002 -19"><span class='ocrx_word' id='word_1_195' title='bbox 113 2288 382 2342; x_wconf 79' lang='grc' dir='ltr'><strong>’Ἄκουσον</strong></span> <span class='ocrx_word' id='word_1_196' title='bbox 405 2288 567 2341; x_wconf 87' lang='grc' dir='ltr'><strong>πάλιν</strong></span> <span class='ocrx_word' id='word_1_197' title='bbox 587 2288 682 2343; x_wconf 87' lang='grc' dir='ltr'><strong>τοῦ</strong></span> <span class='ocrx_word' id='word_1_198' title='bbox 724 2287 995 2359; x_wconf 78' lang='grc' dir='ltr'><strong>μακαρίου</strong></span> <span class='ocrx_word' id='word_1_199' title='bbox 1033 2285 1245 2340; x_wconf 80' lang='grc' dir='ltr'><strong>Παύλου</strong></span> <span class='ocrx_word' id='word_1_200' title='bbox 1279 2285 1559 2354; x_wconf 88' lang='grc' dir='ltr'><strong>λέγοντος·</strong></span> <span class='ocrx_word' id='word_1_201' title='bbox 1593 2285 1691 2338; x_wconf 75' lang='grc' dir='ltr'><strong>Ἐν</strong></span> 
     </span>
    </p>
   </div>
   <div class='ocr_carea' id='block_1_25' title="bbox 111 2370 1690 2441">
    <p class='ocr_par' dir='ltr' id='par_1_25' title="bbox 111 2370 1690 2441">
     <span class='ocr_line' id='line_1_25' title="bbox 111 2370 1690 2441; baseline -0.003 -14"><span class='ocrx_word' id='word_1_202' title='bbox 111 2374 292 2427; x_wconf 74' lang='grc' dir='ltr'><strong>παντὶ</strong></span> <span class='ocrx_word' id='word_1_203' title='bbox 333 2375 492 2440; x_wconf 82' lang='grc' dir='ltr'><strong>τόπῳ</strong></span> <span class='ocrx_word' id='word_1_204' title='bbox 520 2373 871 2441; x_wconf 78' lang='grc' dir='ltr'><strong>ἐπαίροντες</strong></span> <span class='ocrx_word' id='word_1_205' title='bbox 909 2373 1121 2438; x_wconf 83' lang='grc' dir='ltr'><strong>ὁσίους</strong></span> <span class='ocrx_word' id='word_1_206' title='bbox 1152 2370 1353 2441; x_wconf 81' lang='grc' dir='ltr'><strong>χεῖρας</strong></span> <span class='ocrx_word' id='word_1_207' title='bbox 1380 2371 1560 2439; x_wconf 80' lang='grc' dir='ltr'><strong>χωρὶς</strong></span> <span class='ocrx_word' id='word_1_208' title='bbox 1594 2371 1690 2438; x_wconf 83' lang='grc' dir='ltr'><strong>ὀρ-</strong></span> 
     </span>
    </p>
   </div>
   <div class='ocr_carea' id='block_1_26' title="bbox 109 2453 1694 2529">
    <p class='ocr_par' dir='ltr' id='par_1_26' title="bbox 109 2453 1694 2529">
     <span class='ocr_line' id='line_1_26' title="bbox 109 2453 1694 2529; baseline -0.002 -19"><span class='ocrx_word' id='word_1_209' title='bbox 109 2456 225 2529; x_wconf 73' lang='grc' dir='ltr'><strong>γῆς</strong></span> <span class='ocrx_word' id='word_1_210' title='bbox 245 2458 341 2512; x_wconf 84' lang='grc' dir='ltr'><strong>καί</strong></span> <span class='ocrx_word' id='word_1_211' title='bbox 370 2457 787 2527; x_wconf 65' lang='grc' dir='ltr'><strong>διαλογισμοῦ.</strong></span> <span class='ocrx_word' id='word_1_212' title='bbox 812 2453 966 2521; x_wconf 82' lang='grc' dir='ltr'><strong>Εἶδες</strong></span> <span class='ocrx_word' id='word_1_213' title='bbox 991 2454 1108 2520; x_wconf 86' lang='grc' dir='ltr'><strong>πῶς</strong></span> <span class='ocrx_word' id='word_1_214' title='bbox 1136 2454 1373 2526; x_wconf 79' lang='grc' dir='ltr'>ἐκάθηρε</span> <span class='ocrx_word' id='word_1_215' title='bbox 1393 2455 1491 2525; x_wconf 85' lang='grc' dir='ltr'><strong>τὴν</strong></span> <span class='ocrx_word' id='word_1_216' title='bbox 1517 2456 1694 2509; x_wconf 79' lang='grc' dir='ltr'><strong>οἰκου-</strong></span> 
     </span>
    </p>
   </div>
   <div class='ocr_carea' id='block_1_27' title="bbox 114 2539 1693 2614">
    <p class='ocr_par' dir='ltr' id='par_1_27' title="bbox 114 2539 1693 2614">
     <span class='ocr_line' id='line_1_27' title="bbox 114 2539 1693 2614; baseline -0.001 -20"><span class='ocrx_word' id='word_1_217' title='bbox 114 2543 316 2614; x_wconf 76' lang='grc' dir='ltr'><strong>μένηνς</strong></span> <span class='ocrx_word' id='word_1_218' title='bbox 359 2541 495 2606; x_wconf 85' lang='grc' dir='ltr'><strong>εἶδες</strong></span> <span class='ocrx_word' id='word_1_219' title='bbox 548 2542 664 2605; x_wconf 87' lang='grc' dir='ltr'><strong>πῶς</strong></span> <span class='ocrx_word' id='word_1_220' title='bbox 699 2540 977 2612; x_wconf 82' lang='grc' dir='ltr'><strong>πανταχοῦ</strong></span> <span class='ocrx_word' id='word_1_221' title='bbox 1012 2540 1259 2612; x_wconf 79' lang='grc' dir='ltr'><strong>ἐπαίρειν</strong></span> <span class='ocrx_word' id='word_1_222' title='bbox 1293 2539 1471 2602; x_wconf 81' lang='grc' dir='ltr'><strong>ὁσίους</strong></span> <span class='ocrx_word' id='word_1_223' title='bbox 1504 2541 1693 2610; x_wconf 87' lang='grc' dir='ltr'><strong>χεῖρας</strong></span> 
     </span>
    </p>
   </div>
   <div class='ocr_carea' id='block_1_28' title="bbox 109 2622 1696 2698">
    <p class='ocr_par' dir='ltr' id='par_1_28' title="bbox 109 2622 1696 2698">
     <span class='ocr_line' id='line_1_28' title="bbox 109 2622 1696 2698; baseline -0.001 -19"><span class='ocrx_word' id='word_1_224' title='bbox 109 2625 422 2695; x_wconf 76' lang='grc' dir='ltr'><strong>δυνάμεθας</strong></span> <span class='ocrx_word' id='word_1_225' title='bbox 458 2627 617 2679; x_wconf 80' lang='grc' dir='ltr'><strong>Πᾶσα</strong></span> <span class='ocrx_word' id='word_1_226' title='bbox 643 2625 753 2697; x_wconf 79' lang='grc' dir='ltr'><strong>γὰρ</strong></span> <span class='ocrx_word' id='word_1_227' title='bbox 777 2629 809 2698; x_wconf 83' lang='grc' dir='ltr'><strong>ἡ</strong></span> <span class='ocrx_word' id='word_1_228' title='bbox 832 2626 904 2695; x_wconf 85' lang='grc' dir='ltr'><strong>γῆ</strong></span> <span class='ocrx_word' id='word_1_229' title='bbox 926 2625 1149 2694; x_wconf 88' lang='grc' dir='ltr'><strong>γέγονεν</strong></span> <span class='ocrx_word' id='word_1_230' title='bbox 1171 2625 1301 2693; x_wconf 88' lang='grc' dir='ltr'><strong>ἀγία</strong></span> <span class='ocrx_word' id='word_1_231' title='bbox 1326 2623 1529 2687; x_wconf 84' lang='grc' dir='ltr'><strong>λοιπὸν,</strong></span> <span class='ocrx_word' id='word_1_232' title='bbox 1560 2622 1696 2694; x_wconf 78' lang='grc' dir='ltr'><strong>μᾶλ-</strong></span> 
     </span>
    </p>
   </div>
   <div class='ocr_carea' id='block_1_29' title="bbox 113 2706 1693 2781">
    <p class='ocr_par' dir='ltr' id='par_1_29' title="bbox 113 2706 1693 2781">
     <span class='ocr_line' id='line_1_29' title="bbox 113 2706 1693 2781; baseline -0.001 -18"><span class='ocrx_word' id='word_1_233' title='bbox 113 2712 210 2763; x_wconf 85' lang='grc' dir='ltr'><strong>λον</strong></span> <span class='ocrx_word' id='word_1_234' title='bbox 250 2710 306 2762; x_wconf 84' lang='grc' dir='ltr'><strong>δὲ</strong></span> <span class='ocrx_word' id='word_1_235' title='bbox 339 2710 433 2764; x_wconf 74' lang='grc' dir='ltr'><strong>καὶ</strong></span> <span class='ocrx_word' id='word_1_236' title='bbox 485 2711 594 2764; x_wconf 88' lang='grc' dir='ltr'><strong>τῶν</strong></span> <span class='ocrx_word' id='word_1_237' title='bbox 650 2709 801 2781; x_wconf 87' lang='grc' dir='ltr'><strong>παρά</strong></span> <span class='ocrx_word' id='word_1_238' title='bbox 847 2708 1118 2770; x_wconf 76' lang='grc' dir='ltr'><strong>Ἰουδαίοις</strong></span> <span class='ocrx_word' id='word_1_239' title='bbox 1166 2707 1336 2776; x_wconf 80' lang='grc' dir='ltr'><strong>ἁγίων</strong></span> <span class='ocrx_word' id='word_1_240' title='bbox 1394 2706 1693 2779; x_wconf 87' lang='grc' dir='ltr'><strong>ἀγιωτέρα.</strong></span> 
     </span>
    </p>
   </div>
   <div class='ocr_carea' id='block_1_30' title="bbox 117 2790 1696 2864">
    <p class='ocr_par' dir='ltr' id='par_1_30' title="bbox 117 2790 1696 2864">
     <span class='ocr_line' id='line_1_30' title="bbox 117 2790 1696 2864; baseline -0.003 -16"><span class='ocrx_word' id='word_1_241' title='bbox 117 2794 279 2859; x_wconf 85' lang='grc' dir='ltr'><strong>Πῶς;</strong></span> <span class='ocrx_word' id='word_1_242' title='bbox 306 2794 434 2847; x_wconf 84' lang='grc' dir='ltr'><strong>Ὅτε</strong></span> <span class='ocrx_word' id='word_1_243' title='bbox 459 2796 574 2855; x_wconf 85' lang='grc' dir='ltr'><strong>ἐκεῖ</strong></span> <span class='ocrx_word' id='word_1_244' title='bbox 595 2794 691 2864; x_wconf 86' lang='grc' dir='ltr'><strong>μὲν</strong></span> <span class='ocrx_word' id='word_1_245' title='bbox 714 2793 926 2861; x_wconf 81' lang='grc' dir='ltr'><strong>ἄλογον,</strong></span> <span class='ocrx_word' id='word_1_246' title='bbox 954 2790 1186 2847; x_wconf 86' lang='grc' dir='ltr'><strong>ἐνταῦθα</strong></span> <span class='ocrx_word' id='word_1_247' title='bbox 1205 2792 1262 2845; x_wconf 81' lang='grc' dir='ltr'><strong>δὲ</strong></span> <span class='ocrx_word' id='word_1_248' title='bbox 1289 2791 1502 2859; x_wconf 78' lang='grc' dir='ltr'><strong>λογικὸν</strong></span> <span class='ocrx_word' id='word_1_249' title='bbox 1523 2808 1696 2862; x_wconf 91' lang='grc' dir='ltr'><strong>προσ-</strong></span> 
     </span>
    </p>
   </div>
   <div class='ocr_carea' id='block_1_31' title="bbox 118 2872 1695 2949">
    <p class='ocr_par' dir='ltr' id='par_1_31' title="bbox 118 2872 1695 2949">
     <span class='ocr_line' id='line_1_31' title="bbox 118 2872 1695 2949; baseline -0.002 -18"><span class='ocrx_word' id='word_1_250' title='bbox 118 2877 265 2948; x_wconf 80' lang='grc' dir='ltr'><strong>ήχθη</strong></span> <span class='ocrx_word' id='word_1_251' title='bbox 292 2875 584 2949; x_wconf 87' lang='grc' dir='ltr'><strong>πρόϐατον.</strong></span> <span class='ocrx_word' id='word_1_252' title='bbox 625 2877 775 2948; x_wconf 86' lang='grc' dir='ltr'><strong>Ὅσῳ</strong></span> <span class='ocrx_word' id='word_1_253' title='bbox 794 2875 973 2929; x_wconf 87' lang='grc' dir='ltr'><strong>τοίνυν</strong></span> <span class='ocrx_word' id='word_1_254' title='bbox 1002 2878 1247 2947; x_wconf 86' lang='grc' dir='ltr'><strong>κρεῖττον</strong></span> <span class='ocrx_word' id='word_1_255' title='bbox 1276 2875 1337 2929; x_wconf 82' lang='grc' dir='ltr'><strong>τὸ</strong></span> <span class='ocrx_word' id='word_1_256' title='bbox 1359 2873 1573 2942; x_wconf 73' lang='grc' dir='ltr'><strong>λογικὸν</strong></span> <span class='ocrx_word' id='word_1_257' title='bbox 1600 2872 1695 2928; x_wconf 88' lang='grc' dir='ltr'><strong>τοῦ</strong></span> 
     </span>
    </p>
   </div>
   <div class='ocr_carea' id='block_1_32' title="bbox 116 2956 1693 3032">
    <p class='ocr_par' dir='ltr' id='par_1_32' title="bbox 116 2956 1693 3032">
     <span class='ocr_line' id='line_1_32' title="bbox 116 2956 1693 3032; baseline -0.001 -15"><span class='ocrx_word' id='word_1_258' title='bbox 116 2956 343 3032; x_wconf 83' lang='grc' dir='ltr'><strong>ἀλόγου,</strong></span> <span class='ocrx_word' id='word_1_259' title='bbox 393 2961 633 3032; x_wconf 82' lang='grc' dir='ltr'><strong>τοσούτῳ</strong></span> <span class='ocrx_word' id='word_1_260' title='bbox 688 2959 892 3014; x_wconf 85' lang='grc' dir='ltr'><strong>πλείων</strong></span> <span class='ocrx_word' id='word_1_261' title='bbox 942 2959 1175 3014; x_wconf 86' lang='grc' dir='ltr'><strong>ἐνταῦθα</strong></span> <span class='ocrx_word' id='word_1_262' title='bbox 1215 2960 1311 3013; x_wconf 76' lang='grc' dir='ltr'><strong>καὶ</strong></span> <span class='ocrx_word' id='word_1_263' title='bbox 1346 2961 1375 3012; x_wconf 93' lang='lat'><strong>6</strong></span> <span class='ocrx_word' id='word_1_264' title='bbox 1406 2959 1693 3030; x_wconf 85' lang='grc' dir='ltr'><strong>ἀγιασμός.</strong></span> 
     </span>
    </p>
   </div>
   <div class='ocr_carea' id='block_1_33' title="bbox 118 3042 1115 3116">
    <p class='ocr_par' dir='ltr' id='par_1_33' title="bbox 118 3042 1115 3116">
     <span class='ocr_line' id='line_1_33' title="bbox 118 3042 1115 3116; baseline -0.007 -14"><span class='ocrx_word' id='word_1_265' title='bbox 118 3044 332 3104; x_wconf 87' lang='grc' dir='ltr'><strong>Οὐκοῦν</strong></span> <span class='ocrx_word' id='word_1_266' title='bbox 369 3044 586 3116; x_wconf 84' lang='grc' dir='ltr'><strong>ἀληθῶς</strong></span> <span class='ocrx_word' id='word_1_267' title='bbox 615 3043 776 3116; x_wconf 81' lang='grc' dir='ltr'><strong>ἑορτὴ</strong></span> <span class='ocrx_word' id='word_1_268' title='bbox 804 3045 832 3097; x_wconf 90' lang='lat'><strong>6</strong></span> <span class='ocrx_word' id='word_1_269' title='bbox 864 3042 1115 3113; x_wconf 87' lang='grc' dir='ltr'><strong>σταυρός.</strong></span> 
     </span>
    </p>
   </div>
   <div class='ocr_carea' id='block_1_34' title="bbox 187 3225 1702 3308">
    <p class='ocr_par' dir='ltr' id='par_1_34' title="bbox 187 3225 1702 3308">
     <span class='ocr_line' id='line_1_34' title="bbox 187 3225 1702 3308; baseline -0.007 -18"><span class='ocrx_word' id='word_1_270' title='bbox 187 3234 260 3308; x_wconf 80' lang='grc' dir='ltr'><strong>β’.</strong></span> <span class='ocrx_word' id='word_1_271' title='bbox 297 3233 486 3287; x_wconf 81' lang='grc' dir='ltr'><strong>Βούλει</strong></span> <span class='ocrx_word' id='word_1_272' title='bbox 515 3229 705 3302; x_wconf 80' lang='grc' dir='ltr'><strong>μαθεῖν</strong></span> <span class='ocrx_word' id='word_1_273' title='bbox 731 3226 899 3283; x_wconf 87' lang='grc' dir='ltr'><strong>αὐτοῦ</strong></span> <span class='ocrx_word' id='word_1_274' title='bbox 929 3228 1023 3281; x_wconf 75' lang='grc' dir='ltr'><strong>καὶ</strong></span> <span class='ocrx_word' id='word_1_275' title='bbox 1041 3227 1226 3298; x_wconf 72' lang='grc' dir='ltr'><strong>ἕτερον</strong></span> <span class='ocrx_word' id='word_1_276' title='bbox 1246 3225 1574 3299; x_wconf 85' lang='grc' dir='ltr'><strong>κατόρθωμα</strong></span> <span class='ocrx_word' id='word_1_277' title='bbox 1606 3225 1702 3298; x_wconf 84' lang='grc' dir='ltr'><strong>μέ-</strong></span> 
     </span>
    </p>
   </div>
   <div class='ocr_carea' id='block_1_35' title="bbox 112 3309 1702 3390">
    <p class='ocr_par' dir='ltr' id='par_1_35' title="bbox 112 3309 1702 3390">
     <span class='ocr_line' id='line_1_35' title="bbox 112 3309 1702 3390; baseline -0.009 -14"><span class='ocrx_word' id='word_1_278' title='bbox 112 3334 331 3390; x_wconf 68' lang='grc' dir='ltr'><strong>γιστον,</strong></span> <span class='ocrx_word' id='word_1_279' title='bbox 358 3316 539 3370; x_wconf 79' lang='grc' dir='ltr'><strong>πᾶσαν</strong></span> <span class='ocrx_word' id='word_1_280' title='bbox 561 3313 886 3385; x_wconf 87' lang='grc' dir='ltr'><strong>ὐπερϐαῖνον</strong></span> <span class='ocrx_word' id='word_1_281' title='bbox 912 3310 1261 3383; x_wconf 81' lang='grc' dir='ltr'><strong>ἀνθρωπίνην</strong></span> <span class='ocrx_word' id='word_1_282' title='bbox 1294 3309 1568 3375; x_wconf 88' lang='grc' dir='ltr'><strong>διάνοιαν;</strong></span> <span class='ocrx_word' id='word_1_283' title='bbox 1597 3310 1702 3362; x_wconf 82' lang='grc' dir='ltr'><strong>Τὸν</strong></span> 
     </span>
    </p>
   </div>
   <div class='ocr_carea' id='block_1_36' title="bbox 117 3392 1704 3475">
    <p class='ocr_par' dir='ltr' id='par_1_36' title="bbox 117 3392 1704 3475">
     <span class='ocr_line' id='line_1_36' title="bbox 117 3392 1704 3475; baseline -0.009 -16"><span class='ocrx_word' id='word_1_284' title='bbox 117 3402 454 3475; x_wconf 71' lang='grc' dir='ltr'><strong>παράδεισον</strong></span> <span class='ocrx_word' id='word_1_285' title='bbox 486 3396 981 3466; x_wconf 85' lang='grc' dir='ltr'><strong>ἀποκεκλεισμένον</strong></span> <span class='ocrx_word' id='word_1_286' title='bbox 1011 3395 1250 3465; x_wconf 83' lang='grc' dir='ltr'><strong>σήμερον</strong></span> <span class='ocrx_word' id='word_1_287' title='bbox 1269 3392 1470 3464; x_wconf 80' lang='grc' dir='ltr'><strong>ἀνέῳξε</strong></span> <span class='ocrx_word' id='word_1_288' title='bbox 1491 3410 1505 3423; x_wconf 90' lang='grc'><strong>·</strong></span> <span class='ocrx_word' id='word_1_289' title='bbox 1531 3394 1596 3463; x_wconf 91' lang='grc' dir='ltr'><strong>σή</strong></span> <span class='ocrx_word' id='word_1_290' title='bbox 1605 3410 1704 3463; x_wconf 88' lang='grc' dir='ltr'><strong>με-</strong></span> 
     </span>
    </p>
   </div>
   <div class='ocr_carea' id='block_1_37' title="bbox 121 3475 1706 3563">
    <p class='ocr_par' dir='ltr' id='par_1_37' title="bbox 121 3475 1706 3563">
     <span class='ocr_line' id='line_1_37' title="bbox 121 3475 1706 3563; baseline -0.013 -19"><span class='ocrx_word' id='word_1_291' title='bbox 121 3507 217 3563; x_wconf 89' lang='grc' dir='ltr'><strong>ρον</strong></span> <span class='ocrx_word' id='word_1_292' title='bbox 254 3487 366 3558; x_wconf 83' lang='grc' dir='ltr'><strong>γάρ</strong></span> <span class='ocrx_word' id='word_1_293' title='bbox 385 3485 479 3539; x_wconf 82' lang='grc' dir='ltr'><strong>τὸν</strong></span> <span class='ocrx_word' id='word_1_294' title='bbox 502 3481 706 3554; x_wconf 77' lang='grc' dir='ltr'><strong>λῃστὴν</strong></span> <span class='ocrx_word' id='word_1_295' title='bbox 732 3482 1028 3549; x_wconf 76' lang='grc' dir='ltr'><strong>εἰσήγαγεν</strong></span> <span class='ocrx_word' id='word_1_296' title='bbox 1053 3479 1119 3563; x_wconf 18' lang='grc' dir='ltr'><strong>ἐν*</strong></span> <span class='ocrx_word' id='word_1_297' title='bbox 1137 3475 1305 3563; x_wconf 79' lang='grc' dir='ltr'><strong>αὐτῷ.</strong></span> <span class='ocrx_word' id='word_1_298' title='bbox 1329 3477 1435 3563; x_wconf 82' lang='grc' dir='ltr'><strong>Δύο</strong></span> <span class='ocrx_word' id='word_1_299' title='bbox 1456 3475 1524 3563; x_wconf 68' lang='grc' dir='ltr'><strong>τά</strong></span> <span class='ocrx_word' id='word_1_300' title='bbox 1549 3478 1706 3563; x_wconf 44' lang='grc' dir='ltr'><strong>μέγιτ-</strong></span> 
     </span>
    </p>
   </div>
   <div class='ocr_carea' id='block_1_38' title="bbox 118 3558 1707 3641">
    <p class='ocr_par' dir='ltr' id='par_1_38' title="bbox 118 3558 1707 3641">
     <span class='ocr_line' id='line_1_38' title="bbox 118 3558 1707 3641; baseline -0.003 -25"><span class='ocrx_word' id='word_1_301' title='bbox 118 3558 229 3631; x_wconf 54' lang='grc' dir='ltr'><strong>ξτα</strong></span> <span class='ocrx_word' id='word_1_302' title='bbox 252 3566 675 3641; x_wconf 76' lang='grc' dir='ltr'><strong>κατορθώματα,</strong></span> <span class='ocrx_word' id='word_1_303' title='bbox 716 3564 810 3618; x_wconf 71' lang='grc' dir='ltr'><strong>καὶ</strong></span> <span class='ocrx_word' id='word_1_304' title='bbox 840 3563 930 3615; x_wconf 79' lang='grc' dir='ltr'><strong>τὸν</strong></span> <span class='ocrx_word' id='word_1_305' title='bbox 978 3560 1304 3641; x_wconf 79' lang='grc' dir='ltr'><strong>παράδεισον</strong></span> <span class='ocrx_word' id='word_1_306' title='bbox 1341 3558 1542 3630; x_wconf 81' lang='grc' dir='ltr'>ἀνέῳξε</span> <span class='ocrx_word' id='word_1_307' title='bbox 1562 3600 1577 3623; x_wconf 93' lang='grc'><strong>,</strong></span> <span class='ocrx_word' id='word_1_308' title='bbox 1608 3560 1707 3613; x_wconf 70' lang='grc' dir='ltr'><strong>καὶ</strong></span> 
     </span>
    </p>
   </div>
   <div class='ocr_carea' id='block_1_39' title="bbox 114 3640 1706 3729">
    <p class='ocr_par' dir='ltr' id='par_1_39' title="bbox 114 3640 1706 3729">
     <span class='ocr_line' id='line_1_39' title="bbox 114 3640 1706 3729; baseline -0.011 -19"><span class='ocrx_word' id='word_1_309' title='bbox 114 3661 213 3713; x_wconf 83' lang='grc' dir='ltr'><strong>τὸν</strong></span> <span class='ocrx_word' id='word_1_310' title='bbox 248 3640 456 3729; x_wconf 75' lang='grc' dir='ltr'><strong>λῃστὴν</strong></span> <span class='ocrx_word' id='word_1_311' title='bbox 488 3650 810 3719; x_wconf 75' lang='grc' dir='ltr'><strong>εἰσήγαγενο</strong></span> <span class='ocrx_word' id='word_1_312' title='bbox 843 3645 1123 3699; x_wconf 82' lang='grc' dir='ltr'><strong>ἀπέδωκεν</strong></span> <span class='ocrx_word' id='word_1_313' title='bbox 1142 3640 1296 3729; x_wconf 86' lang='grc' dir='ltr'><strong>αὐτῷ</strong></span> <span class='ocrx_word' id='word_1_314' title='bbox 1338 3641 1435 3729; x_wconf 71' lang='grc' dir='ltr'><strong>τὴν</strong></span> <span class='ocrx_word' id='word_1_315' title='bbox 1471 3643 1706 3729; x_wconf 76' lang='grc' dir='ltr'><strong>ἀρχαίαν</strong></span> 
     </span>
    </p>
   </div>
   <div class='ocr_carea' id='block_1_40' title="bbox 122 3726 1702 3811">
    <p class='ocr_par' dir='ltr' id='par_1_40' title="bbox 122 3726 1702 3811">
     <span class='ocr_line' id='line_1_40' title="bbox 122 3726 1702 3811; baseline -0.005 -20"><span class='ocrx_word' id='word_1_316' title='bbox 122 3726 387 3811; x_wconf 75' lang='grc' dir='ltr'><strong>πατρίδα,</strong></span> <span class='ocrx_word' id='word_1_317' title='bbox 417 3736 763 3805; x_wconf 75' lang='grc' dir='ltr'><strong>ἐπανήγαγεν</strong></span> <span class='ocrx_word' id='word_1_318' title='bbox 798 3730 959 3783; x_wconf 85' lang='grc' dir='ltr'><strong>αὐτὸν</strong></span> <span class='ocrx_word' id='word_1_319' title='bbox 981 3729 1075 3782; x_wconf 73' lang='grc' dir='ltr'><strong>ἐπὶ</strong></span> <span class='ocrx_word' id='word_1_320' title='bbox 1102 3728 1200 3797; x_wconf 84' lang='grc' dir='ltr'><strong>τὴν</strong></span> <span class='ocrx_word' id='word_1_321' title='bbox 1241 3727 1499 3811; x_wconf 83' lang='grc' dir='ltr'><strong>πατρῴαν</strong></span> <span class='ocrx_word' id='word_1_322' title='bbox 1520 3726 1702 3811; x_wconf 80' lang='grc' dir='ltr'><strong>πόλιν.</strong></span> 
     </span>
    </p>
   </div>
   <div class='ocr_carea' id='block_1_41' title="bbox 119 3810 1704 3895">
    <p class='ocr_par' dir='ltr' id='par_1_41' title="bbox 119 3810 1704 3895">
     <span class='ocr_line' id='line_1_41' title="bbox 119 3810 1704 3895; baseline -0.008 -17"><span class='ocrx_word' id='word_1_323' title='bbox 119 3810 401 3895; x_wconf 74' lang='grc' dir='ltr'><strong>Σήμερον</strong></span> <span class='ocrx_word' id='word_1_324' title='bbox 421 3821 546 3890; x_wconf 82' lang='grc' dir='ltr'><strong>μετ’</strong></span> <span class='ocrx_word' id='word_1_325' title='bbox 577 3815 724 3886; x_wconf 82' lang='grc' dir='ltr'><strong>ἐμοῦ</strong></span> <span class='ocrx_word' id='word_1_326' title='bbox 743 3816 882 3881; x_wconf 76' lang='grc' dir='ltr'><strong>ἔσῃ,</strong></span> <span class='ocrx_word' id='word_1_327' title='bbox 924 3812 1109 3883; x_wconf 73' lang='grc' dir='ltr'><strong>φησὶν,</strong></span> <span class='ocrx_word' id='word_1_328' title='bbox 1143 3811 1213 3866; x_wconf 79' lang='grc' dir='ltr'><strong>ὲν</strong></span> <span class='ocrx_word' id='word_1_329' title='bbox 1239 3810 1320 3876; x_wconf 81' lang='grc' dir='ltr'><strong>τῷ</strong></span> <span class='ocrx_word' id='word_1_330' title='bbox 1345 3810 1704 3879; x_wconf 73' lang='grc' dir='ltr'><strong>παραδείσῳ.</strong></span> 
     </span>
    </p>
   </div>
   <div class='ocr_carea' id='block_1_42' title="bbox 121 3896 1706 3978">
    <p class='ocr_par' dir='ltr' id='par_1_42' title="bbox 121 3896 1706 3978">
     <span class='ocr_line' id='line_1_42' title="bbox 121 3896 1706 3978; baseline -0.009 -14"><span class='ocrx_word' id='word_1_331' title='bbox 121 3910 193 3964; x_wconf 88' lang='grc' dir='ltr'><strong>Τί</strong></span> <span class='ocrx_word' id='word_1_332' title='bbox 226 3909 408 3978; x_wconf 86' lang='grc' dir='ltr'><strong>λέγεις</strong></span> <span class='ocrx_word' id='word_1_333' title='bbox 429 3922 442 3971; x_wconf 91' lang='grc'><strong>;</strong></span> <span class='ocrx_word' id='word_1_334' title='bbox 465 3902 805 3974; x_wconf 83' lang='grc' dir='ltr'><strong>ἐσταύρωσαι</strong></span> <span class='ocrx_word' id='word_1_335' title='bbox 825 3899 921 3953; x_wconf 76' lang='grc' dir='ltr'><strong>καὶ</strong></span> <span class='ocrx_word' id='word_1_336' title='bbox 940 3898 1290 3970; x_wconf 88' lang='grc' dir='ltr'><strong>προσήλωσαι</strong></span> <span class='ocrx_word' id='word_1_337' title='bbox 1313 3898 1371 3949; x_wconf 86' lang='grc' dir='ltr'><strong>ἐν</strong></span> <span class='ocrx_word' id='word_1_338' title='bbox 1388 3896 1467 3978; x_wconf 75' lang='grc' dir='ltr'>τῷ</span> <span class='ocrx_word' id='word_1_339' title='bbox 1488 3896 1706 3968; x_wconf 78' lang='grc' dir='ltr'><strong>σταυρῷ</strong></span> 
     </span>
    </p>
   </div>
   <div class='ocr_carea' id='block_1_43' title="bbox 118 3976 1706 4065">
    <p class='ocr_par' dir='ltr' id='par_1_43' title="bbox 118 3976 1706 4065">
     <span class='ocr_line' id='line_1_43' title="bbox 118 3976 1706 4065; baseline -0.009 -19"><span class='ocrx_word' id='word_1_340' title='bbox 118 3976 313 4065; x_wconf 76' lang='grc' dir='ltr'><strong>ἥλοις,</strong></span> <span class='ocrx_word' id='word_1_341' title='bbox 339 3990 434 4043; x_wconf 70' lang='grc' dir='ltr'><strong>καὶ</strong></span> <span class='ocrx_word' id='word_1_342' title='bbox 465 3985 794 4058; x_wconf 82' lang='grc' dir='ltr'><strong>παράδεισον</strong></span> <span class='ocrx_word' id='word_1_343' title='bbox 825 3981 1171 4053; x_wconf 78' lang='grc' dir='ltr'><strong>ἐπαγγέλλη;</strong></span> <span class='ocrx_word' id='word_1_344' title='bbox 1219 3978 1335 4042; x_wconf 89' lang='grc' dir='ltr'><strong>πῶς</strong></span> <span class='ocrx_word' id='word_1_345' title='bbox 1361 3976 1455 4034; x_wconf 83' lang='grc' dir='ltr'><strong>οὖν</strong></span> <span class='ocrx_word' id='word_1_346' title='bbox 1481 3980 1706 4065; x_wconf 82' lang='grc' dir='ltr'><strong>τοιαῦτα</strong></span> 
     </span>
    </p>
   </div>
   <div class='ocr_carea' id='block_1_44' title="bbox 119 4061 1705 4152">
    <p class='ocr_par' dir='ltr' id='par_1_44' title="bbox 119 4061 1705 4152">
     <span class='ocr_line' id='line_1_44' title="bbox 119 4061 1705 4152; baseline -0.018 -17"><span class='ocrx_word' id='word_1_347' title='bbox 119 4061 367 4152; x_wconf 73' lang='grc' dir='ltr'><strong>χαρίζῃζ</strong></span> <span class='ocrx_word' id='word_1_348' title='bbox 408 4073 518 4127; x_wconf 82' lang='lat' dir='ltr'><strong><em>Kal</em></strong></span> <span class='ocrx_word' id='word_1_349' title='bbox 551 4069 656 4143; x_wconf 71' lang='grc' dir='ltr'><strong>μὴν</strong></span> <span class='ocrx_word' id='word_1_350' title='bbox 688 4073 715 4122; x_wconf 90' lang='lat'><strong>6</strong></span> <span class='ocrx_word' id='word_1_351' title='bbox 738 4067 951 4131; x_wconf 80' lang='grc' dir='ltr'><strong>Παῦλος</strong></span> <span class='ocrx_word' id='word_1_352' title='bbox 976 4065 1162 4152; x_wconf 83' lang='grc' dir='ltr'><strong>λέγει,</strong></span> <span class='ocrx_word' id='word_1_353' title='bbox 1203 4065 1289 4118; x_wconf 85' lang='grc' dir='ltr'><strong>ὅτι</strong></span> <span class='ocrx_word' id='word_1_354' title='bbox 1333 4061 1705 4152; x_wconf 44' lang='grc' dir='ltr'><strong>ἶΕσταορῴθη</strong></span> 
     </span>
    </p>
   </div>
   <div class='ocr_carea' id='block_1_45' title="bbox 118 4147 1708 4226">
    <p class='ocr_par' dir='ltr' id='par_1_45' title="bbox 118 4147 1708 4226">
     <span class='ocr_line' id='line_1_45' title="bbox 118 4147 1708 4226; baseline -0.011 -8"><span class='ocrx_word' id='word_1_355' title='bbox 118 4147 549 4226; x_wconf 28' lang='grc' dir='ltr'><strong>ἕενάσθενείας</strong></span> <span class='ocrx_word' id='word_1_356' title='bbox 574 4172 589 4186; x_wconf 92' lang='grc'><strong>·</strong></span> <span class='ocrx_word' id='word_1_357' title='bbox 619 4153 731 4209; x_wconf 81' lang='grc' dir='ltr'><strong>ἀλλ’</strong></span> <span class='ocrx_word' id='word_1_358' title='bbox 755 4153 919 4207; x_wconf 84' lang='grc' dir='ltr'><strong>ἄκουε</strong></span> <span class='ocrx_word' id='word_1_359' title='bbox 952 4149 1062 4202; x_wconf 88' lang='grc' dir='ltr'><strong>τῶν</strong></span> <span class='ocrx_word' id='word_1_360' title='bbox 1100 4147 1456 4217; x_wconf 90' lang='grc' dir='ltr'><strong>ἐπαγομένων</strong></span> <span class='ocrx_word' id='word_1_361' title='bbox 1476 4164 1490 4179; x_wconf 74' lang='grc' dir='ltr'><strong><em>ο</em></strong></span> <span class='ocrx_word' id='word_1_362' title='bbox 1534 4147 1708 4201; x_wconf 76' lang='grc' dir='ltr'><strong>Ἀλλὰ</strong></span> 
     </span>
    </p>
   </div>
   <div class='ocr_carea' id='block_1_46' title="bbox 119 4229 1706 4314">
    <p class='ocr_par' dir='ltr' id='par_1_46' title="bbox 119 4229 1706 4314">
     <span class='ocr_line' id='line_1_46' title="bbox 119 4229 1706 4314; baseline -0.013 -13"><span class='ocrx_word' id='word_1_363' title='bbox 119 4246 219 4314; x_wconf 70' lang='grc' dir='ltr'><strong>ζῇ,</strong></span> <span class='ocrx_word' id='word_1_364' title='bbox 246 4243 435 4314; x_wconf 65' lang='grc' dir='ltr'><strong>φησιν,</strong></span> <span class='ocrx_word' id='word_1_365' title='bbox 470 4242 536 4294; x_wconf 69' lang='grc' dir='ltr'><strong>ἐκ</strong></span> <span class='ocrx_word' id='word_1_366' title='bbox 566 4236 874 4306; x_wconf 77' lang='grc' dir='ltr'><strong>δυνάμεως</strong></span> <span class='ocrx_word' id='word_1_367' title='bbox 907 4230 1074 4287; x_wconf 76' lang='grc' dir='ltr'><strong>Θεοῦ.</strong></span> <span class='ocrx_word' id='word_1_368' title='bbox 1114 4233 1225 4286; x_wconf 72' lang='grc' dir='ltr'><strong>Καὶ</strong></span> <span class='ocrx_word' id='word_1_369' title='bbox 1251 4231 1410 4284; x_wconf 87' lang='grc' dir='ltr'><strong>πάλιν</strong></span> <span class='ocrx_word' id='word_1_370' title='bbox 1441 4229 1674 4301; x_wconf 78' lang='grc' dir='ltr'><strong>ἀλλαχοῦ</strong></span> <span class='ocrx_word' id='word_1_371' title='bbox 1692 4246 1706 4261; x_wconf 76' lang='grc' dir='ltr'><strong>ο</strong></span> 
     </span>
    </p>
   </div>
   <div class='ocr_carea' id='block_1_47' title="bbox 134 4315 1709 4399">
    <p class='ocr_par' dir='ltr' id='par_1_47' title="bbox 134 4315 1709 4399">
     <span class='ocr_line' id='line_1_47' title="bbox 134 4315 1709 4399; baseline -0.01 -16"><span class='ocrx_word' id='word_1_372' title='bbox 134 4331 212 4387; x_wconf 83' lang='grc' dir='ltr'><em>Ἡ</em></span> <span class='ocrx_word' id='word_1_373' title='bbox 239 4328 354 4399; x_wconf 68' lang='grc' dir='ltr'><strong>γὰρ</strong></span> <span class='ocrx_word' id='word_1_374' title='bbox 377 4323 632 4394; x_wconf 84' lang='grc' dir='ltr'><strong>δύναμίς</strong></span> <span class='ocrx_word' id='word_1_375' title='bbox 659 4338 773 4391; x_wconf 86' lang='grc' dir='ltr'><strong>μου</strong></span> <span class='ocrx_word' id='word_1_376' title='bbox 801 4320 865 4374; x_wconf 74' lang='grc' dir='ltr'><strong>ἐν</strong></span> <span class='ocrx_word' id='word_1_377' title='bbox 898 4319 1181 4383; x_wconf 79' lang='grc' dir='ltr'><strong>ἀσθενείᾳ</strong></span> <span class='ocrx_word' id='word_1_378' title='bbox 1223 4315 1574 4370; x_wconf 82' lang='grc' dir='ltr'><strong>τελειοῦται.</strong></span> <span class='ocrx_word' id='word_1_379' title='bbox 1610 4315 1709 4368; x_wconf 87' lang='grc' dir='ltr'><strong>Διά</strong></span> 
     </span>
    </p>
   </div>
   <div class='ocr_carea' id='block_1_48' title="bbox 121 4401 1711 4481">
    <p class='ocr_par' dir='ltr' id='par_1_48' title="bbox 121 4401 1711 4481">
     <span class='ocr_line' id='line_1_48' title="bbox 121 4401 1711 4481; baseline -0.008 -15"><span class='ocrx_word' id='word_1_380' title='bbox 121 4413 297 4471; x_wconf 79' lang='grc' dir='ltr'><strong>τοῦτο</strong></span> <span class='ocrx_word' id='word_1_381' title='bbox 312 4415 371 4467; x_wconf 85' lang='grc' dir='ltr'><strong>ἐν</strong></span> <span class='ocrx_word' id='word_1_382' title='bbox 397 4412 476 4481; x_wconf 80' lang='grc' dir='ltr'><strong>τῷ</strong></span> <span class='ocrx_word' id='word_1_383' title='bbox 504 4406 723 4479; x_wconf 86' lang='grc' dir='ltr'><strong>σταυρῷ</strong></span> <span class='ocrx_word' id='word_1_384' title='bbox 764 4403 880 4468; x_wconf 90' lang='grc' dir='ltr'><strong>νῦν,</strong></span> <span class='ocrx_word' id='word_1_385' title='bbox 927 4403 1112 4474; x_wconf 81' lang='grc' dir='ltr'><strong>φησὶν,</strong></span> <span class='ocrx_word' id='word_1_386' title='bbox 1159 4401 1586 4471; x_wconf 75' lang='grc' dir='ltr'><strong>ἐπαγγέλλομαι,</strong></span> <span class='ocrx_word' id='word_1_387' title='bbox 1624 4401 1711 4454; x_wconf 85' lang='grc' dir='ltr'><strong>ἴνα</strong></span> 
     </span>
    </p>
   </div>
   <div class='ocr_carea' id='block_1_49' title="bbox 125 4483 1711 4561">
    <p class='ocr_par' dir='ltr' id='par_1_49' title="bbox 125 4483 1711 4561">
     <span class='ocr_line' id='line_1_49' title="bbox 125 4483 1711 4561; baseline -0.009 -12"><span class='ocrx_word' id='word_1_388' title='bbox 125 4496 234 4553; x_wconf 75' lang='grc' dir='ltr'><strong>καὶ</strong></span> <span class='ocrx_word' id='word_1_389' title='bbox 265 4494 353 4547; x_wconf 83' lang='grc' dir='ltr'><strong>διὰ</strong></span> <span class='ocrx_word' id='word_1_390' title='bbox 378 4493 568 4547; x_wconf 85' lang='grc' dir='ltr'><strong>τούτου</strong></span> <span class='ocrx_word' id='word_1_391' title='bbox 597 4491 695 4561; x_wconf 86' lang='grc' dir='ltr'><strong>τὴν</strong></span> <span class='ocrx_word' id='word_1_392' title='bbox 714 4487 852 4559; x_wconf 80' lang='grc' dir='ltr'><strong>ἐμὴν</strong></span> <span class='ocrx_word' id='word_1_393' title='bbox 882 4484 1204 4556; x_wconf 79' lang='grc' dir='ltr'><strong>καταμάθῃς</strong></span> <span class='ocrx_word' id='word_1_394' title='bbox 1221 4483 1468 4555; x_wconf 86' lang='grc' dir='ltr'><strong>δύναμιν.</strong></span> <span class='ocrx_word' id='word_1_395' title='bbox 1493 4483 1711 4553; x_wconf 78' lang='grc' dir='ltr'><strong>Ἐπειδὴ</strong></span> 
     </span>
    </p>
   </div>
   <div class='ocr_carea' id='block_1_50' title="bbox 124 4561 1713 4655">
    <p class='ocr_par' dir='ltr' id='par_1_50' title="bbox 124 4561 1713 4655">
     <span class='ocr_line' id='line_1_50' title="bbox 124 4561 1713 4655; baseline 0.001 0"><span class='ocrx_word' id='word_1_396' title='bbox 124 4582 251 4655; x_wconf 74' lang='grc' dir='ltr'><strong>γὰρ</strong></span> <span class='ocrx_word' id='word_1_397' title='bbox 280 4577 345 4631; x_wconf 76' lang='grc' dir='ltr'><strong>τδ</strong></span> <span class='ocrx_word' id='word_1_398' title='bbox 391 4577 623 4649; x_wconf 68' lang='grc' dir='ltr'><strong>πρᾶγμα</strong></span> <span class='ocrx_word' id='word_1_399' title='bbox 689 4569 1014 4655; x_wconf 58' lang='grc' dir='ltr'><strong>σκυθρωπόν</strong></span> <span class='ocrx_word' id='word_1_400' title='bbox 1043 4570 1212 4655; x_wconf 60' lang='lat' dir='ltr'><strong>eam.</strong></span> <span class='ocrx_word' id='word_1_401' title='bbox 1241 4561 1439 4655; x_wconf 53' lang='lat' dir='ltr'><strong>tvm</strong></span> <span class='ocrx_word' id='word_1_402' title='bbox 1463 4564 1713 4655; x_wconf 57' lang='grc' dir='ltr'><strong>κατηφὴς</strong></span> 
     </span>
    </p>
   </div>
   <div class='ocr_carea' id='block_1_51' title="bbox 125 4648 1713 4739">
    <p class='ocr_par' dir='ltr' id='par_1_51' title="bbox 125 4648 1713 4739">
     <span class='ocr_line' id='line_1_51' title="bbox 125 4648 1713 4739; baseline -0.008 -25"><span class='ocrx_word' id='word_1_403' title='bbox 125 4648 278 4739; x_wconf 41' lang='grc' dir='ltr'><strong>γένῃ</strong></span> <span class='ocrx_word' id='word_1_404' title='bbox 305 4663 373 4732; x_wconf 81' lang='grc' dir='ltr'><strong>τῇ</strong></span> <span class='ocrx_word' id='word_1_405' title='bbox 405 4648 560 4728; x_wconf 81' lang='grc' dir='ltr'><strong>φύσει</strong></span> <span class='ocrx_word' id='word_1_406' title='bbox 590 4655 684 4710; x_wconf 90' lang='grc' dir='ltr'><strong>τοῦ</strong></span> <span class='ocrx_word' id='word_1_407' title='bbox 709 4653 943 4739; x_wconf 85' lang='grc' dir='ltr'><strong>σταυροῦ</strong></span> <span class='ocrx_word' id='word_1_408' title='bbox 978 4651 1279 4739; x_wconf 76' lang='grc' dir='ltr'><strong>προσέχων,</strong></span> <span class='ocrx_word' id='word_1_409' title='bbox 1304 4648 1442 4704; x_wconf 88' lang='grc' dir='ltr'><strong>ἀλλά</strong></span> <span class='ocrx_word' id='word_1_410' title='bbox 1464 4648 1599 4739; x_wconf 71' lang='grc' dir='ltr'><strong>πρδς</strong></span> <span class='ocrx_word' id='word_1_411' title='bbox 1616 4648 1713 4739; x_wconf 60' lang='grc' dir='ltr'><strong>τήν</strong></span> 
     </span>
    </p>
   </div>
   <div class='ocr_carea' id='block_1_52' title="bbox 125 4729 1715 4814">
    <p class='ocr_par' dir='ltr' id='par_1_52' title="bbox 125 4729 1715 4814">
     <span class='ocr_line' id='line_1_52' title="bbox 125 4729 1715 4814; baseline -0.013 -10"><span class='ocrx_word' id='word_1_412' title='bbox 125 4729 687 4814; x_wconf 53' lang='grc' dir='ltr'><strong>⁸ξιοιῖ›”σταυρουι.ι.ένου</strong></span> <span class='ocrx_word' id='word_1_413' title='bbox 745 4737 973 4808; x_wconf 89' lang='grc' dir='ltr'><strong>δύναμιν</strong></span> <span class='ocrx_word' id='word_1_414' title='bbox 1009 4734 1342 4804; x_wconf 68' lang='grc' dir='ltr'><strong>ἀποϐλέψας,</strong></span> <span class='ocrx_word' id='word_1_415' title='bbox 1396 4733 1617 4803; x_wconf 75' lang='grc' dir='ltr'><strong>φαιδρὸς</strong></span> <span class='ocrx_word' id='word_1_416' title='bbox 1646 4729 1715 4803; x_wconf 82' lang='grc' dir='ltr'><strong>ᾖς</strong></span> 
     </span>
    </p>
   </div>
   <div class='ocr_carea' id='block_1_53' title="bbox 129 4816 1715 4900">
    <p class='ocr_par' dir='ltr' id='par_1_53' title="bbox 129 4816 1715 4900">
     <span class='ocr_line' id='line_1_53' title="bbox 129 4816 1715 4900; baseline -0.009 -15"><span class='ocrx_word' id='word_1_417' title='bbox 129 4832 240 4891; x_wconf 75' lang='grc' dir='ltr'><strong>καὶ</strong></span> <span class='ocrx_word' id='word_1_418' title='bbox 263 4823 666 4900; x_wconf 84' lang='grc' dir='ltr'><strong>γεγανωμένος,</strong></span> <span class='ocrx_word' id='word_1_419' title='bbox 697 4822 782 4876; x_wconf 83' lang='grc' dir='ltr'><strong>διὰ</strong></span> <span class='ocrx_word' id='word_1_420' title='bbox 807 4820 963 4874; x_wconf 91' lang='grc' dir='ltr'><strong>τοῦτο</strong></span> <span class='ocrx_word' id='word_1_421' title='bbox 989 4820 1105 4872; x_wconf 84' lang='grc' dir='ltr'><strong>ἐκεῖ</strong></span> <span class='ocrx_word' id='word_1_422' title='bbox 1128 4816 1459 4871; x_wconf 81' lang='grc' dir='ltr'><strong>ἐπιδείκνυσι</strong></span> <span class='ocrx_word' id='word_1_423' title='bbox 1504 4832 1586 4870; x_wconf 91' lang='grc' dir='ltr'><strong>σοι</strong></span> <span class='ocrx_word' id='word_1_424' title='bbox 1614 4816 1715 4900; x_wconf 86' lang='grc' dir='ltr'><strong>τὴν</strong></span> 
     </span>
    </p>
   </div>
   <div class='ocr_carea' id='block_1_54' title="bbox 135 4899 1715 4989">
    <p class='ocr_par' dir='ltr' id='par_1_54' title="bbox 135 4899 1715 4989">
     <span class='ocr_line' id='line_1_54' title="bbox 135 4899 1715 4989; baseline -0.02 -18"><span class='ocrx_word' id='word_1_425' title='bbox 135 4917 307 4989; x_wconf 69' lang='grc' dir='ltr'><strong>ἰσχὺν</strong></span> <span class='ocrx_word' id='word_1_426' title='bbox 334 4913 436 4983; x_wconf 80' lang='grc' dir='ltr'><strong>τὴν</strong></span> <span class='ocrx_word' id='word_1_427' title='bbox 470 4905 684 4962; x_wconf 88' lang='grc' dir='ltr'><strong>ἐαυτοῦ.</strong></span> <span class='ocrx_word' id='word_1_428' title='bbox 715 4907 790 4958; x_wconf 81' lang='grc' dir='ltr'><strong>Οὐ</strong></span> <span class='ocrx_word' id='word_1_429' title='bbox 810 4905 920 4989; x_wconf 85' lang='grc' dir='ltr'><strong>γὰρ</strong></span> <span class='ocrx_word' id='word_1_430' title='bbox 940 4901 1130 4989; x_wconf 82' lang='grc' dir='ltr'><strong>νεκρὸν</strong></span> <span class='ocrx_word' id='word_1_431' title='bbox 1154 4901 1579 4989; x_wconf 49' lang='grc' dir='ltr'><strong>ἀναστήσας,οὺ</strong></span> <span class='ocrx_word' id='word_1_432' title='bbox 1617 4899 1715 4953; x_wconf 84' lang='grc' dir='ltr'><strong>θα..</strong></span> 
     </span>
    </p>
   </div>
   <div class='ocr_carea' id='block_1_55' title="bbox 129 4983 1719 5070">
    <p class='ocr_par' dir='ltr' id='par_1_55' title="bbox 129 4983 1719 5070">
     <span class='ocr_line' id='line_1_55' title="bbox 129 4983 1719 5070; baseline -0.021 -12"><span class='ocrx_word' id='word_1_433' title='bbox 129 4983 320 5070; x_wconf 72' lang='grc' dir='ltr'><strong>λάττῃ</strong></span> <span class='ocrx_word' id='word_1_434' title='bbox 350 4991 631 5055; x_wconf 73' lang='grc' dir='ltr'><strong>ἐπιτάξας,</strong></span> <span class='ocrx_word' id='word_1_435' title='bbox 673 4990 734 5042; x_wconf 90' lang='grc' dir='ltr'><strong>οὐ</strong></span> <span class='ocrx_word' id='word_1_436' title='bbox 755 4988 1004 5059; x_wconf 85' lang='grc' dir='ltr'><strong>δαίμοσιν</strong></span> <span class='ocrx_word' id='word_1_437' title='bbox 1030 4986 1379 5070; x_wconf 83' lang='grc' dir='ltr'><strong>ἐπιτιμήσας,</strong></span> <span class='ocrx_word' id='word_1_438' title='bbox 1396 4983 1511 5037; x_wconf 88' lang='grc' dir='ltr'><strong>ἀλλ’</strong></span> <span class='ocrx_word' id='word_1_439' title='bbox 1521 4985 1719 5070; x_wconf 62' lang='grc' dir='ltr'><strong>ἐσταυ-</strong></span> 
     </span>
    </p>
   </div>
   <div class='ocr_carea' id='block_1_56' title="bbox 140 5067 1718 5159">
    <p class='ocr_par' dir='ltr' id='par_1_56' title="bbox 140 5067 1718 5159">
     <span class='ocr_line' id='line_1_56' title="bbox 140 5067 1718 5159; baseline -0.004 -34"><span class='ocrx_word' id='word_1_440' title='bbox 140 5067 421 5159; x_wconf 62' lang='grc' dir='ltr'><strong>ρωμέζδος,</strong></span> <span class='ocrx_word' id='word_1_441' title='bbox 457 5071 893 5159; x_wconf 74' lang='grc' dir='ltr'><strong>προσηλωμένος,</strong></span> <span class='ocrx_word' id='word_1_442' title='bbox 918 5069 1305 5159; x_wconf 35' lang='grc' dir='ltr'><strong>ὐϐριζόμεξιοςζ</strong></span> <span class='ocrx_word' id='word_1_443' title='bbox 1322 5067 1718 5159; x_wconf 71' lang='grc' dir='ltr'><strong>ἐμπτυόμενος,</strong></span> 
     </span>
    </p>
   </div>
   <div class='ocr_carea' id='block_1_57' title="bbox 135 5149 1721 5236">
    <p class='ocr_par' dir='ltr' id='par_1_57' title="bbox 135 5149 1721 5236">
     <span class='ocr_line' id='line_1_57' title="bbox 135 5149 1721 5236; baseline -0.016 -11"><span class='ocrx_word' id='word_1_444' title='bbox 135 5149 580 5236; x_wconf 65' lang='grc' dir='ltr'><strong>λοιδορούμενος,</strong></span> <span class='ocrx_word' id='word_1_445' title='bbox 615 5154 1024 5226; x_wconf 74' lang='grc' dir='ltr'><strong>χλευαζόμενος,</strong></span> <span class='ocrx_word' id='word_1_446' title='bbox 1061 5150 1211 5236; x_wconf 83' lang='grc' dir='ltr'><strong>παρὰ</strong></span> <span class='ocrx_word' id='word_1_447' title='bbox 1234 5150 1452 5236; x_wconf 70' lang='grc' dir='ltr'><strong>πάντων</strong></span> <span class='ocrx_word' id='word_1_448' title='bbox 1472 5149 1721 5236; x_wconf 52' lang='grc' dir='ltr'><strong>διασυρότ</strong></span> 
     </span>
    </p>
   </div>
   <div class='ocr_carea' id='block_1_58' title="bbox 143 5233 1722 5325">
    <p class='ocr_par' dir='ltr' id='par_1_58' title="bbox 143 5233 1722 5325">
     <span class='ocr_line' id='line_1_58' title="bbox 143 5233 1722 5325; baseline -0.027 -1"><span class='ocrx_word' id='word_1_449' title='bbox 143 5233 318 5325; x_wconf 66' lang='grc' dir='ltr'><strong>μενοὲ</strong></span> <span class='ocrx_word' id='word_1_450' title='bbox 370 5244 560 5313; x_wconf 72' lang='grc' dir='ltr'>ἴσχυσε</span> <span class='ocrx_word' id='word_1_451' title='bbox 586 5239 685 5325; x_wconf 66' lang='grc' dir='ltr'><strong>τὴν</strong></span> <span class='ocrx_word' id='word_1_452' title='bbox 714 5236 954 5325; x_wconf 31' lang='grc' dir='ltr'><strong>Ἰωνίη-θεν</strong></span> <span class='ocrx_word' id='word_1_453' title='bbox 981 5236 1074 5325; x_wconf 63' lang='grc' dir='ltr'><strong>τοῖξ</strong></span> <span class='ocrx_word' id='word_1_454' title='bbox 1106 5233 1321 5325; x_wconf 33' lang='grc' dir='ltr'><strong>λῃστοῦ,</strong></span> <span class='ocrx_word' id='word_1_455' title='bbox 1351 5233 1596 5325; x_wconf 60' lang='grc' dir='ltr'><strong>διάνοιαν</strong></span> <span class='ocrx_word' id='word_1_456' title='bbox 1635 5233 1722 5325; x_wconf 74' lang='grc' dir='ltr'><strong>ἐφ’</strong></span> 
     </span>
    </p>
   </div>
   <div class='ocr_carea' id='block_1_59' title="bbox 139 5313 1725 5390">
    <p class='ocr_par' dir='ltr' id='par_1_59' title="bbox 139 5313 1725 5390">
     <span class='ocr_line' id='line_1_59' title="bbox 139 5313 1725 5390; baseline -0.015 -2"><span class='ocrx_word' id='word_1_457' title='bbox 139 5313 349 5390; x_wconf 57' lang='grc' dir='ltr'><strong>ἑαυτὸν</strong></span> <span class='ocrx_word' id='word_1_458' title='bbox 395 5321 824 5383; x_wconf 78' lang='grc' dir='ltr'><strong>ἐπισπάσασθαι.</strong></span> <span class='ocrx_word' id='word_1_459' title='bbox 874 5322 1012 5389; x_wconf 85' lang='grc' dir='ltr'><strong>Ὅρα</strong></span> <span class='ocrx_word' id='word_1_460' title='bbox 1053 5316 1387 5387; x_wconf 73' lang='grc' dir='ltr'><strong>ἑκατέρωθεν</strong></span> <span class='ocrx_word' id='word_1_461' title='bbox 1432 5313 1598 5368; x_wconf 81' lang='grc' dir='ltr'><strong>αὐτοῦ</strong></span> <span class='ocrx_word' id='word_1_462' title='bbox 1626 5315 1725 5386; x_wconf 80' lang='grc' dir='ltr'><strong>τὴν</strong></span> 
     </span>
    </p>
   </div>
   <div class='ocr_carea' id='block_1_60' title="bbox 136 5397 1726 5487">
    <p class='ocr_par' dir='ltr' id='par_1_60' title="bbox 136 5397 1726 5487">
     <span class='ocr_line' id='line_1_60' title="bbox 136 5397 1726 5487; baseline -0.015 -14"><span class='ocrx_word' id='word_1_463' title='bbox 136 5419 385 5487; x_wconf 79' lang='grc' dir='ltr'><strong>δύναμιν</strong></span> <span class='ocrx_word' id='word_1_464' title='bbox 423 5408 861 5479; x_wconf 84' lang='grc' dir='ltr'><strong>διαλάμπουσαν.</strong></span> <span class='ocrx_word' id='word_1_465' title='bbox 906 5402 1013 5487; x_wconf 80' lang='grc' dir='ltr'><strong>Τὴν</strong></span> <span class='ocrx_word' id='word_1_466' title='bbox 1064 5398 1239 5487; x_wconf 75' lang='grc' dir='ltr'><strong>κτίσιν</strong></span> <span class='ocrx_word' id='word_1_467' title='bbox 1280 5399 1572 5487; x_wconf 63' lang='grc' dir='ltr'><strong>ἐκλόνησε,</strong></span> <span class='ocrx_word' id='word_1_468' title='bbox 1624 5397 1726 5487; x_wconf 69' lang='grc' dir='ltr'><strong>τὰς</strong></span> 
     </span>
    </p>
   </div>
   <div class='ocr_carea' id='block_1_61' title="bbox 139 5479 1724 5572">
    <p class='ocr_par' dir='ltr' id='par_1_61' title="bbox 139 5479 1724 5572">
     <span class='ocr_line' id='line_1_61' title="bbox 139 5479 1724 5572; baseline -0.011 -22"><span class='ocrx_word' id='word_1_469' title='bbox 139 5479 366 5572; x_wconf 69' lang='grc' dir='ltr'><strong>πέτρας</strong></span> <span class='ocrx_word' id='word_1_470' title='bbox 391 5492 678 5572; x_wconf 72' lang='grc' dir='ltr'><strong>διέρρηξε,</strong></span> <span class='ocrx_word' id='word_1_471' title='bbox 728 5488 825 5572; x_wconf 81' lang='grc' dir='ltr'><strong>τὴν</strong></span> <span class='ocrx_word' id='word_1_472' title='bbox 869 5485 1076 5572; x_wconf 55' lang='grc' dir='ltr'><strong>πέτρας</strong></span> <span class='ocrx_word' id='word_1_473' title='bbox 1123 5479 1580 5572; x_wconf 56' lang='grc' dir='ltr'><strong>ἀναισθητοτέραν</strong></span> <span class='ocrx_word' id='word_1_474' title='bbox 1603 5480 1724 5572; x_wconf 44' lang='grc' dir='ltr'><strong>’τοῦ</strong></span> 
     </span>
    </p>
   </div>
   <div class='ocr_carea' id='block_1_62' title="bbox 141 5558 1725 5660">
    <p class='ocr_par' dir='ltr' id='par_1_62' title="bbox 141 5558 1725 5660">
     <span class='ocr_line' id='line_1_62' title="bbox 141 5558 1725 5660; baseline -0.023 -17"><span class='ocrx_word' id='word_1_475' title='bbox 141 5558 359 5660; x_wconf 70' lang='grc' dir='ltr'><strong>λῃστοῦ</strong></span> <span class='ocrx_word' id='word_1_476' title='bbox 384 5558 580 5660; x_wconf 28' lang='grc' dir='ltr'><strong>ψυχήν..</strong></span> <span class='ocrx_word' id='word_1_477' title='bbox 591 5571 764 5660; x_wconf 80' lang='grc' dir='ltr'><strong>κηροῦ</strong></span> <span class='ocrx_word' id='word_1_478' title='bbox 784 5558 1519 5660; x_wconf 24' lang='grc' dir='ltr'><strong>’μαλαξιεξεαγᾼείργνάσρτα</strong></span> <span class='ocrx_word' id='word_1_479' title='bbox 1534 5559 1725 5660; x_wconf 57' lang='grc' dir='ltr'><strong>ΣήμΞῖ</strong></span> 
     </span>
    </p>
   </div>
   <div class='ocr_carea' id='block_1_63' title="bbox 135 5639 1727 5741">
    <p class='ocr_par' dir='ltr' id='par_1_63' title="bbox 135 5639 1727 5741">
     <span class='ocr_line' id='line_1_63' title="bbox 135 5639 1727 5741; baseline 0.008 0"><span class='ocrx_word' id='word_1_480' title='bbox 135 5639 266 5741; x_wconf 52' lang='grc' dir='ltr'><strong>λεν</strong></span> <span class='ocrx_word' id='word_1_481' title='bbox 286 5639 413 5737; x_wconf 70' lang='grc' dir='ltr'><strong>μετε</strong></span> <span class='ocrx_word' id='word_1_482' title='bbox 440 5639 586 5730; x_wconf 61' lang='grc' dir='ltr'><strong>έλιεῦ</strong></span> <span class='ocrx_word' id='word_1_483' title='bbox 603 5639 805 5741; x_wconf 52' lang='lat' dir='ltr'><strong>eam</strong></span> <span class='ocrx_word' id='word_1_484' title='bbox 819 5639 1275 5741; x_wconf 67' lang='grc' dir='ltr'><strong>τῷςξαραδείίῖφῖ</strong></span> <span class='ocrx_word' id='word_1_485' title='bbox 1304 5641 1614 5741; x_wconf 61' lang='grc' dir='ltr'><strong>τίλέγειςξ</strong></span> <span class='ocrx_word' id='word_1_486' title='bbox 1645 5643 1727 5698; x_wconf 68' lang='grc' dir='ltr'><strong>τά</strong></span> 
     </span>
    </p>
   </div>
   <div class='ocr_carea' id='block_1_64' title="bbox 144 5725 1719 5827">
    <p class='ocr_par' dir='ltr' id='par_1_64' title="bbox 144 5725 1719 5827">
     <span class='ocr_line' id='line_1_64' title="bbox 144 5725 1719 5827; baseline -0.01 -38"><span class='ocrx_word' id='word_1_487' title='bbox 144 5725 433 5827; x_wconf 48' lang='grc' dir='ltr'><strong>ὶεροῖδσιμ</strong></span> <span class='ocrx_word' id='word_1_488' title='bbox 463 5725 622 5816; x_wconf 52' lang='lat' dir='ltr'><strong>Imp“</strong></span> <span class='ocrx_word' id='word_1_489' title='bbox 650 5739 743 5796; x_wconf 80' lang='grc' dir='ltr'><strong>τδν</strong></span> <span class='ocrx_word' id='word_1_490' title='bbox 769 5730 1090 5820; x_wconf 53' lang='grc' dir='ltr'><strong>παράδεισον</strong></span> <span class='ocrx_word' id='word_1_491' title='bbox 1122 5727 1215 5781; x_wconf 82' lang='grc' dir='ltr'><strong>καὶ</strong></span> <span class='ocrx_word' id='word_1_492' title='bbox 1252 5728 1285 5797; x_wconf 87' lang='grc' dir='ltr'><strong>ή</strong></span> <span class='ocrx_word' id='word_1_493' title='bbox 1329 5725 1548 5797; x_wconf 83' lang='grc' dir='ltr'><strong>φλογίνη</strong></span> <span class='ocrx_word' id='word_1_494' title='bbox 1583 5729 1719 5799; x_wconf 75' lang='grc' dir='ltr'><strong>ρομ-</strong></span> 
     </span>
    </p>
   </div>
   <div class='ocr_carea' id='block_1_65' title="bbox 1016 322 2284 400">
    <p class='ocr_par' dir='ltr' id='par_1_65' title="bbox 1016 322 2284 400">
     <span class='ocr_line' id='line_1_65' title="bbox 1016 322 2284 400; baseline 0.017 -21"><span class='ocrx_word' id='word_1_495' title='bbox 1016 324 1107 380; x_wconf 86' lang='lat' dir='ltr'><strong>DE</strong></span> <span class='ocrx_word' id='word_1_496' title='bbox 1151 322 1384 387; x_wconf 76' lang='lat' dir='ltr'><strong>CRUCE</strong></span> <span class='ocrx_word' id='word_1_497' title='bbox 1423 326 1514 384; x_wconf 83' lang='grc' dir='ltr'><strong>ΕΤ</strong></span> <span class='ocrx_word' id='word_1_498' title='bbox 1545 326 1890 391; x_wconf 78' lang='lat' dir='ltr'><strong>LATRONE.</strong></span> <span class='ocrx_word' id='word_1_499' title='bbox 1937 335 2175 399; x_wconf 69' lang='lat' dir='ltr'><strong>HOMIL.</strong></span> <span class='ocrx_word' id='word_1_500' title='bbox 2217 328 2284 400; x_wconf 70' lang='lat' dir='ltr'><strong><em>il.</em></strong></span> 
     </span>
    </p>
   </div>
   <div class='ocr_carea' id='block_1_66' title="bbox 1783 456 3347 548">
    <p class='ocr_par' dir='ltr' id='par_1_66' title="bbox 1783 456 3347 548">
     <span class='ocr_line' id='line_1_66' title="bbox 1783 456 3347 548; baseline -0.011 0"><span class='ocrx_word' id='word_1_501' title='bbox 1783 456 1946 548; x_wconf 58' lang='grc' dir='ltr'><strong>Ϋέἷαν</strong></span> <span class='ocrx_word' id='word_1_502' title='bbox 1978 461 2155 548; x_wconf 55' lang='grc' dir='ltr'><strong>καὶσὺ</strong></span> <span class='ocrx_word' id='word_1_503' title='bbox 2186 461 2262 548; x_wconf 59' lang='grc' dir='ltr'><strong>Ἓξ)</strong></span> <span class='ocrx_word' id='word_1_504' title='bbox 2289 461 2458 548; x_wconf 62' lang='grc' dir='ltr'><strong>λῃστῇ</strong></span> <span class='ocrx_word' id='word_1_505' title='bbox 2498 464 2597 534; x_wconf 74' lang='grc' dir='ltr'><strong>τὴν</strong></span> <span class='ocrx_word' id='word_1_506' title='bbox 2626 467 2743 520; x_wconf 68' lang='grc' dir='ltr'><strong>ἐκεῖ</strong></span> <span class='ocrx_word' id='word_1_507' title='bbox 2768 465 2971 524; x_wconf 72' lang='grc' dir='ltr'><strong>εἴσοδον</strong></span> <span class='ocrx_word' id='word_1_508' title='bbox 2999 472 3305 548; x_wconf 80' lang='grc' dir='ltr'><strong>ἐπαγγέλλῃ</strong></span> <span class='ocrx_word' id='word_1_509' title='bbox 3330 481 3347 531; x_wconf 87' lang='lat'><strong>:</strong></span> 
     </span>
    </p>
   </div>
   <div class='ocr_carea' id='block_1_67' title="bbox 1784 540 3352 625">
    <p class='ocr_par' dir='ltr' id='par_1_67' title="bbox 1784 540 3352 625">
     <span class='ocr_line' id='line_1_67' title="bbox 1784 540 3352 625; baseline 0.012 -32"><span class='ocrx_word' id='word_1_510' title='bbox 1784 540 1916 606; x_wconf 70' lang='grc' dir='ltr'><strong>Ναὶ,</strong></span> <span class='ocrx_word' id='word_1_511' title='bbox 1950 546 2137 614; x_wconf 75' lang='grc' dir='ltr'><strong>φησίν.</strong></span> <span class='ocrx_word' id='word_1_512' title='bbox 2182 546 2323 616; x_wconf 83' lang='grc' dir='ltr'><strong>Ἐγὼ</strong></span> <span class='ocrx_word' id='word_1_513' title='bbox 2346 546 2452 618; x_wconf 90' lang='grc' dir='ltr'><strong>γάρ</strong></span> <span class='ocrx_word' id='word_1_514' title='bbox 2486 549 2581 603; x_wconf 72' lang='grc' dir='ltr'><strong>καὶ</strong></span> <span class='ocrx_word' id='word_1_515' title='bbox 2599 550 2708 602; x_wconf 90' lang='grc' dir='ltr'><strong>τῶν</strong></span> <span class='ocrx_word' id='word_1_516' title='bbox 2741 552 3005 623; x_wconf 88' lang='grc' dir='ltr'><strong>χερουϐίμ</strong></span> <span class='ocrx_word' id='word_1_517' title='bbox 3024 540 3352 625; x_wconf 67' lang='grc' dir='ltr'><strong>είμιδεσπτδ-</strong></span> 
     </span>
    </p>
   </div>
   <div class='ocr_carea' id='block_1_68' title="bbox 1779 629 3350 707">
    <p class='ocr_par' dir='ltr' id='par_1_68' title="bbox 1779 629 3350 707">
     <span class='ocr_line' id='line_1_68' title="bbox 1779 629 3350 707; baseline 0.01 -28"><span class='ocrx_word' id='word_1_518' title='bbox 1779 642 1899 694; x_wconf 87' lang='grc' dir='ltr'><strong>της,</strong></span> <span class='ocrx_word' id='word_1_519' title='bbox 1931 629 2024 681; x_wconf 74' lang='grc' dir='ltr'><strong>καὶ</strong></span> <span class='ocrx_word' id='word_1_520' title='bbox 2050 629 2246 699; x_wconf 83' lang='grc' dir='ltr'><strong>φλογὸς</strong></span> <span class='ocrx_word' id='word_1_521' title='bbox 2286 632 2378 686; x_wconf 80' lang='grc' dir='ltr'><strong>καὶ</strong></span> <span class='ocrx_word' id='word_1_522' title='bbox 2407 632 2632 703; x_wconf 81' lang='grc' dir='ltr'><strong>γεέννης</strong></span> <span class='ocrx_word' id='word_1_523' title='bbox 2670 635 2767 688; x_wconf 75' lang='grc' dir='ltr'><strong>καὶ</strong></span> <span class='ocrx_word' id='word_1_524' title='bbox 2810 635 2956 707; x_wconf 80' lang='grc' dir='ltr'><strong>ζωῆς</strong></span> <span class='ocrx_word' id='word_1_525' title='bbox 2997 637 3091 691; x_wconf 74' lang='grc' dir='ltr'><strong>καὶ</strong></span> <span class='ocrx_word' id='word_1_526' title='bbox 3122 638 3350 696; x_wconf 80' lang='grc' dir='ltr'><strong>θανάτου</strong></span> 
     </span>
    </p>
   </div>
   <div class='ocr_carea' id='block_1_69' title="bbox 1783 708 3350 792">
    <p class='ocr_par' dir='ltr' id='par_1_69' title="bbox 1783 708 3350 792">
     <span class='ocr_line' id='line_1_69' title="bbox 1783 708 3350 792; baseline 0.011 -31"><span class='ocrx_word' id='word_1_527' title='bbox 1783 708 1884 792; x_wconf 78' lang='grc' dir='ltr'><strong>τὴν</strong></span> <span class='ocrx_word' id='word_1_528' title='bbox 1917 708 2163 775; x_wconf 81' lang='grc' dir='ltr'><strong>ἐξουσίαν</strong></span> <span class='ocrx_word' id='word_1_529' title='bbox 2188 712 2296 784; x_wconf 75' lang='grc' dir='ltr'><strong>ἔχω</strong></span> <span class='ocrx_word' id='word_1_530' title='bbox 2315 730 2331 744; x_wconf 77' lang='grc' dir='ltr'><strong><em>ο</em></strong></span> <span class='ocrx_word' id='word_1_531' title='bbox 2356 714 2441 768; x_wconf 74' lang='grc' dir='ltr'><strong>διδ</strong></span> <span class='ocrx_word' id='word_1_532' title='bbox 2463 717 2559 769; x_wconf 63' lang='grc' dir='ltr'><strong>καὶ⁹</strong></span> <span class='ocrx_word' id='word_1_533' title='bbox 2577 715 2744 786; x_wconf 86' lang='grc' dir='ltr'><strong>λέγει·</strong></span> <span class='ocrx_word' id='word_1_534' title='bbox 2770 717 3038 788; x_wconf 78' lang='grc' dir='ltr'><strong>Σήμερον</strong></span> <span class='ocrx_word' id='word_1_535' title='bbox 3049 723 3178 785; x_wconf 76' lang='grc' dir='ltr'><strong>μετ’</strong></span> <span class='ocrx_word' id='word_1_536' title='bbox 3200 723 3350 792; x_wconf 77' lang='grc' dir='ltr'><strong>ἐμοῦ</strong></span> 
     </span>
    </p>
   </div>
   <div class='ocr_carea' id='block_1_70' title="bbox 1781 789 3353 877">
    <p class='ocr_par' dir='ltr' id='par_1_70' title="bbox 1781 789 3353 877">
     <span class='ocr_line' id='line_1_70' title="bbox 1781 789 3353 877; baseline 0.012 -34"><span class='ocrx_word' id='word_1_537' title='bbox 1781 789 1903 877; x_wconf 63' lang='grc' dir='ltr'><strong>ξσῃΔ</strong></span> <span class='ocrx_word' id='word_1_538' title='bbox 1925 793 1996 845; x_wconf 82' lang='grc' dir='ltr'><strong>ἐν</strong></span> <span class='ocrx_word' id='word_1_539' title='bbox 2025 792 2106 859; x_wconf 83' lang='grc' dir='ltr'><strong>τῷ</strong></span> <span class='ocrx_word' id='word_1_540' title='bbox 2155 796 2518 864; x_wconf 81' lang='grc' dir='ltr'><strong>παραδείσῳ.</strong></span> <span class='ocrx_word' id='word_1_541' title='bbox 2569 800 2667 854; x_wconf 78' lang='grc' dir='ltr'><strong>Ἂν</strong></span> <span class='ocrx_word' id='word_1_542' title='bbox 2695 800 2844 854; x_wconf 86' lang='grc' dir='ltr'><strong>ίδωσι</strong></span> <span class='ocrx_word' id='word_1_543' title='bbox 2871 802 2963 856; x_wconf 85' lang='grc' dir='ltr'><strong>τὸν</strong></span> <span class='ocrx_word' id='word_1_544' title='bbox 2993 789 3270 877; x_wconf 71' lang='grc' dir='ltr'><strong>Δεσπότην</strong></span> <span class='ocrx_word' id='word_1_545' title='bbox 3295 807 3353 861; x_wconf 89' lang='grc' dir='ltr'><strong>αί</strong></span> 
     </span>
    </p>
   </div>
   <div class='ocr_carea' id='block_1_71' title="bbox 1780 871 3357 955">
    <p class='ocr_par' dir='ltr' id='par_1_71' title="bbox 1780 871 3357 955">
     <span class='ocr_line' id='line_1_71' title="bbox 1780 871 3357 955; baseline 0.011 -30"><span class='ocrx_word' id='word_1_546' title='bbox 1780 871 2039 944; x_wconf 77' lang='grc' dir='ltr'><strong>δυνάμεις</strong></span> <span class='ocrx_word' id='word_1_547' title='bbox 2055 878 2277 941; x_wconf 85' lang='grc' dir='ltr'><strong>ἐκεῖναι,</strong></span> <span class='ocrx_word' id='word_1_548' title='bbox 2298 879 2501 945; x_wconf 88' lang='grc' dir='ltr'><strong>εὐθέως</strong></span> <span class='ocrx_word' id='word_1_549' title='bbox 2528 883 2916 955; x_wconf 88' lang='grc' dir='ltr'><strong>παραχωροῦσι</strong></span> <span class='ocrx_word' id='word_1_550' title='bbox 2934 885 3029 938; x_wconf 77' lang='grc' dir='ltr'><strong>καὶ</strong></span> <span class='ocrx_word' id='word_1_551' title='bbox 3044 871 3357 952; x_wconf 80' lang='grc' dir='ltr'><strong>ὑπεξίστανο</strong></span> 
     </span>
    </p>
   </div>
   <div class='ocr_carea' id='block_1_72' title="bbox 1779 957 3356 1043">
    <p class='ocr_par' dir='ltr' id='par_1_72' title="bbox 1779 957 3356 1043">
     <span class='ocr_line' id='line_1_72' title="bbox 1779 957 3356 1043; baseline 0.011 -35"><span class='ocrx_word' id='word_1_552' title='bbox 1779 971 1888 1043; x_wconf 73' lang='grc' dir='ltr'><strong>ται.</strong></span> <span class='ocrx_word' id='word_1_553' title='bbox 1914 957 2109 1043; x_wconf 70' lang='grc' dir='ltr'><strong>καίτοι</strong></span> <span class='ocrx_word' id='word_1_554' title='bbox 2136 976 2200 1028; x_wconf 93' lang='grc' dir='ltr'><strong>γε</strong></span> <span class='ocrx_word' id='word_1_555' title='bbox 2231 959 2483 1030; x_wconf 70' lang='grc' dir='ltr'><strong>βασιλεὺς</strong></span> <span class='ocrx_word' id='word_1_556' title='bbox 2512 963 2684 1029; x_wconf 75' lang='grc' dir='ltr'><strong>οὐδεὶς</strong></span> <span class='ocrx_word' id='word_1_557' title='bbox 2712 965 2778 1019; x_wconf 84' lang='grc' dir='ltr'><strong>ἀν</strong></span> <span class='ocrx_word' id='word_1_558' title='bbox 2793 983 2923 1021; x_wconf 88' lang='grc' dir='ltr'><strong>ποτε</strong></span> <span class='ocrx_word' id='word_1_559' title='bbox 2951 968 3240 1040; x_wconf 79' lang='grc' dir='ltr'><strong>ἀνάσχοιτο</strong></span> <span class='ocrx_word' id='word_1_560' title='bbox 3265 970 3356 1043; x_wconf 74' lang='grc' dir='ltr'><strong>λη-</strong></span> 
     </span>
    </p>
   </div>
   <div class='ocr_carea' id='block_1_73' title="bbox 1786 1037 3353 1124">
    <p class='ocr_par' dir='ltr' id='par_1_73' title="bbox 1786 1037 3353 1124">
     <span class='ocr_line' id='line_1_73' title="bbox 1786 1037 3353 1124; baseline 0.011 -33"><span class='ocrx_word' id='word_1_561' title='bbox 1786 1037 1935 1124; x_wconf 51' lang='grc' dir='ltr'><strong>στῂν-</strong></span> <span class='ocrx_word' id='word_1_562' title='bbox 1962 1039 2273 1124; x_wconf 11' lang='grc' dir='ltr'><strong>,ἀνθρωπον,</strong></span> <span class='ocrx_word' id='word_1_563' title='bbox 2303 1044 2337 1116; x_wconf 83' lang='grc' dir='ltr'>ἢ</span> <span class='ocrx_word' id='word_1_564' title='bbox 2368 1043 2555 1119; x_wconf 73' lang='grc' dir='ltr'><strong>ἕτερόν</strong></span> <span class='ocrx_word' id='word_1_565' title='bbox 2597 1064 2720 1101; x_wconf 89' lang='grc' dir='ltr'><strong>τινα</strong></span> <span class='ocrx_word' id='word_1_566' title='bbox 2750 1049 2859 1102; x_wconf 87' lang='grc' dir='ltr'><strong>τῶν</strong></span> <span class='ocrx_word' id='word_1_567' title='bbox 2899 1037 3202 1122; x_wconf 79' lang='grc' dir='ltr'><strong>ὁμοδούλων</strong></span> <span class='ocrx_word' id='word_1_568' title='bbox 3233 1037 3353 1124; x_wconf 78' lang='grc' dir='ltr'><strong>μεθ’</strong></span> 
     </span>
    </p>
   </div>
   <div class='ocr_carea' id='block_1_74' title="bbox 1784 1118 3355 1203">
    <p class='ocr_par' dir='ltr' id='par_1_74' title="bbox 1784 1118 3355 1203">
     <span class='ocr_line' id='line_1_74' title="bbox 1784 1118 3355 1203; baseline 0.012 -31"><span class='ocrx_word' id='word_1_569' title='bbox 1784 1118 1937 1193; x_wconf 71' lang='grc'><strong>[414]</strong></span> <span class='ocrx_word' id='word_1_570' title='bbox 1953 1122 2147 1176; x_wconf 84' lang='grc' dir='ltr'><strong>ἑαυτοῦ</strong></span> <span class='ocrx_word' id='word_1_571' title='bbox 2172 1118 2509 1194; x_wconf 89' lang='grc' dir='ltr'><strong>εἰσκαθίσας,</strong></span> <span class='ocrx_word' id='word_1_572' title='bbox 2529 1128 2701 1194; x_wconf 68' lang='grc' dir='ltr'><strong>οὕτως</strong></span> <span class='ocrx_word' id='word_1_573' title='bbox 2715 1134 2794 1195; x_wconf 90' lang='grc' dir='ltr'><strong>εἰς</strong></span> <span class='ocrx_word' id='word_1_574' title='bbox 2814 1132 2913 1203; x_wconf 81' lang='grc' dir='ltr'><strong>τὴν</strong></span> <span class='ocrx_word' id='word_1_575' title='bbox 2935 1118 3090 1188; x_wconf 82' lang='grc' dir='ltr'><strong>πόλιν</strong></span> <span class='ocrx_word' id='word_1_576' title='bbox 3106 1118 3355 1191; x_wconf 74' lang='grc' dir='ltr'><strong>εἰσελαύο</strong></span> 
     </span>
    </p>
   </div>
   <div class='ocr_carea' id='block_1_75' title="bbox 1783 1210 3358 1289">
    <p class='ocr_par' dir='ltr' id='par_1_75' title="bbox 1783 1210 3358 1289">
     <span class='ocr_line' id='line_1_75' title="bbox 1783 1210 3358 1289; baseline 0.01 -30"><span class='ocrx_word' id='word_1_577' title='bbox 1783 1224 1923 1261; x_wconf 88' lang='grc' dir='ltr'><strong>νειν·</strong></span> <span class='ocrx_word' id='word_1_578' title='bbox 1954 1210 1982 1262; x_wconf 86' lang='grc' dir='ltr'>ὁ</span> <span class='ocrx_word' id='word_1_579' title='bbox 2003 1211 2059 1263; x_wconf 82' lang='grc' dir='ltr'><strong>δὲ</strong></span> <span class='ocrx_word' id='word_1_580' title='bbox 2083 1211 2458 1283; x_wconf 75' lang='grc' dir='ltr'><strong>φιλάνθρωπος</strong></span> <span class='ocrx_word' id='word_1_581' title='bbox 2482 1215 2758 1288; x_wconf 89' lang='grc' dir='ltr'><strong>Δεσπότης</strong></span> <span class='ocrx_word' id='word_1_582' title='bbox 2786 1217 2943 1271; x_wconf 88' lang='grc' dir='ltr'><strong>τοῦτο</strong></span> <span class='ocrx_word' id='word_1_583' title='bbox 2966 1219 3237 1289; x_wconf 87' lang='grc' dir='ltr'><strong>ἐποίησεν.</strong></span> <span class='ocrx_word' id='word_1_584' title='bbox 3262 1221 3358 1284; x_wconf 69' lang='lat' dir='ltr'><strong><em>El;</em></strong></span> 
     </span>
    </p>
   </div>
   <div class='ocr_carea' id='block_1_76' title="bbox 1783 1290 3357 1373">
    <p class='ocr_par' dir='ltr' id='par_1_76' title="bbox 1783 1290 3357 1373">
     <span class='ocr_line' id='line_1_76' title="bbox 1783 1290 3357 1373; baseline 0.008 -30"><span class='ocrx_word' id='word_1_585' title='bbox 1783 1290 1884 1362; x_wconf 77' lang='grc' dir='ltr'><strong>τὴν</strong></span> <span class='ocrx_word' id='word_1_586' title='bbox 1915 1291 2067 1364; x_wconf 77' lang='grc' dir='ltr'><strong>ἱερὰν</strong></span> <span class='ocrx_word' id='word_1_587' title='bbox 2094 1293 2204 1366; x_wconf 71' lang='grc' dir='ltr'><strong>γὰρ</strong></span> <span class='ocrx_word' id='word_1_588' title='bbox 2233 1294 2415 1349; x_wconf 87' lang='grc' dir='ltr'><strong>εἰσιὼν</strong></span> <span class='ocrx_word' id='word_1_589' title='bbox 2443 1299 2694 1370; x_wconf 86' lang='grc' dir='ltr'><strong>πατρίδα,</strong></span> <span class='ocrx_word' id='word_1_590' title='bbox 2719 1301 2811 1353; x_wconf 84' lang='grc' dir='ltr'><strong>τὸν</strong></span> <span class='ocrx_word' id='word_1_591' title='bbox 2848 1300 3051 1373; x_wconf 81' lang='grc' dir='ltr'><strong>λῃστὴν</strong></span> <span class='ocrx_word' id='word_1_592' title='bbox 3083 1301 3200 1373; x_wconf 80' lang='grc' dir='ltr'><strong>μεθ’</strong></span> <span class='ocrx_word' id='word_1_593' title='bbox 3232 1304 3357 1355; x_wconf 81' lang='grc' dir='ltr'><strong>ἑαυ-</strong></span> 
     </span>
    </p>
   </div>
   <div class='ocr_carea' id='block_1_77' title="bbox 1784 1373 3360 1457">
    <p class='ocr_par' dir='ltr' id='par_1_77' title="bbox 1784 1373 3360 1457">
     <span class='ocr_line' id='line_1_77' title="bbox 1784 1373 3360 1457; baseline 0.009 -30"><span class='ocrx_word' id='word_1_594' title='bbox 1784 1373 1879 1428; x_wconf 92' lang='grc' dir='ltr'><strong>τοῦ</strong></span> <span class='ocrx_word' id='word_1_595' title='bbox 1913 1376 2190 1448; x_wconf 85' lang='grc' dir='ltr'><strong>εἰσφέρει,</strong></span> <span class='ocrx_word' id='word_1_596' title='bbox 2247 1378 2368 1449; x_wconf 70' lang='grc' dir='ltr'><strong>οὐχὶ</strong></span> <span class='ocrx_word' id='word_1_597' title='bbox 2421 1379 2703 1450; x_wconf 79' lang='grc' dir='ltr'><strong>ἀτιμάζων</strong></span> <span class='ocrx_word' id='word_1_598' title='bbox 2760 1382 2851 1437; x_wconf 80' lang='grc' dir='ltr'><strong>τὸν</strong></span> <span class='ocrx_word' id='word_1_599' title='bbox 2885 1385 3230 1455; x_wconf 77' lang='grc' dir='ltr'><strong>παράδεισον,</strong></span> <span class='ocrx_word' id='word_1_600' title='bbox 3281 1385 3360 1457; x_wconf 76' lang='grc' dir='ltr'><strong>μὴ</strong></span> 
     </span>
    </p>
   </div>
   <div class='ocr_carea' id='block_1_78' title="bbox 1785 1458 3359 1539">
    <p class='ocr_par' dir='ltr' id='par_1_78' title="bbox 1785 1458 3359 1539">
     <span class='ocr_line' id='line_1_78' title="bbox 1785 1458 3359 1539; baseline 0.007 -28"><span class='ocrx_word' id='word_1_601' title='bbox 1785 1458 2016 1526; x_wconf 87' lang='grc' dir='ltr'><strong>γένοιτο,</strong></span> <span class='ocrx_word' id='word_1_602' title='bbox 2074 1463 2189 1524; x_wconf 85' lang='grc' dir='ltr'><strong>τοῖς</strong></span> <span class='ocrx_word' id='word_1_603' title='bbox 2220 1464 2347 1516; x_wconf 80' lang='grc' dir='ltr'><strong>ποσὶ</strong></span> <span class='ocrx_word' id='word_1_604' title='bbox 2392 1462 2487 1516; x_wconf 90' lang='grc' dir='ltr'><strong>τοῦ</strong></span> <span class='ocrx_word' id='word_1_605' title='bbox 2521 1463 2740 1535; x_wconf 75' lang='grc' dir='ltr'><strong>λῃστοῦ,</strong></span> <span class='ocrx_word' id='word_1_606' title='bbox 2774 1465 2909 1521; x_wconf 89' lang='grc' dir='ltr'><strong>ἀλλά</strong></span> <span class='ocrx_word' id='word_1_607' title='bbox 2939 1466 3108 1539; x_wconf 81' lang='grc' dir='ltr'><strong>ταύτῃ</strong></span> <span class='ocrx_word' id='word_1_608' title='bbox 3159 1468 3359 1538; x_wconf 79' lang='grc' dir='ltr'><strong>μᾶλλον</strong></span> 
     </span>
    </p>
   </div>
   <div class='ocr_carea' id='block_1_79' title="bbox 1784 1541 3362 1622">
    <p class='ocr_par' dir='ltr' id='par_1_79' title="bbox 1784 1541 3362 1622">
     <span class='ocr_line' id='line_1_79' title="bbox 1784 1541 3362 1622; baseline 0.008 -29"><span class='ocrx_word' id='word_1_609' title='bbox 1784 1541 1983 1611; x_wconf 87' lang='grc' dir='ltr'><strong>τιμῶν.</strong></span> <span class='ocrx_word' id='word_1_610' title='bbox 2006 1543 2152 1615; x_wconf 80' lang='grc' dir='ltr'><strong>Τιμὴ</strong></span> <span class='ocrx_word' id='word_1_611' title='bbox 2189 1544 2298 1617; x_wconf 80' lang='grc' dir='ltr'><strong>γὰρ</strong></span> <span class='ocrx_word' id='word_1_612' title='bbox 2326 1546 2681 1616; x_wconf 82' lang='grc' dir='ltr'><strong>παραδείσου,</strong></span> <span class='ocrx_word' id='word_1_613' title='bbox 2718 1548 2779 1602; x_wconf 77' lang='grc' dir='ltr'><strong>τὸ</strong></span> <span class='ocrx_word' id='word_1_614' title='bbox 2817 1549 3055 1603; x_wconf 87' lang='grc' dir='ltr'><strong>τοιοῦτον</strong></span> <span class='ocrx_word' id='word_1_615' title='bbox 3088 1552 3232 1622; x_wconf 74' lang='grc' dir='ltr'><strong>ἔχειν</strong></span> <span class='ocrx_word' id='word_1_616' title='bbox 3262 1554 3362 1605; x_wconf 90' lang='grc' dir='ltr'><strong>Δε-</strong></span> 
     </span>
    </p>
   </div>
   <div class='ocr_carea' id='block_1_80' title="bbox 1790 1624 3362 1704">
    <p class='ocr_par' dir='ltr' id='par_1_80' title="bbox 1790 1624 3362 1704">
     <span class='ocr_line' id='line_1_80' title="bbox 1790 1624 3362 1704; baseline 0.008 -28"><span class='ocrx_word' id='word_1_617' title='bbox 1790 1624 2014 1696; x_wconf 82' lang='grc' dir='ltr'><strong>σπότην,</strong></span> <span class='ocrx_word' id='word_1_618' title='bbox 2045 1626 2187 1680; x_wconf 76' lang='grc' dir='ltr'><strong>οὕτω</strong></span> <span class='ocrx_word' id='word_1_619' title='bbox 2213 1627 2435 1681; x_wconf 80' lang='grc' dir='ltr'><strong>δυνατὸν</strong></span> <span class='ocrx_word' id='word_1_620' title='bbox 2465 1629 2559 1683; x_wconf 72' lang='grc' dir='ltr'><strong>καὶ</strong></span> <span class='ocrx_word' id='word_1_621' title='bbox 2581 1630 2960 1703; x_wconf 84' lang='grc' dir='ltr'><strong>φιλάνθρωπον</strong></span> <span class='ocrx_word' id='word_1_622' title='bbox 2984 1672 3000 1695; x_wconf 90' lang='grc'><strong>,</strong></span> <span class='ocrx_word' id='word_1_623' title='bbox 3034 1632 3109 1697; x_wconf 84' lang='grc' dir='ltr'><strong>ὠς</strong></span> <span class='ocrx_word' id='word_1_624' title='bbox 3148 1636 3243 1688; x_wconf 80' lang='grc' dir='ltr'><strong>καὶ</strong></span> <span class='ocrx_word' id='word_1_625' title='bbox 3265 1633 3362 1704; x_wconf 84' lang='grc' dir='ltr'><strong>λῃ-</strong></span> 
     </span>
    </p>
   </div>
   <div class='ocr_carea' id='block_1_81' title="bbox 1791 1708 3361 1787">
    <p class='ocr_par' dir='ltr' id='par_1_81' title="bbox 1791 1708 3361 1787">
     <span class='ocr_line' id='line_1_81' title="bbox 1791 1708 3361 1787; baseline 0.007 -27"><span class='ocrx_word' id='word_1_626' title='bbox 1791 1708 1922 1780; x_wconf 82' lang='grc' dir='ltr'><strong>στὴν</strong></span> <span class='ocrx_word' id='word_1_627' title='bbox 1966 1709 2224 1764; x_wconf 90' lang='grc' dir='ltr'><strong>δύνασθαι</strong></span> <span class='ocrx_word' id='word_1_628' title='bbox 2259 1712 2482 1783; x_wconf 84' lang='grc' dir='ltr'><strong>ποιῆσαι</strong></span> <span class='ocrx_word' id='word_1_629' title='bbox 2512 1712 2658 1777; x_wconf 80' lang='grc' dir='ltr'><strong>ἀξιον</strong></span> <span class='ocrx_word' id='word_1_630' title='bbox 2686 1714 2785 1784; x_wconf 78' lang='grc' dir='ltr'><strong>τῆς</strong></span> <span class='ocrx_word' id='word_1_631' title='bbox 2815 1716 3029 1787; x_wconf 82' lang='grc' dir='ltr'><strong>τρυφῆς</strong></span> <span class='ocrx_word' id='word_1_632' title='bbox 3062 1717 3161 1787; x_wconf 81' lang='grc' dir='ltr'><strong>τῆς</strong></span> <span class='ocrx_word' id='word_1_633' title='bbox 3191 1719 3249 1771; x_wconf 85' lang='grc' dir='ltr'><strong>ἐν</strong></span> <span class='ocrx_word' id='word_1_634' title='bbox 3280 1716 3361 1787; x_wconf 83' lang='grc' dir='ltr'><strong>τῷ</strong></span> 
     </span>
    </p>
   </div>
   <div class='ocr_carea' id='block_1_82' title="bbox 1791 1791 3361 1871">
    <p class='ocr_par' dir='ltr' id='par_1_82' title="bbox 1791 1791 3361 1871">
     <span class='ocr_line' id='line_1_82' title="bbox 1791 1791 3361 1871; baseline 0.005 -28"><span class='ocrx_word' id='word_1_635' title='bbox 1791 1791 2124 1863; x_wconf 88' lang='grc' dir='ltr'><strong>παραδείσῳ.</strong></span> <span class='ocrx_word' id='word_1_636' title='bbox 2152 1793 2263 1851; x_wconf 84' lang='lat' dir='ltr'><strong><em>Kal</em></strong></span> <span class='ocrx_word' id='word_1_637' title='bbox 2289 1793 2400 1864; x_wconf 89' lang='grc' dir='ltr'><strong>γὰρ</strong></span> <span class='ocrx_word' id='word_1_638' title='bbox 2425 1795 2516 1847; x_wconf 80' lang='grc' dir='ltr'><strong>ὅτε</strong></span> <span class='ocrx_word' id='word_1_639' title='bbox 2550 1794 2789 1859; x_wconf 85' lang='grc' dir='ltr'><strong>τελώνας</strong></span> <span class='ocrx_word' id='word_1_640' title='bbox 2814 1798 2908 1851; x_wconf 74' lang='grc' dir='ltr'><strong>καὶ</strong></span> <span class='ocrx_word' id='word_1_641' title='bbox 2933 1799 3136 1868; x_wconf 86' lang='grc' dir='ltr'><strong>πόρνας</strong></span> <span class='ocrx_word' id='word_1_642' title='bbox 3159 1801 3239 1862; x_wconf 88' lang='grc' dir='ltr'><strong>εἰς</strong></span> <span class='ocrx_word' id='word_1_643' title='bbox 3260 1798 3361 1871; x_wconf 78' lang='grc' dir='ltr'><strong>τὴν</strong></span> 
     </span>
    </p>
   </div>
   <div class='ocr_carea' id='block_1_83' title="bbox 1795 1872 3367 1950">
    <p class='ocr_par' dir='ltr' id='par_1_83' title="bbox 1795 1872 3367 1950">
     <span class='ocr_line' id='line_1_83' title="bbox 1795 1872 3367 1950; baseline 0.007 -25"><span class='ocrx_word' id='word_1_644' title='bbox 1795 1872 2071 1943; x_wconf 86' lang='grc' dir='ltr'><strong>βασιλείαν</strong></span> <span class='ocrx_word' id='word_1_645' title='bbox 2085 1876 2294 1941; x_wconf 82' lang='grc' dir='ltr'><strong>ἐκάλει,</strong></span> <span class='ocrx_word' id='word_1_646' title='bbox 2308 1877 2369 1929; x_wconf 92' lang='grc' dir='ltr'><strong>οὐ</strong></span> <span class='ocrx_word' id='word_1_647' title='bbox 2393 1879 2769 1948; x_wconf 83' lang='grc' dir='ltr'><strong>καταισχύνων</strong></span> <span class='ocrx_word' id='word_1_648' title='bbox 2789 1880 2888 1949; x_wconf 81' lang='grc' dir='ltr'><strong>τὴν</strong></span> <span class='ocrx_word' id='word_1_649' title='bbox 2908 1879 3182 1950; x_wconf 87' lang='grc' dir='ltr'><strong>βασιλείαν</strong></span> <span class='ocrx_word' id='word_1_650' title='bbox 3207 1882 3367 1936; x_wconf 87' lang='grc' dir='ltr'><strong>τοῦτο</strong></span> 
     </span>
    </p>
   </div>
   <div class='ocr_carea' id='block_1_84' title="bbox 1793 1958 3365 2031">
    <p class='ocr_par' dir='ltr' id='par_1_84' title="bbox 1793 1958 3365 2031">
     <span class='ocr_line' id='line_1_84' title="bbox 1793 1958 3365 2031; baseline 0.005 -20"><span class='ocrx_word' id='word_1_651' title='bbox 1793 1958 2137 2023; x_wconf 83' lang='grc' dir='ltr'><strong>ἐποίει,ἀλλὰ</strong></span> <span class='ocrx_word' id='word_1_652' title='bbox 2150 1959 2327 2031; x_wconf 89' lang='grc' dir='ltr'><strong>τιμῶν</strong></span> <span class='ocrx_word' id='word_1_653' title='bbox 2352 1960 2607 2031; x_wconf 89' lang='grc' dir='ltr'><strong>μάλιστα,</strong></span> <span class='ocrx_word' id='word_1_654' title='bbox 2638 1964 2733 2015; x_wconf 79' lang='grc' dir='ltr'><strong>καὶ</strong></span> <span class='ocrx_word' id='word_1_655' title='bbox 2761 1963 2972 2026; x_wconf 82' lang='grc' dir='ltr'><strong>δεικνὺς</strong></span> <span class='ocrx_word' id='word_1_656' title='bbox 3011 1965 3094 2017; x_wconf 85' lang='grc' dir='ltr'><strong>ὃτι</strong></span> <span class='ocrx_word' id='word_1_657' title='bbox 3126 1964 3365 2029; x_wconf 83' lang='grc' dir='ltr'><strong>τοιοῦτός</strong></span> 
     </span>
    </p>
   </div>
   <div class='ocr_carea' id='block_1_85' title="bbox 1793 2040 3369 2115">
    <p class='ocr_par' dir='ltr' id='par_1_85' title="bbox 1793 2040 3369 2115">
     <span class='ocr_line' id='line_1_85' title="bbox 1793 2040 3369 2115; baseline 0.005 -23"><span class='ocrx_word' id='word_1_658' title='bbox 1793 2040 1939 2092; x_wconf 78' lang='grc' dir='ltr'><strong>ἐστιν</strong></span> <span class='ocrx_word' id='word_1_659' title='bbox 1967 2043 1994 2094; x_wconf 92' lang='lat'><strong>6</strong></span> <span class='ocrx_word' id='word_1_660' title='bbox 2020 2042 2225 2113; x_wconf 84' lang='grc' dir='ltr'><strong>Κύριος</strong></span> <span class='ocrx_word' id='word_1_661' title='bbox 2260 2043 2359 2114; x_wconf 88' lang='grc' dir='ltr'><strong>τῆς</strong></span> <span class='ocrx_word' id='word_1_662' title='bbox 2398 2043 2509 2097; x_wconf 87' lang='grc' dir='ltr'><strong>τῶν</strong></span> <span class='ocrx_word' id='word_1_663' title='bbox 2538 2044 2784 2114; x_wconf 81' lang='grc' dir='ltr'><strong>οὐρανῶν</strong></span> <span class='ocrx_word' id='word_1_664' title='bbox 2816 2044 3091 2115; x_wconf 81' lang='grc' dir='ltr'><strong>βασιλείας</strong></span> <span class='ocrx_word' id='word_1_665' title='bbox 3114 2089 3129 2114; x_wconf 93' lang='grc'><strong>,</strong></span> <span class='ocrx_word' id='word_1_666' title='bbox 3160 2047 3235 2110; x_wconf 87' lang='grc' dir='ltr'><strong>ὼς</strong></span> <span class='ocrx_word' id='word_1_667' title='bbox 3272 2047 3369 2100; x_wconf 72' lang='grc' dir='ltr'><strong>καὶ</strong></span> 
     </span>
    </p>
   </div>
   <div class='ocr_carea' id='block_1_86' title="bbox 1791 2122 3369 2198">
    <p class='ocr_par' dir='ltr' id='par_1_86' title="bbox 1791 2122 3369 2198">
     <span class='ocr_line' id='line_1_86' title="bbox 1791 2122 3369 2198; baseline 0.005 -24"><span class='ocrx_word' id='word_1_668' title='bbox 1791 2123 2000 2193; x_wconf 84' lang='grc' dir='ltr'><strong>πόρνας</strong></span> <span class='ocrx_word' id='word_1_669' title='bbox 2034 2126 2128 2177; x_wconf 75' lang='grc' dir='ltr'><strong>καὶ</strong></span> <span class='ocrx_word' id='word_1_670' title='bbox 2152 2124 2390 2189; x_wconf 82' lang='grc' dir='ltr'><strong>τελώνας</strong></span> <span class='ocrx_word' id='word_1_671' title='bbox 2428 2126 2601 2190; x_wconf 74' lang='grc' dir='ltr'><strong>οὕτως</strong></span> <span class='ocrx_word' id='word_1_672' title='bbox 2626 2127 2960 2196; x_wconf 87' lang='grc' dir='ltr'><strong>ἐργάσασθαι</strong></span> <span class='ocrx_word' id='word_1_673' title='bbox 2985 2122 3260 2198; x_wconf 91' lang='grc' dir='ltr'><strong>δοκίμους,</strong></span> <span class='ocrx_word' id='word_1_674' title='bbox 3290 2129 3369 2193; x_wconf 75' lang='grc' dir='ltr'><strong>ὡς</strong></span> 
     </span>
    </p>
   </div>
   <div class='ocr_carea' id='block_1_87' title="bbox 1794 2207 3367 2284">
    <p class='ocr_par' dir='ltr' id='par_1_87' title="bbox 1794 2207 3367 2284">
     <span class='ocr_line' id='line_1_87' title="bbox 1794 2207 3367 2284; baseline 0.003 -24"><span class='ocrx_word' id='word_1_675' title='bbox 1794 2207 1977 2273; x_wconf 81' lang='grc' dir='ltr'><strong>ἀξίους</strong></span> <span class='ocrx_word' id='word_1_676' title='bbox 2004 2209 2235 2278; x_wconf 85' lang='grc' dir='ltr'><strong>φανῆναι</strong></span> <span class='ocrx_word' id='word_1_677' title='bbox 2263 2209 2364 2280; x_wconf 75' lang='grc' dir='ltr'><strong>τῆς</strong></span> <span class='ocrx_word' id='word_1_678' title='bbox 2392 2212 2510 2263; x_wconf 86' lang='grc' dir='ltr'><strong>ἐκεῖ</strong></span> <span class='ocrx_word' id='word_1_679' title='bbox 2544 2210 2711 2281; x_wconf 86' lang='grc' dir='ltr'><strong>τιμῆς</strong></span> <span class='ocrx_word' id='word_1_680' title='bbox 2737 2211 2831 2264; x_wconf 77' lang='grc' dir='ltr'><strong>καὶ</strong></span> <span class='ocrx_word' id='word_1_681' title='bbox 2849 2211 3075 2282; x_wconf 77' lang='grc' dir='ltr'><strong>δωρεᾶς.</strong></span> <span class='ocrx_word' id='word_1_682' title='bbox 3099 2211 3367 2284; x_wconf 84' lang='grc' dir='ltr'><strong>Καθάπερ</strong></span> 
     </span>
    </p>
   </div>
   <div class='ocr_carea' id='block_1_88' title="bbox 1790 2287 3371 2366">
    <p class='ocr_par' dir='ltr' id='par_1_88' title="bbox 1790 2287 3371 2366">
     <span class='ocr_line' id='line_1_88' title="bbox 1790 2287 3371 2366; baseline 0.002 -22"><span class='ocrx_word' id='word_1_683' title='bbox 1790 2287 1885 2344; x_wconf 80' lang='grc' dir='ltr'><strong>οὖν</strong></span> <span class='ocrx_word' id='word_1_684' title='bbox 1909 2291 2091 2362; x_wconf 73' lang='grc' dir='ltr'><strong>ἰατρὸν</strong></span> <span class='ocrx_word' id='word_1_685' title='bbox 2120 2291 2239 2347; x_wconf 78' lang='grc' dir='ltr'><strong>τότε</strong></span> <span class='ocrx_word' id='word_1_686' title='bbox 2268 2291 2638 2364; x_wconf 82' lang='grc' dir='ltr'><strong>θαυμάζομεν,</strong></span> <span class='ocrx_word' id='word_1_687' title='bbox 2665 2294 2795 2348; x_wconf 81' lang='grc' dir='ltr'><strong>ὅταν</strong></span> <span class='ocrx_word' id='word_1_688' title='bbox 2820 2293 3017 2366; x_wconf 80' lang='grc' dir='ltr'><strong>ἴδωμεν</strong></span> <span class='ocrx_word' id='word_1_689' title='bbox 3042 2296 3122 2348; x_wconf 85' lang='grc' dir='ltr'><strong>ὅτι</strong></span> <span class='ocrx_word' id='word_1_690' title='bbox 3155 2294 3371 2366; x_wconf 84' lang='grc' dir='ltr'><strong>ἀνθρώ-</strong></span> 
     </span>
    </p>
   </div>
   <div class='ocr_carea' id='block_1_89' title="bbox 1792 2374 3374 2450">
    <p class='ocr_par' dir='ltr' id='par_1_89' title="bbox 1792 2374 3374 2450">
     <span class='ocr_line' id='line_1_89' title="bbox 1792 2374 3374 2450; baseline 0.001 -22"><span class='ocrx_word' id='word_1_691' title='bbox 1792 2390 1927 2437; x_wconf 87' lang='grc' dir='ltr'><strong>πους</strong></span> <span class='ocrx_word' id='word_1_692' title='bbox 1957 2374 2150 2427; x_wconf 86' lang='grc' dir='ltr'><strong>ἀνίατα</strong></span> <span class='ocrx_word' id='word_1_693' title='bbox 2189 2376 2472 2447; x_wconf 87' lang='grc' dir='ltr'><strong>νοσήματα</strong></span> <span class='ocrx_word' id='word_1_694' title='bbox 2504 2376 2724 2447; x_wconf 77' lang='grc' dir='ltr'><strong>ἔχοντας</strong></span> <span class='ocrx_word' id='word_1_695' title='bbox 2770 2377 3083 2442; x_wconf 78' lang='grc' dir='ltr'><strong>ἀπαλλάξας</strong></span> <span class='ocrx_word' id='word_1_696' title='bbox 3118 2377 3218 2447; x_wconf 83' lang='grc' dir='ltr'><strong>τῆς</strong></span> <span class='ocrx_word' id='word_1_697' title='bbox 3265 2379 3374 2450; x_wconf 81' lang='grc' dir='ltr'><strong>ἀρ-</strong></span> 
     </span>
    </p>
   </div>
   <div class='ocr_carea' id='block_1_90' title="bbox 1796 2456 3372 2531">
    <p class='ocr_par' dir='ltr' id='par_1_90' title="bbox 1796 2456 3372 2531">
     <span class='ocr_line' id='line_1_90' title="bbox 1796 2456 3372 2531; baseline 0.001 -20"><span class='ocrx_word' id='word_1_698' title='bbox 1796 2456 2050 2529; x_wconf 77' lang='grc' dir='ltr'><strong>ρωστίας,</strong></span> <span class='ocrx_word' id='word_1_699' title='bbox 2109 2458 2247 2529; x_wconf 78' lang='grc' dir='ltr'><strong>πρὸς</strong></span> <span class='ocrx_word' id='word_1_700' title='bbox 2284 2457 2531 2529; x_wconf 80' lang='grc' dir='ltr'><strong>καθαράν</strong></span> <span class='ocrx_word' id='word_1_701' title='bbox 2561 2458 2771 2528; x_wconf 83' lang='grc' dir='ltr'><strong>ὑγίειαν</strong></span> <span class='ocrx_word' id='word_1_702' title='bbox 2816 2460 3192 2531; x_wconf 80' lang='grc' dir='ltr'><strong>ἐπανήγαγενο</strong></span> <span class='ocrx_word' id='word_1_703' title='bbox 3227 2459 3372 2513; x_wconf 79' lang='grc' dir='ltr'><strong>οὕτω</strong></span> 
     </span>
    </p>
   </div>
   <div class='ocr_carea' id='block_1_91' title="bbox 1792 2540 3369 2615">
    <p class='ocr_par' dir='ltr' id='par_1_91' title="bbox 1792 2540 3369 2615">
     <span class='ocr_line' id='line_1_91' title="bbox 1792 2540 3369 2615; baseline 0.003 -22"><span class='ocrx_word' id='word_1_704' title='bbox 1792 2541 1889 2594; x_wconf 79' lang='grc' dir='ltr'><strong>καὶ</strong></span> <span class='ocrx_word' id='word_1_705' title='bbox 1917 2540 2008 2593; x_wconf 84' lang='grc' dir='ltr'><strong>τὸν</strong></span> <span class='ocrx_word' id='word_1_706' title='bbox 2035 2542 2268 2614; x_wconf 66' lang='grc' dir='ltr'><strong>Χριστὸν</strong></span> <span class='ocrx_word' id='word_1_707' title='bbox 2290 2542 2592 2613; x_wconf 89' lang='grc' dir='ltr'><strong>θαύμασον,</strong></span> <span class='ocrx_word' id='word_1_708' title='bbox 2616 2542 2892 2614; x_wconf 85' lang='grc' dir='ltr'><strong>ἀγαπητὲ,</strong></span> <span class='ocrx_word' id='word_1_709' title='bbox 2921 2544 3016 2597; x_wconf 75' lang='grc' dir='ltr'><strong>καὶ</strong></span> <span class='ocrx_word' id='word_1_710' title='bbox 3042 2543 3369 2615; x_wconf 85' lang='grc' dir='ltr'><strong>ἐκπλάγηθι,</strong></span> 
     </span>
    </p>
   </div>
   <div class='ocr_carea' id='block_1_92' title="bbox 1792 2622 3374 2698">
    <p class='ocr_par' dir='ltr' id='par_1_92' title="bbox 1792 2622 3374 2698">
     <span class='ocr_line' id='line_1_92' title="bbox 1792 2622 3374 2698; baseline 0.001 -20"><span class='ocrx_word' id='word_1_711' title='bbox 1792 2625 1875 2678; x_wconf 85' lang='grc' dir='ltr'><strong>ὃτι</strong></span> <span class='ocrx_word' id='word_1_712' title='bbox 1912 2622 2094 2678; x_wconf 88' lang='grc' dir='ltr'><strong>λαϐὼν</strong></span> <span class='ocrx_word' id='word_1_713' title='bbox 2131 2625 2325 2679; x_wconf 84' lang='grc' dir='ltr'><strong>ἀνίατα</strong></span> <span class='ocrx_word' id='word_1_714' title='bbox 2361 2628 2643 2697; x_wconf 86' lang='grc' dir='ltr'><strong>νοσήματα</strong></span> <span class='ocrx_word' id='word_1_715' title='bbox 2680 2625 2856 2696; x_wconf 72' lang='grc' dir='ltr'><strong>ψυχῆς</strong></span> <span class='ocrx_word' id='word_1_716' title='bbox 2903 2625 3124 2697; x_wconf 74' lang='grc' dir='ltr'><strong>ἔχοντας</strong></span> <span class='ocrx_word' id='word_1_717' title='bbox 3161 2625 3374 2698; x_wconf 85' lang='grc' dir='ltr'><strong>ἀνθρώ-</strong></span> 
     </span>
    </p>
   </div>
   <div class='ocr_carea' id='block_1_93' title="bbox 1794 2707 3374 2781">
    <p class='ocr_par' dir='ltr' id='par_1_93' title="bbox 1794 2707 3374 2781">
     <span class='ocr_line' id='line_1_93' title="bbox 1794 2707 3374 2781; baseline 0.002 -21"><span class='ocrx_word' id='word_1_718' title='bbox 1794 2724 1968 2774; x_wconf 85' lang='grc' dir='ltr'><strong>πους,</strong></span> <span class='ocrx_word' id='word_1_719' title='bbox 2016 2707 2203 2778; x_wconf 76' lang='grc' dir='ltr'><strong>ἴσχυσε</strong></span> <span class='ocrx_word' id='word_1_720' title='bbox 2251 2709 2346 2763; x_wconf 76' lang='grc' dir='ltr'><strong>καὶ</strong></span> <span class='ocrx_word' id='word_1_721' title='bbox 2392 2711 2495 2781; x_wconf 84' lang='grc' dir='ltr'><strong>τῆς</strong></span> <span class='ocrx_word' id='word_1_722' title='bbox 2537 2709 2738 2773; x_wconf 89' lang='grc' dir='ltr'><strong>κακίας</strong></span> <span class='ocrx_word' id='word_1_723' title='bbox 2787 2708 3114 2778; x_wconf 77' lang='grc' dir='ltr'><strong>ἀπαλλάξαι,</strong></span> <span class='ocrx_word' id='word_1_724' title='bbox 3152 2709 3374 2778; x_wconf 75' lang='grc' dir='ltr'><strong>καὶτῆς</strong></span> 
     </span>
    </p>
   </div>
   <div class='ocr_carea' id='block_1_94' title="bbox 1793 2791 3375 2865">
    <p class='ocr_par' dir='ltr' id='par_1_94' title="bbox 1793 2791 3375 2865">
     <span class='ocr_line' id='line_1_94' title="bbox 1793 2791 3375 2865; baseline 0 -19"><span class='ocrx_word' id='word_1_725' title='bbox 1793 2792 1904 2847; x_wconf 91' lang='grc' dir='ltr'><strong>τῶν</strong></span> <span class='ocrx_word' id='word_1_726' title='bbox 1929 2793 2175 2865; x_wconf 78' lang='grc' dir='ltr'><strong>οὐρανῶν</strong></span> <span class='ocrx_word' id='word_1_727' title='bbox 2207 2791 2484 2865; x_wconf 85' lang='grc' dir='ltr'><strong>βασιλείας</strong></span> <span class='ocrx_word' id='word_1_728' title='bbox 2520 2793 2704 2859; x_wconf 81' lang='grc' dir='ltr'><strong>ἀξίους</strong></span> <span class='ocrx_word' id='word_1_729' title='bbox 2737 2794 3012 2864; x_wconf 81' lang='grc' dir='ltr'><strong>ἀποφῆναι</strong></span> <span class='ocrx_word' id='word_1_730' title='bbox 3071 2794 3197 2858; x_wconf 80' lang='grc' dir='ltr'><strong>τοὺς</strong></span> <span class='ocrx_word' id='word_1_731' title='bbox 3239 2794 3375 2864; x_wconf 81' lang='grc' dir='ltr'><strong>πρὸς</strong></span> 
     </span>
    </p>
   </div>
   <div class='ocr_carea' id='block_1_95' title="bbox 1794 2875 3377 2949">
    <p class='ocr_par' dir='ltr' id='par_1_95' title="bbox 1794 2875 3377 2949">
     <span class='ocr_line' id='line_1_95' title="bbox 1794 2875 3377 2949; baseline 0.001 -21"><span class='ocrx_word' id='word_1_732' title='bbox 1794 2876 1897 2948; x_wconf 81' lang='grc' dir='ltr'><strong>τὴν</strong></span> <span class='ocrx_word' id='word_1_733' title='bbox 1948 2877 2187 2947; x_wconf 85' lang='grc' dir='ltr'><strong>ἐσχάτην</strong></span> <span class='ocrx_word' id='word_1_734' title='bbox 2236 2877 2503 2949; x_wconf 86' lang='grc' dir='ltr'><strong>πονηρίαν</strong></span> <span class='ocrx_word' id='word_1_735' title='bbox 2559 2875 2912 2948; x_wconf 78' lang='grc' dir='ltr'><strong>ἐληλακότας.</strong></span> <span class='ocrx_word' id='word_1_736' title='bbox 2955 2876 3226 2947; x_wconf 77' lang='grc' dir='ltr'><strong>Σήμερον</strong></span> <span class='ocrx_word' id='word_1_737' title='bbox 3247 2877 3377 2946; x_wconf 85' lang='grc' dir='ltr'><strong>μετ’</strong></span> 
     </span>
    </p>
   </div>
   <div class='ocr_carea' id='block_1_96' title="bbox 1796 2958 3379 3031">
    <p class='ocr_par' dir='ltr' id='par_1_96' title="bbox 1796 2958 3379 3031">
     <span class='ocr_line' id='line_1_96' title="bbox 1796 2958 3379 3031; baseline 0.001 -20"><span class='ocrx_word' id='word_1_738' title='bbox 1796 2959 1944 3028; x_wconf 84' lang='grc' dir='ltr'><strong>ἐμοῦ</strong></span> <span class='ocrx_word' id='word_1_739' title='bbox 1974 2960 2089 3027; x_wconf 75' lang='grc' dir='ltr'><strong>ἔσῃ</strong></span> <span class='ocrx_word' id='word_1_740' title='bbox 2111 2960 2182 3012; x_wconf 84' lang='grc' dir='ltr'><strong>ἐν</strong></span> <span class='ocrx_word' id='word_1_741' title='bbox 2200 2958 2280 3025; x_wconf 86' lang='grc' dir='ltr'><strong>τῷ</strong></span> <span class='ocrx_word' id='word_1_742' title='bbox 2311 2961 2676 3030; x_wconf 81' lang='grc' dir='ltr'><strong>παραδείσῳ.</strong></span> <span class='ocrx_word' id='word_1_743' title='bbox 2699 2960 2927 3031; x_wconf 85' lang='grc' dir='ltr'><strong>Μεγάλη</strong></span> <span class='ocrx_word' id='word_1_744' title='bbox 2954 2960 3108 3031; x_wconf 85' lang='grc' dir='ltr'><strong>τιμὴ,</strong></span> <span class='ocrx_word' id='word_1_745' title='bbox 3125 2960 3259 3016; x_wconf 82' lang='grc' dir='ltr'><strong>πολὺ</strong></span> <span class='ocrx_word' id='word_1_746' title='bbox 3279 2962 3379 3031; x_wconf 83' lang='grc' dir='ltr'><strong>τῆς</strong></span> 
     </span>
    </p>
   </div>
   <div class='ocr_carea' id='block_1_97' title="bbox 1802 3041 3380 3116">
    <p class='ocr_par' dir='ltr' id='par_1_97' title="bbox 1802 3041 3380 3116">
     <span class='ocr_line' id='line_1_97' title="bbox 1802 3041 3380 3116; baseline 0.002 -22"><span class='ocrx_word' id='word_1_747' title='bbox 1802 3041 2212 3111; x_wconf 84' lang='grc' dir='ltr'><strong>φιλανθρωπίας</strong></span> <span class='ocrx_word' id='word_1_748' title='bbox 2258 3041 2319 3095; x_wconf 86' lang='grc' dir='ltr'><strong>τὸ</strong></span> <span class='ocrx_word' id='word_1_749' title='bbox 2351 3043 2606 3112; x_wconf 88' lang='grc' dir='ltr'><strong>μέγεθος,</strong></span> <span class='ocrx_word' id='word_1_750' title='bbox 2645 3044 2852 3114; x_wconf 82' lang='grc' dir='ltr'><strong>ἄφατος</strong></span> <span class='ocrx_word' id='word_1_751' title='bbox 2902 3046 2936 3115; x_wconf 85' lang='grc' dir='ltr'><strong>ή</strong></span> <span class='ocrx_word' id='word_1_752' title='bbox 2982 3042 3254 3116; x_wconf 79' lang='grc' dir='ltr'><strong>ὑπερϐολὴ</strong></span> <span class='ocrx_word' id='word_1_753' title='bbox 3281 3043 3380 3114; x_wconf 81' lang='grc' dir='ltr'><strong>τῆς</strong></span> 
     </span>
    </p>
   </div>
   <div class='ocr_carea' id='block_1_98' title="bbox 1800 3124 3380 3198">
    <p class='ocr_par' dir='ltr' id='par_1_98' title="bbox 1800 3124 3380 3198">
     <span class='ocr_line' id='line_1_98' title="bbox 1800 3124 3380 3198; baseline 0.002 -22"><span class='ocrx_word' id='word_1_754' title='bbox 1800 3124 2152 3193; x_wconf 85' lang='grc' dir='ltr'><strong>ἀγαθότητος·</strong></span> <span class='ocrx_word' id='word_1_755' title='bbox 2188 3124 2282 3181; x_wconf 87' lang='grc' dir='ltr'><strong>τοῦ</strong></span> <span class='ocrx_word' id='word_1_756' title='bbox 2328 3127 2436 3196; x_wconf 85' lang='grc' dir='ltr'><strong>γὰρ</strong></span> <span class='ocrx_word' id='word_1_757' title='bbox 2482 3127 2560 3190; x_wconf 89' lang='grc' dir='ltr'><strong>εἰς</strong></span> <span class='ocrx_word' id='word_1_758' title='bbox 2611 3125 2704 3178; x_wconf 80' lang='grc' dir='ltr'>τὸν</span> <span class='ocrx_word' id='word_1_759' title='bbox 2758 3126 3086 3198; x_wconf 90' lang='grc' dir='ltr'><strong>παράδεισον</strong></span> <span class='ocrx_word' id='word_1_760' title='bbox 3119 3126 3380 3180; x_wconf 77' lang='grc' dir='ltr'><strong>εἰσελθεῖν</strong></span> 
     </span>
    </p>
   </div>
   <div class='ocr_carea' id='block_1_99' title="bbox 1806 3206 3380 3283">
    <p class='ocr_par' dir='ltr' id='par_1_99' title="bbox 1806 3206 3380 3283">
     <span class='ocr_line' id='line_1_99' title="bbox 1806 3206 3380 3283; baseline 0.003 -25"><span class='ocrx_word' id='word_1_761' title='bbox 1806 3207 2010 3277; x_wconf 76' lang='grc' dir='ltr'><strong>μείζων</strong></span> <span class='ocrx_word' id='word_1_762' title='bbox 2037 3206 2170 3278; x_wconf 81' lang='grc' dir='ltr'><strong>τιμὴ</strong></span> <span class='ocrx_word' id='word_1_763' title='bbox 2194 3206 2254 3260; x_wconf 83' lang='grc' dir='ltr'><strong>τὸ</strong></span> <span class='ocrx_word' id='word_1_764' title='bbox 2294 3208 2432 3283; x_wconf 89' lang='grc' dir='ltr'><strong>μετά</strong></span> <span class='ocrx_word' id='word_1_765' title='bbox 2459 3207 2552 3261; x_wconf 89' lang='grc' dir='ltr'><strong>τοῦ</strong></span> <span class='ocrx_word' id='word_1_766' title='bbox 2584 3208 2854 3262; x_wconf 89' lang='grc' dir='ltr'><strong>Δεσπότου</strong></span> <span class='ocrx_word' id='word_1_767' title='bbox 2889 3209 3170 3263; x_wconf 83' lang='grc' dir='ltr'><strong>εἰσελθεῖν.</strong></span> <span class='ocrx_word' id='word_1_768' title='bbox 3194 3208 3259 3261; x_wconf 89' lang='grc' dir='ltr'><strong>Τί</strong></span> <span class='ocrx_word' id='word_1_769' title='bbox 3286 3207 3380 3274; x_wconf 84' lang='grc' dir='ltr'><strong>γέ-</strong></span> 
     </span>
    </p>
   </div>
   <div class='ocr_carea' id='block_1_100' title="bbox 1802 3290 3380 3363">
    <p class='ocr_par' dir='ltr' id='par_1_100' title="bbox 1802 3290 3380 3363">
     <span class='ocr_line' id='line_1_100' title="bbox 1802 3290 3380 3363; baseline 0.002 -21"><span class='ocrx_word' id='word_1_770' title='bbox 1802 3306 1982 3359; x_wconf 87' lang='grc' dir='ltr'><strong>γονεν,</strong></span> <span class='ocrx_word' id='word_1_771' title='bbox 2027 3291 2149 3344; x_wconf 86' lang='grc' dir='ltr'><strong>εἰπέ</strong></span> <span class='ocrx_word' id='word_1_772' title='bbox 2180 3309 2307 3361; x_wconf 71' lang='grc' dir='ltr'><strong>μοι,</strong></span> <span class='ocrx_word' id='word_1_773' title='bbox 2364 3290 2418 3344; x_wconf 91' lang='grc' dir='ltr'><strong>τί</strong></span> <span class='ocrx_word' id='word_1_774' title='bbox 2468 3290 2710 3344; x_wconf 87' lang='grc' dir='ltr'><strong>τοιοῦτον</strong></span> <span class='ocrx_word' id='word_1_775' title='bbox 2741 3291 2770 3343; x_wconf 88' lang='lat'><strong>6</strong></span> <span class='ocrx_word' id='word_1_776' title='bbox 2803 3291 3005 3363; x_wconf 81' lang='grc' dir='ltr'><strong>λῃστὴς</strong></span> <span class='ocrx_word' id='word_1_777' title='bbox 3047 3290 3380 3358; x_wconf 79' lang='grc' dir='ltr'><strong>ἐπεδείξατο,</strong></span> 
     </span>
    </p>
   </div>
   <div class='ocr_carea' id='block_1_101' title="bbox 1804 3371 3379 3449">
    <p class='ocr_par' dir='ltr' id='par_1_101' title="bbox 1804 3371 3379 3449">
     <span class='ocr_line' id='line_1_101' title="bbox 1804 3371 3379 3449; baseline 0.001 -23"><span class='ocrx_word' id='word_1_778' title='bbox 1804 3373 1892 3428; x_wconf 79' lang='grc' dir='ltr'><strong>ἵνα</strong></span> <span class='ocrx_word' id='word_1_779' title='bbox 1912 3371 2108 3445; x_wconf 88' lang='grc' dir='ltr'><strong>ἀθρόον</strong></span> <span class='ocrx_word' id='word_1_780' title='bbox 2131 3375 2459 3449; x_wconf 88' lang='grc' dir='ltr'><strong>παραδείσου</strong></span> <span class='ocrx_word' id='word_1_781' title='bbox 2490 3373 2640 3439; x_wconf 78' lang='grc' dir='ltr'><strong>ἄξιος</strong></span> <span class='ocrx_word' id='word_1_782' title='bbox 2677 3377 2816 3446; x_wconf 79' lang='grc' dir='ltr'><strong>φανῇ</strong></span> <span class='ocrx_word' id='word_1_783' title='bbox 2847 3374 2954 3428; x_wconf 80' lang='grc' dir='ltr'><strong>ἀπὸ</strong></span> <span class='ocrx_word' id='word_1_784' title='bbox 2985 3372 3076 3427; x_wconf 87' lang='grc' dir='ltr'><strong>τοῦ</strong></span> <span class='ocrx_word' id='word_1_785' title='bbox 3110 3373 3379 3444; x_wconf 86' lang='grc' dir='ltr'><strong>σταυροῦ;</strong></span> 
     </span>
    </p>
   </div>
   <div class='ocr_carea' id='block_1_102' title="bbox 1804 3455 3382 3530">
    <p class='ocr_par' dir='ltr' id='par_1_102' title="bbox 1804 3455 3382 3530">
     <span class='ocr_line' id='line_1_102' title="bbox 1804 3455 3382 3530; baseline 0 -21"><span class='ocrx_word' id='word_1_786' title='bbox 1804 3455 1993 3513; x_wconf 88' lang='grc' dir='ltr'><strong>Βούλει</strong></span> <span class='ocrx_word' id='word_1_787' title='bbox 2019 3458 2300 3529; x_wconf 86' lang='grc' dir='ltr'><strong>συντόμως</strong></span> <span class='ocrx_word' id='word_1_788' title='bbox 2327 3459 2485 3524; x_wconf 78' lang='grc' dir='ltr'><strong>εἴπω,</strong></span> <span class='ocrx_word' id='word_1_789' title='bbox 2517 3460 2613 3512; x_wconf 73' lang='grc' dir='ltr'><strong>καὶ</strong></span> <span class='ocrx_word' id='word_1_790' title='bbox 2633 3457 2791 3523; x_wconf 78' lang='grc' dir='ltr'><strong>δείξω</strong></span> <span class='ocrx_word' id='word_1_791' title='bbox 2820 3457 2914 3513; x_wconf 90' lang='grc' dir='ltr'><strong>τοῦ</strong></span> <span class='ocrx_word' id='word_1_792' title='bbox 2936 3456 3131 3530; x_wconf 83' lang='grc' dir='ltr'><strong>λῃστοῦ</strong></span> <span class='ocrx_word' id='word_1_793' title='bbox 3155 3457 3254 3529; x_wconf 73' lang='grc' dir='ltr'><strong>τὴν</strong></span> <span class='ocrx_word' id='word_1_794' title='bbox 3286 3457 3382 3509; x_wconf 87' lang='grc' dir='ltr'><strong>εὐ-</strong></span> 
     </span>
    </p>
   </div>
   <div class='ocr_carea' id='block_1_103' title="bbox 1803 3538 3384 3613">
    <p class='ocr_par' dir='ltr' id='par_1_103' title="bbox 1803 3538 3384 3613">
     <span class='ocr_line' id='line_1_103' title="bbox 1803 3538 3384 3613; baseline -0.001 -19"><span class='ocrx_word' id='word_1_795' title='bbox 1803 3541 2187 3612; x_wconf 80' lang='grc' dir='ltr'><strong>γνωμοσύνην;</strong></span> <span class='ocrx_word' id='word_1_796' title='bbox 2206 3541 2335 3595; x_wconf 87' lang='grc' dir='ltr'><strong>Ὅτε</strong></span> <span class='ocrx_word' id='word_1_797' title='bbox 2364 3542 2567 3613; x_wconf 87' lang='grc' dir='ltr'><strong>Πέτρος</strong></span> <span class='ocrx_word' id='word_1_798' title='bbox 2588 3543 2804 3611; x_wconf 80' lang='grc' dir='ltr'><strong>ἠρνεῖτο</strong></span> <span class='ocrx_word' id='word_1_799' title='bbox 2840 3542 2989 3594; x_wconf 87' lang='grc' dir='ltr'><strong>κάτω</strong></span> <span class='ocrx_word' id='word_1_800' title='bbox 3013 3544 3041 3594; x_wconf 92' lang='lat'><strong>6</strong></span> <span class='ocrx_word' id='word_1_801' title='bbox 3067 3539 3176 3593; x_wconf 89' lang='grc' dir='ltr'><strong>τῶν</strong></span> <span class='ocrx_word' id='word_1_802' title='bbox 3206 3538 3384 3611; x_wconf 84' lang='grc' dir='ltr'><strong>μαθη-</strong></span> 
     </span>
    </p>
   </div>
   <div class='ocr_carea' id='block_1_104' title="bbox 1802 3625 3383 3700">
    <p class='ocr_par' dir='ltr' id='par_1_104' title="bbox 1802 3625 3383 3700">
     <span class='ocr_line' id='line_1_104' title="bbox 1802 3625 3383 3700; baseline -0.001 -18"><span class='ocrx_word' id='word_1_803' title='bbox 1802 3628 1912 3683; x_wconf 84' lang='grc' dir='ltr'><strong>τῶν</strong></span> <span class='ocrx_word' id='word_1_804' title='bbox 1955 3632 2282 3700; x_wconf 81' lang='grc' dir='ltr'><strong>κορυφαῖος,</strong></span> <span class='ocrx_word' id='word_1_805' title='bbox 2315 3629 2436 3683; x_wconf 87' lang='grc' dir='ltr'><strong>τότε</strong></span> <span class='ocrx_word' id='word_1_806' title='bbox 2489 3632 2698 3693; x_wconf 82' lang='grc' dir='ltr'><strong>ἐκεῖνος</strong></span> <span class='ocrx_word' id='word_1_807' title='bbox 2742 3628 2854 3682; x_wconf 83' lang='grc' dir='ltr'><strong>ἀνω</strong></span> <span class='ocrx_word' id='word_1_808' title='bbox 2884 3628 2976 3681; x_wconf 77' lang='grc' dir='ltr'><strong>ἐπὶ</strong></span> <span class='ocrx_word' id='word_1_809' title='bbox 3016 3626 3112 3681; x_wconf 88' lang='grc' dir='ltr'><strong>τοῦ</strong></span> <span class='ocrx_word' id='word_1_810' title='bbox 3145 3625 3383 3697; x_wconf 86' lang='grc' dir='ltr'><strong>σταυροῦ</strong></span> 
     </span>
    </p>
   </div>
   <div class='ocr_carea' id='block_1_105' title="bbox 1804 3714 3383 3789">
    <p class='ocr_par' dir='ltr' id='par_1_105' title="bbox 1804 3714 3383 3789">
     <span class='ocr_line' id='line_1_105' title="bbox 1804 3714 3383 3789; baseline -0.001 -20"><span class='ocrx_word' id='word_1_811' title='bbox 1804 3717 2091 3787; x_wconf 86' lang='grc' dir='ltr'><strong>τυγχάνων</strong></span> <span class='ocrx_word' id='word_1_812' title='bbox 2118 3716 2460 3789; x_wconf 87' lang='grc' dir='ltr'><strong>ὡμολόγησε.</strong></span> <span class='ocrx_word' id='word_1_813' title='bbox 2478 3717 2590 3770; x_wconf 79' lang='lat' dir='ltr'><strong><em>Kal</em></strong></span> <span class='ocrx_word' id='word_1_814' title='bbox 2614 3716 2772 3770; x_wconf 88' lang='grc' dir='ltr'><strong>τοῦτο</strong></span> <span class='ocrx_word' id='word_1_815' title='bbox 2801 3716 2862 3770; x_wconf 92' lang='grc' dir='ltr'><strong>οὐ</strong></span> <span class='ocrx_word' id='word_1_816' title='bbox 2888 3714 2982 3769; x_wconf 91' lang='grc' dir='ltr'><strong>τοῦ</strong></span> <span class='ocrx_word' id='word_1_817' title='bbox 3010 3716 3218 3786; x_wconf 90' lang='grc' dir='ltr'><strong>Πέτρου</strong></span> <span class='ocrx_word' id='word_1_818' title='bbox 3246 3731 3383 3768; x_wconf 85' lang='grc' dir='ltr'><strong>κατ-</strong></span> 
     </span>
    </p>
   </div>
   <div class='ocr_carea' id='block_1_106' title="bbox 1803 3800 3383 3875">
    <p class='ocr_par' dir='ltr' id='par_1_106' title="bbox 1803 3800 3383 3875">
     <span class='ocr_line' id='line_1_106' title="bbox 1803 3800 3383 3875; baseline -0.003 -18"><span class='ocrx_word' id='word_1_819' title='bbox 1803 3804 2020 3875; x_wconf 86' lang='grc' dir='ltr'><strong>ηγορῶν</strong></span> <span class='ocrx_word' id='word_1_820' title='bbox 2064 3800 2237 3869; x_wconf 81' lang='grc' dir='ltr'><strong>εἶπον,</strong></span> <span class='ocrx_word' id='word_1_821' title='bbox 2270 3804 2345 3874; x_wconf 84' lang='grc' dir='ltr'><strong>μὴ</strong></span> <span class='ocrx_word' id='word_1_822' title='bbox 2375 3806 2604 3873; x_wconf 86' lang='grc' dir='ltr'><strong>γένοιτο,</strong></span> <span class='ocrx_word' id='word_1_823' title='bbox 2630 3803 2768 3857; x_wconf 91' lang='grc' dir='ltr'><strong>ἀλλά</strong></span> <span class='ocrx_word' id='word_1_824' title='bbox 2792 3804 2889 3856; x_wconf 85' lang='grc' dir='ltr'><strong>τοῦ</strong></span> <span class='ocrx_word' id='word_1_825' title='bbox 2922 3802 3120 3875; x_wconf 82' lang='grc' dir='ltr'><strong>λῃστοῦ</strong></span> <span class='ocrx_word' id='word_1_826' title='bbox 3151 3802 3250 3872; x_wconf 78' lang='grc' dir='ltr'><strong>τὴν</strong></span> <span class='ocrx_word' id='word_1_827' title='bbox 3284 3819 3383 3872; x_wconf 85' lang='grc' dir='ltr'><strong>με-</strong></span> 
     </span>
    </p>
   </div>
   <div class='ocr_carea' id='block_1_107' title="bbox 1805 3887 3382 3962">
    <p class='ocr_par' dir='ltr' id='par_1_107' title="bbox 1805 3887 3382 3962">
     <span class='ocr_line' id='line_1_107' title="bbox 1805 3887 3382 3962; baseline -0.003 -17"><span class='ocrx_word' id='word_1_828' title='bbox 1805 3892 2144 3962; x_wconf 67' lang='grc' dir='ltr'><strong>γαλοψυχίαν</strong></span> <span class='ocrx_word' id='word_1_829' title='bbox 2173 3892 2341 3958; x_wconf 78' lang='grc' dir='ltr'><strong>δεῖξαι</strong></span> <span class='ocrx_word' id='word_1_830' title='bbox 2365 3890 2709 3961; x_wconf 83' lang='grc' dir='ltr'><strong>βουλόμενος,</strong></span> <span class='ocrx_word' id='word_1_831' title='bbox 2742 3890 2834 3943; x_wconf 74' lang='grc' dir='ltr'><strong>καὶ</strong></span> <span class='ocrx_word' id='word_1_832' title='bbox 2867 3890 2967 3959; x_wconf 82' lang='grc' dir='ltr'><strong>τὴν</strong></span> <span class='ocrx_word' id='word_1_833' title='bbox 3004 3887 3382 3959; x_wconf 83' lang='grc' dir='ltr'><strong>ὑπερϐάλλου-</strong></span> 
     </span>
    </p>
   </div>
   <div class='ocr_carea' id='block_1_108' title="bbox 1809 3973 3386 4048">
    <p class='ocr_par' dir='ltr' id='par_1_108' title="bbox 1809 3973 3386 4048">
     <span class='ocr_line' id='line_1_108' title="bbox 1809 3973 3386 4048; baseline -0.003 -16"><span class='ocrx_word' id='word_1_834' title='bbox 1809 3995 1908 4035; x_wconf 89' lang='grc' dir='ltr'><strong>σαν</strong></span> <span class='ocrx_word' id='word_1_835' title='bbox 1944 3977 2281 4048; x_wconf 84' lang='grc' dir='ltr'><strong>φιλοσοφίαν.</strong></span> <span class='ocrx_word' id='word_1_836' title='bbox 2326 3978 2562 4039; x_wconf 85' lang='grc' dir='ltr'><strong>Ἐκεῖνος</strong></span> <span class='ocrx_word' id='word_1_837' title='bbox 2609 3978 2710 4030; x_wconf 89' lang='grc' dir='ltr'><strong>οὐκ</strong></span> <span class='ocrx_word' id='word_1_838' title='bbox 2734 3977 2932 4047; x_wconf 71' lang='grc' dir='ltr'><strong>ἤνεγκε</strong></span> <span class='ocrx_word' id='word_1_839' title='bbox 2954 3975 3123 4046; x_wconf 85' lang='grc' dir='ltr'><strong>κόρης</strong></span> <span class='ocrx_word' id='word_1_840' title='bbox 3155 3973 3386 4047; x_wconf 82' lang='grc' dir='ltr'><strong>ἀπειλὴν</strong></span> 
     </span>
    </p>
   </div>
   <div class='ocr_carea' id='block_1_109' title="bbox 1808 4060 3382 4136">
    <p class='ocr_par' dir='ltr' id='par_1_109' title="bbox 1808 4060 3382 4136">
     <span class='ocr_line' id='line_1_109' title="bbox 1808 4060 3382 4136; baseline -0.003 -17"><span class='ocrx_word' id='word_1_841' title='bbox 1808 4065 2083 4130; x_wconf 74' lang='grc' dir='ltr'><strong>εὐτελοῦςο</strong></span> <span class='ocrx_word' id='word_1_842' title='bbox 2118 4060 2273 4127; x_wconf 72' lang='grc' dir='ltr'><strong>οὗτος</strong></span> <span class='ocrx_word' id='word_1_843' title='bbox 2296 4065 2354 4117; x_wconf 80' lang='grc' dir='ltr'><strong>δὲ</strong></span> <span class='ocrx_word' id='word_1_844' title='bbox 2389 4063 2531 4136; x_wconf 82' lang='grc' dir='ltr'><strong>ὁρῶν</strong></span> <span class='ocrx_word' id='word_1_845' title='bbox 2569 4064 2739 4134; x_wconf 81' lang='grc' dir='ltr'><strong>δῆμον</strong></span> <span class='ocrx_word' id='word_1_846' title='bbox 2771 4063 3063 4134; x_wconf 83' lang='grc' dir='ltr'><strong>ὁλόκληρον</strong></span> <span class='ocrx_word' id='word_1_847' title='bbox 3099 4061 3382 4133; x_wconf 74' lang='grc' dir='ltr'><strong>μεμηνότα</strong></span> 
     </span>
    </p>
   </div>
   <div class='ocr_carea' id='block_1_110' title="bbox 1808 4149 3387 4225">
    <p class='ocr_par' dir='ltr' id='par_1_110' title="bbox 1808 4149 3387 4225">
     <span class='ocr_line' id='line_1_110' title="bbox 1808 4149 3387 4225; baseline -0.003 -19"><span class='ocrx_word' id='word_1_848' title='bbox 1808 4149 1902 4207; x_wconf 77' lang='grc' dir='ltr'><strong>καὶ</strong></span> <span class='ocrx_word' id='word_1_849' title='bbox 1933 4151 2271 4225; x_wconf 87' lang='grc' dir='ltr'><strong>περιεστῶτα</strong></span> <span class='ocrx_word' id='word_1_850' title='bbox 2297 4152 2391 4205; x_wconf 66' lang='grc' dir='ltr'><strong>καί¹</strong></span> <span class='ocrx_word' id='word_1_851' title='bbox 2421 4151 2627 4222; x_wconf 80' lang='grc' dir='ltr'><strong>βοῶντα</strong></span> <span class='ocrx_word' id='word_1_852' title='bbox 2651 4150 2745 4205; x_wconf 76' lang='grc' dir='ltr'><strong>καὶ</strong></span> <span class='ocrx_word' id='word_1_853' title='bbox 2771 4150 2939 4222; x_wconf 89' lang='grc' dir='ltr'><strong>μυρία</strong></span> <span class='ocrx_word' id='word_1_854' title='bbox 2968 4151 3047 4213; x_wconf 89' lang='grc' dir='ltr'><strong>εἰς</strong></span> <span class='ocrx_word' id='word_1_855' title='bbox 3079 4149 3170 4203; x_wconf 86' lang='grc' dir='ltr'><strong>τὸν</strong></span> <span class='ocrx_word' id='word_1_856' title='bbox 3194 4150 3387 4202; x_wconf 81' lang='grc' dir='ltr'><strong>ἐσταυ-</strong></span> 
     </span>
    </p>
   </div>
   <div class='ocr_carea' id='block_1_111' title="bbox 1812 4235 3387 4314">
    <p class='ocr_par' dir='ltr' id='par_1_111' title="bbox 1812 4235 3387 4314">
     <span class='ocr_line' id='line_1_111' title="bbox 1812 4235 3387 4314; baseline -0.003 -19"><span class='ocrx_word' id='word_1_857' title='bbox 1812 4242 2057 4314; x_wconf 88' lang='grc' dir='ltr'><strong>ρωμένον</strong></span> <span class='ocrx_word' id='word_1_858' title='bbox 2086 4240 2515 4312; x_wconf 85' lang='grc' dir='ltr'><strong>λοιδορούμενον,</strong></span> <span class='ocrx_word' id='word_1_859' title='bbox 2534 4240 2651 4295; x_wconf 88' lang='grc' dir='ltr'><strong>,οὐκ</strong></span> <span class='ocrx_word' id='word_1_860' title='bbox 2679 4235 2785 4292; x_wconf 75' lang='grc' dir='ltr'><strong>εἶδε</strong></span> <span class='ocrx_word' id='word_1_861' title='bbox 2814 4238 2953 4309; x_wconf 75' lang='grc' dir='ltr'><strong>πρὸς</strong></span> <span class='ocrx_word' id='word_1_862' title='bbox 2987 4237 3087 4310; x_wconf 79' lang='grc' dir='ltr'><strong>τὴν</strong></span> <span class='ocrx_word' id='word_1_863' title='bbox 3117 4237 3272 4310; x_wconf 83' lang='grc' dir='ltr'><strong>ὓϐριν</strong></span> <span class='ocrx_word' id='word_1_864' title='bbox 3294 4235 3387 4291; x_wconf 90' lang='grc' dir='ltr'><strong>τοῦ</strong></span> 
     </span>
    </p>
   </div>
   <div class='ocr_carea' id='block_1_112' title="bbox 1810 4324 3385 4401">
    <p class='ocr_par' dir='ltr' id='par_1_112' title="bbox 1810 4324 3385 4401">
     <span class='ocr_line' id='line_1_112' title="bbox 1810 4324 3385 4401; baseline -0.003 -19"><span class='ocrx_word' id='word_1_865' title='bbox 1810 4328 2260 4401; x_wconf 87' lang='grc' dir='ltr'><strong>ἐσταυρωμένου,</strong></span> <span class='ocrx_word' id='word_1_866' title='bbox 2308 4326 2446 4382; x_wconf 87' lang='grc' dir='ltr'><strong>ἀλλά</strong></span> <span class='ocrx_word' id='word_1_867' title='bbox 2493 4330 2606 4391; x_wconf 89' lang='grc' dir='ltr'><strong>τοῖς</strong></span> <span class='ocrx_word' id='word_1_868' title='bbox 2655 4326 2756 4397; x_wconf 76' lang='grc' dir='ltr'><strong>τῆς</strong></span> <span class='ocrx_word' id='word_1_869' title='bbox 2803 4325 3036 4389; x_wconf 89' lang='grc' dir='ltr'><strong>πίστεως</strong></span> <span class='ocrx_word' id='word_1_870' title='bbox 3084 4324 3385 4396; x_wconf 83' lang='grc' dir='ltr'><strong>ὀφθαλμοῖς</strong></span> 
     </span>
    </p>
   </div>
   <div class='ocr_carea' id='block_1_113' title="bbox 1811 4411 3391 4487">
    <p class='ocr_par' dir='ltr' id='par_1_113' title="bbox 1811 4411 3391 4487">
     <span class='ocr_line' id='line_1_113' title="bbox 1811 4411 3391 4487; baseline -0.004 -16"><span class='ocrx_word' id='word_1_871' title='bbox 1811 4418 2026 4472; x_wconf 73' lang='grc' dir='ltr'><strong>ἅπαντα</strong></span> <span class='ocrx_word' id='word_1_872' title='bbox 2049 4417 2222 4470; x_wconf 88' lang='grc' dir='ltr'><strong>ταῦτα</strong></span> <span class='ocrx_word' id='word_1_873' title='bbox 2249 4414 2646 4487; x_wconf 84' lang='grc' dir='ltr'><strong>παραδραμὼν,</strong></span> <span class='ocrx_word' id='word_1_874' title='bbox 2693 4416 2787 4468; x_wconf 78' lang='grc' dir='ltr'><strong>καὶ</strong></span> <span class='ocrx_word' id='word_1_875' title='bbox 2832 4413 2899 4467; x_wconf 89' lang='grc' dir='ltr'><strong>τά</strong></span> <span class='ocrx_word' id='word_1_876' title='bbox 2941 4412 3170 4467; x_wconf 86' lang='grc' dir='ltr'><strong>ταπεινὰ</strong></span> <span class='ocrx_word' id='word_1_877' title='bbox 3195 4412 3288 4465; x_wconf 80' lang='grc' dir='ltr'><strong>καὶ</strong></span> <span class='ocrx_word' id='word_1_878' title='bbox 3321 4411 3391 4466; x_wconf 89' lang='grc' dir='ltr'><strong>τά</strong></span> 
     </span>
    </p>
   </div>
   <div class='ocr_carea' id='block_1_114' title="bbox 1810 4499 3391 4576">
    <p class='ocr_par' dir='ltr' id='par_1_114' title="bbox 1810 4499 3391 4576">
     <span class='ocr_line' id='line_1_114' title="bbox 1810 4499 3391 4576; baseline -0.006 -17"><span class='ocrx_word' id='word_1_879' title='bbox 1810 4504 2111 4576; x_wconf 85' lang='grc' dir='ltr'><strong>κωλύματα</strong></span> <span class='ocrx_word' id='word_1_880' title='bbox 2145 4505 2294 4558; x_wconf 88' lang='grc' dir='ltr'><strong>κάτω</strong></span> <span class='ocrx_word' id='word_1_881' title='bbox 2318 4504 2498 4572; x_wconf 76' lang='grc' dir='ltr'><strong>ἀφεὶς,</strong></span> <span class='ocrx_word' id='word_1_882' title='bbox 2523 4501 2739 4570; x_wconf 86' lang='grc' dir='ltr'><strong>ἐπέγνω</strong></span> <span class='ocrx_word' id='word_1_883' title='bbox 2767 4501 2858 4555; x_wconf 85' lang='grc' dir='ltr'><strong>τὸν</strong></span> <span class='ocrx_word' id='word_1_884' title='bbox 2886 4500 2994 4554; x_wconf 90' lang='grc' dir='ltr'><strong>τῶν</strong></span> <span class='ocrx_word' id='word_1_885' title='bbox 3021 4499 3262 4568; x_wconf 76' lang='grc' dir='ltr'><strong>οὐρανῶν</strong></span> <span class='ocrx_word' id='word_1_886' title='bbox 3295 4501 3391 4550; x_wconf 88' lang='grc' dir='ltr'><strong>Δε-</strong></span> 
     </span>
    </p>
   </div>
   <div class='ocr_carea' id='block_1_115' title="bbox 1815 4584 3388 4662">
    <p class='ocr_par' dir='ltr' id='par_1_115' title="bbox 1815 4584 3388 4662">
     <span class='ocr_line' id='line_1_115' title="bbox 1815 4584 3388 4662; baseline -0.005 -17"><span class='ocrx_word' id='word_1_887' title='bbox 1815 4592 2040 4662; x_wconf 88' lang='grc' dir='ltr'><strong>σπότην,</strong></span> <span class='ocrx_word' id='word_1_888' title='bbox 2065 4589 2237 4645; x_wconf 87' lang='grc' dir='ltr'><strong>εἰπὼν</strong></span> <span class='ocrx_word' id='word_1_889' title='bbox 2257 4590 2326 4643; x_wconf 90' lang='grc' dir='ltr'><strong>τά</strong></span> <span class='ocrx_word' id='word_1_890' title='bbox 2352 4590 2561 4661; x_wconf 85' lang='grc' dir='ltr'><strong>βραχέα</strong></span> <span class='ocrx_word' id='word_1_891' title='bbox 2581 4590 2764 4642; x_wconf 87' lang='grc' dir='ltr'><strong>ἐκεῖνα</strong></span> <span class='ocrx_word' id='word_1_892' title='bbox 2792 4591 3009 4660; x_wconf 80' lang='grc' dir='ltr'><strong>ῥήματα</strong></span> <span class='ocrx_word' id='word_1_893' title='bbox 3036 4587 3129 4641; x_wconf 76' lang='grc' dir='ltr'><strong>καὶ</strong></span> <span class='ocrx_word' id='word_1_894' title='bbox 3157 4584 3251 4639; x_wconf 87' lang='grc' dir='ltr'><strong>τοῦ</strong></span> <span class='ocrx_word' id='word_1_895' title='bbox 3279 4603 3388 4639; x_wconf 84' lang='grc' dir='ltr'><strong>πα·-</strong></span> 
     </span>
    </p>
   </div>
   <div class='ocr_carea' id='block_1_116' title="bbox 1819 4673 3394 4750">
    <p class='ocr_par' dir='ltr' id='par_1_116' title="bbox 1819 4673 3394 4750">
     <span class='ocr_line' id='line_1_116' title="bbox 1819 4673 3394 4750; baseline -0.003 -18"><span class='ocrx_word' id='word_1_896' title='bbox 1819 4679 2066 4750; x_wconf 88' lang='grc' dir='ltr'><strong>ραδείσου</strong></span> <span class='ocrx_word' id='word_1_897' title='bbox 2093 4678 2241 4745; x_wconf 80' lang='grc' dir='ltr'><strong>ἀξιον</strong></span> <span class='ocrx_word' id='word_1_898' title='bbox 2264 4677 2428 4731; x_wconf 84' lang='grc' dir='ltr'><strong>αὐτὸν</strong></span> <span class='ocrx_word' id='word_1_899' title='bbox 2453 4677 2829 4749; x_wconf 73' lang='grc' dir='ltr'><strong>ἀποφήνανταο</strong></span> <span class='ocrx_word' id='word_1_900' title='bbox 2848 4673 3163 4743; x_wconf 80' lang='grc' dir='ltr'><strong>Μνήσθητί</strong></span> <span class='ocrx_word' id='word_1_901' title='bbox 3180 4692 3299 4744; x_wconf 88' lang='grc' dir='ltr'><strong>μου</strong></span> <span class='ocrx_word' id='word_1_902' title='bbox 3322 4674 3394 4727; x_wconf 78' lang='grc' dir='ltr'><strong>ἐν</strong></span> 
     </span>
    </p>
   </div>
   <div class='ocr_carea' id='block_1_117' title="bbox 1813 4761 3394 4837">
    <p class='ocr_par' dir='ltr' id='par_1_117' title="bbox 1813 4761 3394 4837">
     <span class='ocr_line' id='line_1_117' title="bbox 1813 4761 3394 4837; baseline -0.004 -17"><span class='ocrx_word' id='word_1_903' title='bbox 1813 4766 1890 4835; x_wconf 78' lang='grc' dir='ltr'><strong>τῇ</strong></span> <span class='ocrx_word' id='word_1_904' title='bbox 1910 4767 2199 4833; x_wconf 74' lang='grc' dir='ltr'><strong>βασιλείᾳ</strong></span> <span class='ocrx_word' id='word_1_905' title='bbox 2221 4779 2358 4819; x_wconf 89' lang='grc' dir='ltr'><strong>σου.</strong></span> <span class='ocrx_word' id='word_1_906' title='bbox 2378 4764 2471 4836; x_wconf 84' lang='grc' dir='ltr'><strong>Μὴ</strong></span> <span class='ocrx_word' id='word_1_907' title='bbox 2493 4765 2942 4837; x_wconf 87' lang='grc' dir='ltr'><strong>παραδράμωμεν</strong></span> <span class='ocrx_word' id='word_1_908' title='bbox 2962 4761 3147 4825; x_wconf 82' lang='grc' dir='ltr'><strong>ἁπλῶς</strong></span> <span class='ocrx_word' id='word_1_909' title='bbox 3168 4761 3229 4815; x_wconf 80' lang='grc' dir='ltr'><strong>τὸ</strong></span> <span class='ocrx_word' id='word_1_910' title='bbox 3251 4763 3394 4833; x_wconf 79' lang='grc' dir='ltr'><strong>εἰρη-</strong></span> 
     </span>
    </p>
   </div>
   <div class='ocr_carea' id='block_1_118' title="bbox 1820 4850 3390 4926">
    <p class='ocr_par' dir='ltr' id='par_1_118' title="bbox 1820 4850 3390 4926">
     <span class='ocr_line' id='line_1_118' title="bbox 1820 4850 3390 4926; baseline -0.004 -17"><span class='ocrx_word' id='word_1_911' title='bbox 1820 4855 2001 4925; x_wconf 78' lang='grc' dir='ltr'><strong>μένον,</strong></span> <span class='ocrx_word' id='word_1_912' title='bbox 2040 4854 2175 4926; x_wconf 84' lang='grc' dir='ltr'><strong>μηδὲ</strong></span> <span class='ocrx_word' id='word_1_913' title='bbox 2227 4852 2679 4925; x_wconf 89' lang='grc' dir='ltr'><strong>ἐπαισχυνθῶμεν</strong></span> <span class='ocrx_word' id='word_1_914' title='bbox 2722 4850 3039 4906; x_wconf 85' lang='grc' dir='ltr'><strong>διδάσκαλον</strong></span> <span class='ocrx_word' id='word_1_915' title='bbox 3089 4850 3273 4905; x_wconf 89' lang='grc' dir='ltr'><strong>λαϐεῖν</strong></span> <span class='ocrx_word' id='word_1_916' title='bbox 3299 4852 3390 4903; x_wconf 80' lang='grc' dir='ltr'><strong>τὸν</strong></span> 
     </span>
    </p>
   </div>
   <div class='ocr_carea' id='block_1_119' title="bbox 1816 4938 3393 5014">
    <p class='ocr_par' dir='ltr' id='par_1_119' title="bbox 1816 4938 3393 5014">
     <span class='ocr_line' id='line_1_119' title="bbox 1816 4938 3393 5014; baseline -0.003 -21"><span class='ocrx_word' id='word_1_917' title='bbox 1816 4941 2040 5014; x_wconf 76' lang='grc' dir='ltr'><strong>λῃστήν,</strong></span> <span class='ocrx_word' id='word_1_918' title='bbox 2074 4941 2132 4996; x_wconf 85' lang='grc' dir='ltr'><strong>ὃν</strong></span> <span class='ocrx_word' id='word_1_919' title='bbox 2183 4943 2284 4995; x_wconf 86' lang='grc' dir='ltr'><strong>οὐκ</strong></span> <span class='ocrx_word' id='word_1_920' title='bbox 2318 4940 2630 5014; x_wconf 82' lang='grc' dir='ltr'><strong>ἐπῃσχύνθη</strong></span> <span class='ocrx_word' id='word_1_921' title='bbox 2664 4940 2694 4993; x_wconf 84' lang='grc' dir='ltr'><strong>ὁ</strong></span> <span class='ocrx_word' id='word_1_922' title='bbox 2746 4939 3021 5007; x_wconf 88' lang='grc' dir='ltr'><strong>Δεσπότης</strong></span> <span class='ocrx_word' id='word_1_923' title='bbox 3053 4939 3081 4989; x_wconf 90' lang='lat'><strong>6</strong></span> <span class='ocrx_word' id='word_1_924' title='bbox 3125 4938 3393 5009; x_wconf 80' lang='grc' dir='ltr'><strong>ἡμέτερος</strong></span> 
     </span>
    </p>
   </div>
   <div class='ocr_carea' id='block_1_120' title="bbox 1819 5024 3392 5103">
    <p class='ocr_par' dir='ltr' id='par_1_120' title="bbox 1819 5024 3392 5103">
     <span class='ocr_line' id='line_1_120' title="bbox 1819 5024 3392 5103; baseline -0.006 -18"><span class='ocrx_word' id='word_1_925' title='bbox 1819 5030 2032 5103; x_wconf 84' lang='grc' dir='ltr'><strong>πρῶτον</strong></span> <span class='ocrx_word' id='word_1_926' title='bbox 2058 5031 2139 5095; x_wconf 86' lang='grc' dir='ltr'><strong>είς</strong></span> <span class='ocrx_word' id='word_1_927' title='bbox 2158 5030 2249 5084; x_wconf 85' lang='grc' dir='ltr'><strong>τὸν</strong></span> <span class='ocrx_word' id='word_1_928' title='bbox 2276 5031 2606 5102; x_wconf 88' lang='grc' dir='ltr'><strong>παράδεισον</strong></span> <span class='ocrx_word' id='word_1_929' title='bbox 2635 5026 2968 5092; x_wconf 73' lang='grc' dir='ltr'><strong>εἰσαγαγεῖν·</strong></span> <span class='ocrx_word' id='word_1_930' title='bbox 2997 5024 3072 5095; x_wconf 83' lang='grc' dir='ltr'><strong>μὴ</strong></span> <span class='ocrx_word' id='word_1_931' title='bbox 3102 5026 3392 5094; x_wconf 74' lang='grc' dir='ltr'><strong>ἐπαισχυνσ</strong></span> 
     </span>
    </p>
   </div>
   <div class='ocr_carea' id='block_1_121' title="bbox 1822 5104 3391 5189">
    <p class='ocr_par' dir='ltr' id='par_1_121' title="bbox 1822 5104 3391 5189">
     <span class='ocr_line' id='line_1_121' title="bbox 1822 5104 3391 5189; baseline -0.008 -17"><span class='ocrx_word' id='word_1_932' title='bbox 1822 5118 2002 5189; x_wconf 84' lang='grc' dir='ltr'><strong>θῶμεν</strong></span> <span class='ocrx_word' id='word_1_933' title='bbox 2033 5116 2350 5171; x_wconf 88' lang='grc' dir='ltr'><strong>διδάσκαλον</strong></span> <span class='ocrx_word' id='word_1_934' title='bbox 2380 5114 2561 5169; x_wconf 74' lang='grc' dir='ltr'><strong>λαϐεῖν</strong></span> <span class='ocrx_word' id='word_1_935' title='bbox 2594 5108 2904 5181; x_wconf 80' lang='grc' dir='ltr'><strong>ἄνθρωπον,</strong></span> <span class='ocrx_word' id='word_1_936' title='bbox 2938 5109 3045 5180; x_wconf 83' lang='grc' dir='ltr'><strong>πρὸ</strong></span> <span class='ocrx_word' id='word_1_937' title='bbox 3077 5109 3274 5171; x_wconf 88' lang='grc' dir='ltr'><strong>παντὸς</strong></span> <span class='ocrx_word' id='word_1_938' title='bbox 3296 5104 3391 5160; x_wconf 90' lang='grc' dir='ltr'><strong>τοῦ</strong></span> 
     </span>
    </p>
   </div>
   <div class='ocr_carea' id='block_1_122' title="bbox 1819 5195 3388 5276">
    <p class='ocr_par' dir='ltr' id='par_1_122' title="bbox 1819 5195 3388 5276">
     <span class='ocr_line' id='line_1_122' title="bbox 1819 5195 3388 5276; baseline -0.008 -16"><span class='ocrx_word' id='word_1_939' title='bbox 1819 5207 1929 5260; x_wconf 85' lang='grc' dir='ltr'><strong>τῶν</strong></span> <span class='ocrx_word' id='word_1_940' title='bbox 1958 5205 2259 5276; x_wconf 78' lang='grc' dir='ltr'><strong>ἀνθρώπων</strong></span> <span class='ocrx_word' id='word_1_941' title='bbox 2283 5207 2472 5270; x_wconf 79' lang='grc' dir='ltr'><strong>γένους</strong></span> <span class='ocrx_word' id='word_1_942' title='bbox 2517 5199 2668 5266; x_wconf 79' lang='grc' dir='ltr'><strong>ἀξιον</strong></span> <span class='ocrx_word' id='word_1_943' title='bbox 2702 5199 2939 5269; x_wconf 84' lang='grc' dir='ltr'><strong>φανέντα</strong></span> <span class='ocrx_word' id='word_1_944' title='bbox 2985 5199 3085 5269; x_wconf 80' lang='grc' dir='ltr'><strong>τῆς</strong></span> <span class='ocrx_word' id='word_1_945' title='bbox 3116 5195 3388 5259; x_wconf 84' lang='grc' dir='ltr'><strong>πολιτείας</strong></span> 
     </span>
    </p>
   </div>
   <div class='ocr_carea' id='block_1_123' title="bbox 1821 5284 3392 5363">
    <p class='ocr_par' dir='ltr' id='par_1_123' title="bbox 1821 5284 3392 5363">
     <span class='ocr_line' id='line_1_123' title="bbox 1821 5284 3392 5363; baseline -0.007 -17"><span class='ocrx_word' id='word_1_946' title='bbox 1821 5293 1920 5363; x_wconf 84' lang='grc' dir='ltr'><strong>τῆς</strong></span> <span class='ocrx_word' id='word_1_947' title='bbox 1952 5294 2010 5344; x_wconf 90' lang='grc' dir='ltr'><strong>ἐν</strong></span> <span class='ocrx_word' id='word_1_948' title='bbox 2042 5292 2120 5360; x_wconf 83' lang='grc' dir='ltr'><strong>τῷ</strong></span> <span class='ocrx_word' id='word_1_949' title='bbox 2144 5288 2476 5359; x_wconf 83' lang='grc' dir='ltr'><strong>παραδείσῳ.</strong></span> <span class='ocrx_word' id='word_1_950' title='bbox 2525 5286 2665 5342; x_wconf 77' lang='grc' dir='ltr'><strong>Καθ’</strong></span> <span class='ocrx_word' id='word_1_951' title='bbox 2694 5286 2923 5343; x_wconf 74' lang='grc' dir='ltr'><strong>ἕκαστον</strong></span> <span class='ocrx_word' id='word_1_952' title='bbox 2946 5285 3126 5338; x_wconf 86' lang='grc' dir='ltr'><strong>τοίνυν</strong></span> <span class='ocrx_word' id='word_1_953' title='bbox 3155 5284 3263 5337; x_wconf 88' lang='grc' dir='ltr'><strong>τῶν</strong></span> <span class='ocrx_word' id='word_1_954' title='bbox 3296 5286 3392 5354; x_wconf 77' lang='grc' dir='ltr'><strong>ρη-</strong></span> 
     </span>
    </p>
   </div>
   <div class='ocr_carea' id='block_1_124' title="bbox 1826 5370 3390 5449">
    <p class='ocr_par' dir='ltr' id='par_1_124' title="bbox 1826 5370 3390 5449">
     <span class='ocr_line' id='line_1_124' title="bbox 1826 5370 3390 5449; baseline -0.004 -18"><span class='ocrx_word' id='word_1_955' title='bbox 1826 5380 2010 5449; x_wconf 87' lang='grc' dir='ltr'><strong>μάτων</strong></span> <span class='ocrx_word' id='word_1_956' title='bbox 2050 5376 2413 5444; x_wconf 81' lang='grc' dir='ltr'><strong>ἐξετάσωμεν,</strong></span> <span class='ocrx_word' id='word_1_957' title='bbox 2452 5375 2538 5429; x_wconf 75' lang='grc' dir='ltr'><strong>ἵνα</strong></span> <span class='ocrx_word' id='word_1_958' title='bbox 2572 5374 2832 5445; x_wconf 89' lang='grc' dir='ltr'><strong>μάθωμεν</strong></span> <span class='ocrx_word' id='word_1_959' title='bbox 2887 5375 2981 5427; x_wconf 78' lang='grc' dir='ltr'><strong>καὶ</strong></span> <span class='ocrx_word' id='word_1_960' title='bbox 3023 5372 3271 5426; x_wconf 76' lang='grc' dir='ltr'><strong>ἐντεῦθεν</strong></span> <span class='ocrx_word' id='word_1_961' title='bbox 3296 5370 3390 5425; x_wconf 87' lang='grc' dir='ltr'><strong>τοῦ</strong></span> 
     </span>
    </p>
   </div>
   <div class='ocr_carea' id='block_1_125' title="bbox 1820 5456 3394 5536">
    <p class='ocr_par' dir='ltr' id='par_1_125' title="bbox 1820 5456 3394 5536">
     <span class='ocr_line' id='line_1_125' title="bbox 1820 5456 3394 5536; baseline -0.004 -19"><span class='ocrx_word' id='word_1_962' title='bbox 1820 5463 2069 5536; x_wconf 60' lang='grc' dir='ltr'><strong>σταυροῦ,</strong></span> <span class='ocrx_word' id='word_1_963' title='bbox 2085 5465 2183 5533; x_wconf 79' lang='grc' dir='ltr'><strong>τὴν</strong></span> <span class='ocrx_word' id='word_1_964' title='bbox 2204 5466 2455 5533; x_wconf 86' lang='grc' dir='ltr'><strong>δύναμιν.</strong></span> <span class='ocrx_word' id='word_1_965' title='bbox 2488 5463 2622 5516; x_wconf 73' lang='grc' dir='ltr'><strong>Οὐδὲ</strong></span> <span class='ocrx_word' id='word_1_966' title='bbox 2644 5461 2753 5531; x_wconf 87' lang='grc' dir='ltr'><strong>γάρ</strong></span> <span class='ocrx_word' id='word_1_967' title='bbox 2771 5456 2892 5514; x_wconf 79' lang='grc' dir='ltr'><strong>εἷπε</strong></span> <span class='ocrx_word' id='word_1_968' title='bbox 2920 5460 3056 5531; x_wconf 76' lang='grc' dir='ltr'><strong>πρὸς</strong></span> <span class='ocrx_word' id='word_1_969' title='bbox 3087 5459 3268 5523; x_wconf 80' lang='grc' dir='ltr'><strong>αὐτὸν,</strong></span> <span class='ocrx_word' id='word_1_970' title='bbox 3292 5476 3394 5511; x_wconf 83' lang='grc' dir='ltr'><strong>κα·-</strong></span> 
     </span>
    </p>
   </div>
   <div class='ocr_carea' id='block_1_126' title="bbox 1826 5549 3394 5623">
    <p class='ocr_par' dir='ltr' id='par_1_126' title="bbox 1826 5549 3394 5623">
     <span class='ocr_line' id='line_1_126' title="bbox 1826 5549 3394 5623; baseline -0.003 -17"><span class='ocrx_word' id='word_1_971' title='bbox 1826 5552 1962 5606; x_wconf 88' lang='grc' dir='ltr'><strong>θάπε</strong></span> <span class='ocrx_word' id='word_1_972' title='bbox 1969 5570 2001 5621; x_wconf 87' lang='grc' dir='ltr'><strong>ρ</strong></span> <span class='ocrx_word' id='word_1_973' title='bbox 2024 5550 2160 5623; x_wconf 82' lang='grc' dir='ltr'><strong>πρὸς</strong></span> <span class='ocrx_word' id='word_1_974' title='bbox 2184 5552 2390 5623; x_wconf 78' lang='grc' dir='ltr'><strong>Πέτρον</strong></span> <span class='ocrx_word' id='word_1_975' title='bbox 2407 5555 2501 5606; x_wconf 68' lang='grc' dir='ltr'><strong>καὶ</strong></span> <span class='ocrx_word' id='word_1_976' title='bbox 2530 5551 2801 5621; x_wconf 74' lang='grc' dir='ltr'><strong>’Δνδρέαψ</strong></span> <span class='ocrx_word' id='word_1_977' title='bbox 2822 5550 3021 5613; x_wconf 83' lang='grc' dir='ltr'><strong>Δεῦτε,</strong></span> <span class='ocrx_word' id='word_1_978' title='bbox 3041 5549 3140 5603; x_wconf 77' lang='grc' dir='ltr'><strong>καὶ</strong></span> <span class='ocrx_word' id='word_1_979' title='bbox 3156 5549 3394 5618; x_wconf 74' lang='grc' dir='ltr'><strong>ποιήσω</strong></span> 
     </span>
    </p>
   </div>
   <div class='ocr_carea' id='block_1_127' title="bbox 1826 5633 3393 5710">
    <p class='ocr_par' dir='ltr' id='par_1_127' title="bbox 1826 5633 3393 5710">
     <span class='ocr_line' id='line_1_127' title="bbox 1826 5633 3393 5710; baseline -0.004 -14"><span class='ocrx_word' id='word_1_980' title='bbox 1826 5638 1981 5710; x_wconf 79' lang='grc' dir='ltr'><strong>ὑμᾶς</strong></span> <span class='ocrx_word' id='word_1_981' title='bbox 2008 5639 2197 5706; x_wconf 74' lang='grc' dir='ltr'><strong>ἁλιεῖς</strong></span> <span class='ocrx_word' id='word_1_982' title='bbox 2224 5639 2564 5708; x_wconf 75' lang='grc' dir='ltr'><strong>ἀνθρώπων·</strong></span> <span class='ocrx_word' id='word_1_983' title='bbox 2587 5638 2706 5693; x_wconf 87' lang='grc' dir='ltr'><strong>οὐδὲ</strong></span> <span class='ocrx_word' id='word_1_984' title='bbox 2726 5633 2844 5690; x_wconf 86' lang='grc' dir='ltr'><strong>εἷπε</strong></span> <span class='ocrx_word' id='word_1_985' title='bbox 2864 5637 2999 5708; x_wconf 80' lang='grc' dir='ltr'><strong>πρὸς</strong></span> <span class='ocrx_word' id='word_1_986' title='bbox 3018 5636 3199 5696; x_wconf 83' lang='grc' dir='ltr'><strong>αὐτὸν,</strong></span> <span class='ocrx_word' id='word_1_987' title='bbox 3222 5636 3393 5690; x_wconf 75' lang='grc' dir='ltr'><strong>καθά-</strong></span> 
     </span>
    </p>
   </div>
   <div class='ocr_carea' id='block_1_128' title="bbox 1830 5721 3394 5799">
    <p class='ocr_par' dir='ltr' id='par_1_128' title="bbox 1830 5721 3394 5799">
     <span class='ocr_line' id='line_1_128' title="bbox 1830 5721 3394 5799; baseline -0.004 -18"><span class='ocrx_word' id='word_1_988' title='bbox 1830 5743 1935 5798; x_wconf 87' lang='grc' dir='ltr'><strong>περ</strong></span> <span class='ocrx_word' id='word_1_989' title='bbox 1981 5727 2115 5799; x_wconf 77' lang='grc' dir='ltr'><strong>πρδς</strong></span> <span class='ocrx_word' id='word_1_990' title='bbox 2175 5728 2302 5791; x_wconf 64' lang='grc' dir='ltr'><strong>τοὺς</strong></span> <span class='ocrx_word' id='word_1_991' title='bbox 2347 5725 2554 5781; x_wconf 81' lang='grc' dir='ltr'><strong>δώδεκα</strong></span> <span class='ocrx_word' id='word_1_992' title='bbox 2612 5724 2878 5796; x_wconf 74' lang='grc' dir='ltr'><strong>μαθητὰς,</strong></span> <span class='ocrx_word' id='word_1_993' title='bbox 2920 5724 3002 5778; x_wconf 83' lang='grc' dir='ltr'><strong>ὅτι</strong></span> <span class='ocrx_word' id='word_1_994' title='bbox 3059 5721 3394 5778; x_wconf 62' lang='grc' dir='ltr'><strong>ΚαθίσιισΟε</strong></span> 
     </span>
    </p>
   </div>
  </div>
