3906 6224
493 335 590 393 311

493 443 595 502 ἐπὶ
621 441 851 499 δώδεκα
874 440 1127 509 θρόνους
1154 441 1463 507 κρίνοντες
1486 438 1595 506 τὰς
1615 437 1844 495 δώδεκα
1874 439 2080 508 φυλὰς

493 527 604 583 τοῦ
651 522 919 595 Ἰσραήλ.
947 522 1127 584 Ὀλως
1146 521 1203 574 δὲ
1228 521 1347 575 οὐδέ
1372 524 1616 593 ῥήματος
1636 522 1798 576 αὐτὸν
1818 521 2077 590 ἠξίωσεν.

495 611 633 668 οὐδὲ
660 609 913 679 θαύματα
929 602 1086 663 εἶδεν,
1105 604 1166 658 οὐ
1189 606 1380 676 νεκρὸν
1404 606 1785 676 ἀνιστάμενον,
1804 607 1863 659 οὐ
1887 604 2081 674 δαίμοο

494 714 595 760 νας
623 691 1032 761 ἐλαυνομένους,
1071 689 1132 744 οὐ
1180 690 1452 743 θάλατταν
1509 690 1760 745 εἴκουσαν
1800 687 1964 744 αὐτοῦ
1999 690 2081 761 τῷ

496 779 846 846 ἐπιτάγματι.
877 774 936 827 οὐ
972 772 1099 843 περὶ
1128 772 1405 844 βασιλείας
1441 770 1591 843 αὐτῷ
1622 772 1888 843 διελέχθη·
1923 770 2078 843 [MM

496 862 660 916 πόθεν
688 861 744 914 δέ
760 860 875 932 ⁴ᾔδει
892 859 987 913 καί
1008 858 1107 925 τῆς
1127 856 1402 927 βασιλείας
1424 856 1484 913 :6
1504 855 1702 927 δνομας
1725 855 1950 926 Ἷόωμεν
1975 854 2080 907 αὐ·-

495 944 589 999 τοῦ
606 945 704 1015 τὴν
723 945 935 996 σύνεσιν
953 941 1050 1013 τὴν
1074 940 1294 1011 πολλήν.
1326 940 1613 1011 Ἐλοιδόρει
1637 940 1819 1005 αὐτόν,
1840 939 2028 1009 φησὶν,
2047 941 2080 991 6

495 1029 683 1099 ἕτερος
704 1027 907 1098 λῃστής
926 1042 940 1056 ·
988 1022 1087 1077 καὶ
1109 1025 1218 1095 γὰρ
1239 1023 1424 1093 ἔτερος
1453 1019 1521 1093 ἦν
1551 1022 1752 1095 λῃστὴς
1782 1037 2078 1075 συνεσταυ-

500 1109 762 1182 ρωμένος,
786 1109 871 1163 ἴνα
894 1106 1154 1178 πληρωθῇ
1174 1107 1233 1160 :6
1256 1106 1407 1178 παρὰ
1435 1106 1526 1159 τοῦ
1554 1108 1831 1177 προφήτου
1850 1106 1968 1176 εἰρη
1978 1101 2079 1175 μέ-

498 1210 609 1257 νον,
648 1195 729 1246 ὅτι
762 1192 873 1247 Καὶ
916 1193 1068 1260 μετὰ
1114 1190 1355 1259 ἀνόμων
1387 1189 1698 1259 ἐλογίσθη.
1762 1188 2079 1242 Ἐϐοὐλοντο

413 1262 428 1275 ⁸
496 1275 607 1347 γάρ
650 1277 745 1328 καὶ
783 1274 882 1344 τὴν
924 1273 1083 1341 δόξαν
1126 1270 1292 1325 αὐτοῦ
1345 1272 1616 1326 διαϐαλεῖν
1665 1272 1713 1325 οἱ
1762 1270 2080 1341 ἀγνώμονες

508 1358 774 1419 Ἰουδαῖοι,
801 1358 894 1411 καὶ
922 1356 1257 1426 πανταχόθεν
1280 1355 1585 1426 ἐπηρέαζον
1606 1358 1719 1419 τοῖς
1746 1355 2075 1425 γινομένοις·

495 1442 634 1496 ἀλλὰ
661 1443 748 1496 6:6
780 1442 998 1495 πάντων
1031 1442 1064 1511 ὴ
1109 1440 1334 1513 ἀλήθεια
1373 1438 1573 1510 ηὔξανε
1596 1479 1612 1500 ,
1644 1438 1739 1493 καὶ
1780 1438 1847 1490 δι’
1896 1436 2081 1491 αὐτῶν

494 1524 604 1577 τῶν
663 1523 1002 1594 κωλυμάτων
1067 1523 1424 1596 λαμπροτέρα
1497 1521 1726 1590 ἐγίνετο.
1790 1519 2080 1591 Ἑλοιδόρει

494 1609 677 1662 τοίνυν
706 1608 869 1662 αὐτὸν
901 1610 930 1662 6
956 1607 1145 1680 ἔτερος
1178 1608 1401 1680 λῃστής·
1430 1604 1510 1670 είς
1533 1606 1589 1659 δέ
1611 1622 1694 1669 τις
1719 1603 1827 1658 τῶν
1849 1604 2082 1671 εὐαγγε-

495 1691 698 1745 λιστῶν
736 1691 1021 1762 φησιν,δτι
1054 1690 1358 1763 ἀμφότεροι
1387 1689 1689 1760 ἐλοιδόρουν
1716 1686 1809 1740 τὸν
1848 1685 2080 1757 Ἰησοῦν·

497 1776 592 1828 καὶ
613 1774 768 1827 τοῦτο
794 1775 851 1827 δὲ
878 1773 1097 1845 ἀληθὲς,
1128 1774 1156 1826 6
1190 1774 1286 1827 καὶ
1320 1773 1555 1844 μάλιστα
1589 1771 1848 1825 ἐπιτείνει
1888 1768 2081 1823 τούτου

496 1857 597 1929 τὴν
622 1857 1063 1928 εὐγνωμοσύνην.
1105 1856 1265 1922 Είκδς
1297 1857 1407 1928 γάρ
1445 1855 1609 1909 αὐτὸν
1637 1852 1947 1925 λοιδορῆσαι
1985 1852 2083 1923 μέν

498 1940 650 2011 παρά
680 1941 779 2010 τὴν
812 1940 1006 2012 ἀρχὴν,
1038 1940 1234 2012 ἀθρόον
1273 1939 1329 1991 δὲ
1355 1937 1625 2008 τοσαύτην
1650 1937 1749 2009 τὴν
1780 1934 2083 2006 μεταϐολὴν

500 2023 894 2087 ἐπιδείξασθαι.
938 2022 1226 2092 Ἐλοιδόρει
1258 2022 1440 2076 τοίνυν
1471 2022 1656 2087 αὐτὸν,
1684 2020 1868 2090 φησὶν,
1907 2020 1936 2072 6
1966 2018 2085 2072 ἐτε-

504 2122 596 2177 ρος
624 2105 848 2177 λῃστής.
876 2102 1027 2169 Εἶδες
1056 2105 1258 2179 λῃστὴν
1286 2107 1382 2158 καὶ
1409 2104 1649 2175 λῃστήν;
1688 2101 1989 2174 ἀμφότεροι
2024 2101 2084 2153 ἐν

499 2189 581 2260 τῷ
610 2189 847 2260 σταυρῷ,
872 2190 1172 2259 ἀμφότεροι
1202 2189 1309 2242 ἀπὸ
1333 2188 1616 2258 πονηρίας,
1644 2185 1945 2259 ἀμφότεροι
1975 2183 2084 2238 ἀπὸ

501 2271 618 2341 βίου
664 2270 945 2345 λῃστικοῦ,
992 2271 1108 2325 ἀλλ’
1140 2271 1242 2326 οὐκ
1291 2270 1594 2343 ἀμφότεροι
1628 2272 1686 2323 ἐν
1714 2273 1827 2332 τοῖς
1877 2269 2081 2330 αὐτοῖς·

499 2355 614 2411 ἀλλ’
635 2358 664 2410 6
691 2355 789 2427 μὲν
820 2355 1096 2427 βασιλείαν
1127 2355 1585 2427 ἐκληρονόμησεν,
1612 2356 1640 2407 6
1670 2353 1726 2407 δέ
1751 2355 1831 2416 εἰς
1858 2351 2084 2420 γέενναν

502 2439 914 2512 παρεπέμπετο.
937 2438 1093 2492 Οὕτω
1114 2439 1206 2491 καὶ
1237 2436 1385 2508 χθὲς,
1430 2436 1675 2509 μαθητὴς
1703 2436 1795 2490 καὶ
1822 2433 2080 2506 μαθηταί·

501 2524 616 2577 ἀλλ’
656 2526 685 2577 6
733 2525 831 2593 μὲν
877 2522 1013 2595 πρὸς
1070 2522 1360 2594 προδοσίαν
1407 2520 1882 2593 παρεσκευάζετο,
1931 2519 1982 2572 οἱ
2028 2518 2085 2572 δὲ

503 2610 643 2678 πρὸς
672 2606 948 2661 διακονίαν
979 2607 1382 2679 εὐτρεπίζοντο·
1412 2606 1507 2660 καὶ
1542 2607 1749 2668 ἐκεῖνος
1782 2603 1880 2674 μὲν
1929 2601 2085 2671 έλεγε

500 2694 615 2753 τοῖς
637 2691 970 2760 Φαρισαίοις·
997 2692 1058 2745 Τί
1073 2690 1277 2745 θέλετέ
1300 2709 1401 2758 μοι
1430 2690 1662 2755 δοῦναι,
1683 2688 1780 2742 καὶ
1807 2686 1923 2758 ἐγὼ
1941 2686 2087 2757 ὑμῖν

502 2772 839 2841 παραδώσω
861 2775 1087 2835 αὑτόνς
1109 2768 1255 2828 οὗτοι
1277 2772 1333 2827 δὲ
1363 2772 1667 2844 προσῆλθον
1687 2771 1766 2841 τῷ
1793 2770 1968 2841 Ἰησοῦ
1995 2769 2085 2823 λέ·

502 2875 720 2928 γοντες·
764 2857 889 2912 Ποῦ
948 2857 1145 2924 θέλεις
1176 2855 1566 2927 ἐτοιμὰζωμέν
1609 2870 1709 2909 σοι
1759 2853 1975 2925 φαγεῖν
2019 2854 2086 2907 τό

501 2941 756 3011 Πάσχα;
780 2941 935 2995 Οὕτω
968 2941 1062 2995 καὶ
1088 2940 1342 3005 ἐνταῦθα,
1373 2940 1575 3012 λῃστὴς
1597 2940 1692 2992 καὶ
1715 2938 1939 3010 λῃστής·
1970 2937 2085 2991 ἀλλ’

500 3027 531 3080 6
564 3025 663 3096 μὲν
698 3024 1036 3097 ἐλοιδορεῖτο,
1058 3026 1087 3077 6
1109 3024 1165 3077 δὲ
1186 3023 1552 3093 ἐπιστομίζει·
1575 3025 1603 3077 6
1625 3023 1723 3094 μὲν
1748 3021 2083 3092 βλασφημεῖ,

501 3112 531 3164 6
566 3109 623 3162 δέ
646 3108 889 3177 ἐγκαλεῖ,
936 3108 1033 3162 καὶ
1065 3106 1241 3162 ταῦτα
1280 3108 1421 3179 δρῶν
1449 3105 1867 3178 ἐσταυρωμένον
1897 3104 2083 3169 αὐτὸν,

504 3190 995 3262 κατακεκριμένον,
1034 3190 1126 3244 τὸν
1163 3190 1335 3261 δῆμον
1364 3189 1611 3245 κάτωθεν
1654 3187 2085 3260 λοιδορούμενον,

505 3272 811 3327 ἐπιϐοῶντα
853 3273 1084 3344 μεγάλα·
1137 3273 1251 3328 ἀλλ’
1286 3273 1437 3345 ὅμως
1491 3274 1643 3328 οὐδὲν
1688 3272 1893 3328 τούτων
1926 3272 2088 3326 αὐτὸν

504 3356 871 3427 παρέτρεψεν,
895 3358 1014 3410 οὐδὲ
1042 3358 1141 3429 τῆς
1175 3356 1560 3430 προσηκούσης
1589 3357 1749 3429 δόξης
1775 3356 2086 3425 ἀπήγαγεν,

503 3440 758 3494 ἀλλὰκαὶ
785 3440 863 3511 τῷ
904 3441 1076 3513 ἑτέρῳ
1124 3440 1294 3514 λῃστῇ
1340 3441 1586 3512 σφοδρῶς
1631 3439 1955 3504 ἐπιτίθεται,
1994 3439 2089 3493 καί

505 3539 638 3595 φησι
673 3524 809 3593 πρὸς
839 3524 1020 3579 αὐτόν·
1062 3523 1215 3579 Οὐδὲ
1245 3521 1403 3594 φοϐῇ
1426 3523 1535 3579 τὸν
1561 3522 1709 3578 Θεὸν
1738 3524 1820 3578 σύ
1835 3539 1857 3589 ;

579 3762 651 3825 γ’.
669 3750 821 3817 Εἶδες
838 3754 1148 3828 παρρησίαν
1171 3752 1401 3826 λῃστοῦς
1432 3749 1571 3818 ε’ίδες
1592 3753 1711 3818 πῶς
1724 3754 1845 3808 οὐδὲ
1865 3752 1925 3807 ἐν
1941 3769 2096 3806 σταυ-

514 3843 596 3917 ρῷ
626 3846 728 3917 τῆς
767 3844 974 3909 οἰκείας
1015 3844 1212 3916 τέχνης
1249 3844 1684 3911 ἐπιλανθάνεται,
1714 3844 1851 3900 ἀλλά
1874 3844 1963 3900 6:6
1994 3844 2096 3916 τῆς

511 3936 801 4009 ὁμολογίας
819 3936 991 4007 αὐτῆς
1017 3936 1268 4008 λῃστεύει
1297 3936 1395 4007 τὴν
1421 3936 1734 4008 βασιλείαν;
1765 3935 1917 3991 Οὐδὲ
1936 3934 2095 4006 φοϐῇ

511 4028 623 4085 τὸν
653 4030 802 4084 Θεὸν
837 4029 939 4095 σὺ,
966 4029 1164 4101 φησίν;
1197 4026 1349 4095 Εἶδες
1394 4030 1707 4103 παρρησίαν
1741 4030 1798 4083 ἐν
1841 4028 2091 4103 σταυρῷς

513 4119 654 4186 εἶδες
703 4122 1022 4193 φιλοσοφίαν
1047 4162 1061 4186 ,
1118 4118 1259 4187 εἶδες
1320 4122 1643 4189 εὐλάϐειαν;
1696 4123 1820 4177 Ὀτι
1868 4123 1978 4194 γάρ
2037 4122 2096 4174 ἐν

515 4210 695 4284 ἐαυτῷ
713 4207 801 4284 ἦν,
821 4213 902 4266 ὅτι
930 4212 1029 4276 τὰς
1057 4212 1263 4284 φρένας
1291 4212 1428 4277 ὅλως
1456 4210 1569 4289 εἶχε
1600 4215 1714 4277 τοῖς
1750 4213 1899 4285 ἥλοις
1925 4215 2098 4287 ἐμπε-

514 4306 811 4378 παρμένος,
848 4306 941 4359 καὶ
979 4305 1076 4369 τάς
1105 4307 1167 4359 ἐκ
1218 4303 1328 4359 τῶν
1371 4305 1515 4375 ἥλων
1563 4304 1754 4368 ὀδύνας
1807 4302 2096 4376 ὑπομένων

512 4398 612 4463 τὰς
640 4397 968 4469 ἀφορήτους,
1000 4397 1121 4468 οὐχὶ
1150 4394 1528 4466 θαυμάζεσθαι
1547 4395 1696 4462 ἄξιος
1726 4394 1819 4449 τοῦ
1850 4395 2097 4464 γενναίου

515 4490 861 4560 φρονήματος
894 4487 1091 4552 Evam;
1132 4486 1272 4557 Ἐγὼ
1318 4487 1419 4558 μὲν
1444 4486 1503 4540 οὐ
1531 4484 1909 4558 θαυμάζεσθαι
1937 4484 2099 4556 μόνον

514 4580 703 4646 ἀξιον,
752 4577 887 4633 ἀλλά
934 4579 1029 4633 καὶ
1083 4577 1485 4650 μακαρίζεσθαι
1532 4576 1693 4635 αὐτὸν
1750 4577 1976 4640 δικαίως
2030 4576 2099 4635 ἂν

516 4672 744 4743 είποιμι.
763 4672 878 4724 Καὶ
904 4670 1014 4742 γὰρ
1038 4670 1099 4723 οὐ
1125 4670 1285 4741 μόνον
1314 4670 1415 4725 οὐκ
1449 4670 1814 4743 ἐπεστρέφετο
1843 4668 1979 4741 πρὸς
1999 4669 2099 4733 τὰς

516 4760 840 4831 ἀλγηδόνας,
887 4759 1004 4815 ἀλλ’
1038 4760 1200 4831 ἀφεὶς
1240 4762 1310 4815 :6
1356 4760 1480 4815 καθ’
1519 4761 1733 4824 ἑαυτὸν,
1791 4760 1861 4817 τὰ
1909 4759 2097 4834 ἐτέρου

518 4851 824 4923 ἐφρόντιζε,
858 4855 952 4907 καὶ
985 4854 1133 4929 ὅπως
1165 4854 1372 4907 ἐκεῖνον
1403 4853 1687 4927 ἐξαρπάσῃ
1724 4853 1828 4925 τῆς
1868 4854 2097 4926 πλάνης,

520 4945 615 4998 καὶ
634 4942 950 5006 διδάσκαλος
985 4947 1210 5019 γένηται
1230 4949 1289 5003 ἐν
1315 4947 1556 5020 σταυρῷ,
1576 4946 1927 5013 ἐσπούδαζεν.
1947 4947 2101 5003 Οὐδὲ

519 5055 564 5109 φ
592 5035 677 5106 -ϐᾔ
729 5035 838 5090 τὸν
877 5034 1047 5099 Θεὸν,
1082 5039 1235 5107 φησι,
1270 5041 1392 5105 σύ;
1423 5038 1725 5111 Μονονουχ”ι
1767 5039 1917 5109 λέγει
1963 5039 2101 5112 πρὸς

519 5129 714 5184 αὐτόν·
746 5129 839 5200 Μὴ
881 5125 958 5198 τῷ
1005 5127 1157 5181 κάτω
1192 5125 1529 5203 δικαστηρίῳ
1560 5132 1818 5205 πρόσεχε,
1870 5133 1944 5204 μὴ
1991 5132 2104 5186 ἀπὸ

520 5220 632 5275 τῶν
657 5219 952 5291 ὁρωμένων
982 5215 1243 5288 ψηφίζου,
1286 5216 1362 5289 μὴ
1392 5216 1462 5270 :6
1485 5224 1743 5288 γινόμενα
1774 5222 1934 5288 μόνον
1962 5222 2066 5292 ὅρα
2084 5238 2099 5252 ·

521 5313 672 5368 εστιν
704 5312 891 5383 ἕτερος
924 5310 1118 5383 κριτὴς
1144 5308 1399 5381 ἀόρατος.
1428 5307 1725 5362 ἀδέκαστόν
1753 5309 1899 5362 ἐστιν
1931 5312 2104 5364 ἐκεῖνο

521 5406 584 5459 :6
624 5404 994 5475 δικαστήριον,
1040 5399 1507 5473 παραλογισθῆναι
1558 5400 1633 5469 μὴ
1672 5399 1989 5468 δυνάμενον.
2013 5401 2104 5471 Μὴ

523 5495 702 5549 τοίνυν
755 5494 889 5567 ἴδῃς,
934 5495 1017 5548 ὅτι
1071 5490 1370 5563 κατεκρίθη
1411 5490 1581 5543 κάτω·
1619 5490 1754 5544 ἀλλά
1786 5490 1857 5542 τὰ
1900 5491 2012 5542 ἀνω
2043 5491 2104 5543 οὐ

524 5574 775 5639 τοιαῦτα.
818 5584 1083 5639 Ἐνταῦθα
1117 5584 1217 5656 μὲν
1240 5582 1351 5656 γάρ
1383 5584 1443 5637 ἐν
1478 5582 1555 5653 τῷ
1588 5582 1739 5636 κάτω
1768 5580 2104 5655 δικαστηρίῳ

532 5679 625 5731 καὶ
648 5678 932 5731 ἀνεύθυνοι
960 5678 1220 5740 πολλάκις
1258 5674 1732 5741 καταδικάζονται,
1758 5674 1851 5728 καί
1873 5673 2108 5728 ὑπεύθυ-

527 5783 611 5824 νοι
660 5766 942 5837 ἀφίενται,
978 5766 1128 5840 [4161
1160 5767 1252 5821 καὶ
1280 5766 1480 5825 δίκαιοι
1515 5766 1933 5838 κατακρίνονται
1954 5807 1968 5834 ,
2014 5765 2107 5819 καὶ

1199 325 1256 383 S.
1297 324 1584 385 JOANNIS
1617 324 2123 386 CHRYSOSTOIII
2151 327 2470 385 ARCHIEP.
2507 326 3063 388 CONSTANTINOP.

3685 332 3788 388 612

2185 442 2358 497 ἄδικοι
2383 442 2757 512 διαφεύγουσι.
2801 441 2885 495 Τὰ
2920 442 3021 512 μὲν
3048 440 3156 514 γὰρ
3200 441 3418 507 ἑκόντες
3441 442 3560 498 τῶν
3595 461 3788 517 κρινο-

2191 536 2390 606 μένων,
2412 535 2482 588 τά
2534 535 2592 588 δὲ
2622 536 2849 603 ἄκοντες
2900 533 3306 606 διαφθείρουσιν
3338 536 3390 589 οί
3431 536 3641 591 πολλοὶ
3679 538 3791 593 τῶν

2185 626 2507 699 ἀνθρώπων·
2554 628 2587 699 ἦ
2620 629 2730 700 γὰρ
2761 626 3084 697 ἀγνοοῦντες
3115 628 3175 681 τὺ
3197 628 3407 684 δίκαιον
3428 629 3530 684 καὶ
3561 629 3791 703 ἀπάτης

2186 718 2389 783 θέντες,
2419 718 2450 791 ἦ
2484 719 2679 785 ἰδόντες
2709 720 2827 793 μὲν,
2851 720 2957 773 ὐπὸ
2977 737 3082 792 χρη
3092 719 3275 790 μάτων
3294 719 3353 775 δὲ
3377 718 3793 791 διαφθαρέντες

2187 812 2506 884 προέδωκαν
2536 813 2633 888 τὴν
2676 812 2966 882 ἀλήθειαν,
3018 812 3114 867 καὶ
3170 812 3634 883 κατεψηφίσαντο
3683 812 3790 866 τῶν

2183 902 2513 961 ἀνευθύνων.
2562 904 2710 959 Ἀνω
2761 904 2819 960 δὲ
2846 904 2997 958 οὐδὲν
3055 903 3288 958 τοιοῦτόν
3321 906 3491 958 ἐστιν.
3541 904 3615 962 '_0
3652 903 3789 967 Θεὸς

2181 996 2289 1068 γάρ
2314 997 2507 1068 κριτὴς
2536 996 2767 1061 δίκαιος,
2796 998 2888 1051 καὶ
2915 996 2976 1053 τὸ
3019 999 3192 1068 κρῖμα
3221 995 3391 1051 αὐτοῦ
3412 996 3491 1059 ὼς
3511 994 3646 1065 φῶς
3698 994 3788 1060 ἐξ·

2194 1088 2498 1142 ελεύσεται·
2535 1089 2635 1144 οὐκ
2658 1088 2999 1160 ἔχεισκότος,
3015 1089 3118 1143 οὐκ
3155 1089 3268 1159 ἔχει
3296 1090 3655 1163 ἀποκρυϐὴν,
3693 1089 3789 1143 οὐ-

2181 1182 2375 1253 δεμίαν
2425 1182 2641 1253 δέχεται
2702 1183 3085 1254 παρατροπήν.
3141 1181 3261 1236 Ἵνα
3319 1182 3430 1254 γάρ
3506 1182 3593 1254 μὴ
3646 1182 3788 1255 λέγῃ

2183 1277 2410 1340 ἐκεῖνος,
2434 1275 2516 1329 δτι
2543 1274 2911 1344 κατεδικάσθη
2942 1274 3113 1340 κάτω,
3141 1274 3193 1327 τί
3223 1271 3372 1345 αὐτῷ
3408 1275 3783 1346 συνηγορεῖςς

2182 1371 2460 1440 ἀνήγαγεν
2485 1370 2647 1423 αὐτὸν
2674 1369 2769 1422 ἐπὶ
2797 1368 2857 1422 τὸ
2888 1368 3001 1423 ἀνω
3025 1367 3395 1439 δικαστήριον,
3419 1367 3516 1422 ἐπὶ
3534 1367 3609 1420 :6
3631 1365 3786 1438 βῆμα

2181 1458 2243 1512 :6
2273 1458 2522 1529 φοϐερὸν,
2554 1458 2646 1512 ἐπὶ
2685 1457 2747 1512 :6
2781 1456 3064 1529 κριτήριον
3103 1457 3164 1511 :6
3196 1457 3514 1524 ἀδέκαστον,
3546 1457 3655 1510 ἐπὶ
3695 1456 3786 1510 τὸν

2184 1552 2620 1625 ἀπαραλόγιστον
2652 1551 2941 1623 δικαστὴν,
2978 1552 3285 1623 ἀνέμνησεν
3336 1550 3503 1605 αὐτὸν
3559 1549 3785 1605 ἐκείνου

2183 1644 2278 1698 τοῦ
2310 1642 2541 1716 φοϐεροῦ
2576 1644 2880 1718 κριτηρίου.
2929 1644 3079 1698 Ἐκεῖ
3121 1644 3309 1713 βλέπε,
3353 1645 3512 1715 φησὶ,
3551 1641 3657 1697 καὶ
3683 1642 3789 1696 οὐκ

2184 1735 2354 1798 οίσεις
2385 1735 2483 1806 τὴν
2509 1735 2971 1799 καταδικάζουσαν
3016 1735 3217 1806 ψῆφον,
3267 1736 3390 1789 οὐδέ
3419 1735 3607 1807 στήσῃ
3641 1734 3787 1805 μετά

2184 1826 2295 1881 τῶν
2324 1826 2474 1880 κάτω
2496 1825 2817 1897 ἀνθρώπων,
2867 1826 3007 1879 ἀλλά
3048 1825 3369 1898 θαυμάσεις,
3402 1826 3500 1880 καὶ
3530 1823 3788 1905 ἀποδέξῃ
3826 1865 3836 1878 ,

2184 1916 2284 1986 τὴν
2314 1917 2518 1972 ἀνωθεν
2538 1918 2736 1990 κρίσιν.
2767 1916 2923 1971 Οὐδὲ
2949 1916 3127 1987 φοϐῇ,
3152 1917 3305 1987 φησὶ,
3335 1915 3444 1970 τὸν
3476 1915 3644 1970 Θεὸν
3665 1917 3785 1980 mi;

2186 2006 2340 2074 Εἶδες
2376 2010 2696 2080 φιλοσοφίαν
2725 2010 2924 2083 ληστοῦ
2943 2050 2960 2074 ,
3011 2006 3150 2074 εἶδες
3181 2008 3426 2075 σύνεσιν,
3461 2004 3615 2072 εἶδες
3637 2007 3784 2062 διδαο

2189 2103 2416 2157 σκαλίαν
2436 2120 2451 2170 ;
2474 2103 2672 2175 ἀθρόον
2708 2104 2816 2157 61:6
2842 2104 2935 2159 τοῦ
2967 2102 3203 2175 σταυροῦ
3249 2103 3388 2174 πρὸς
3416 2103 3509 2157 τὸν
3539 2101 3784 2174 οὐρανὸν

2186 2192 2415 2265 ἀνέπτη.
2452 2194 2562 2247 Ka‘:
2589 2194 2692 2265 ὅρα
2724 2193 2887 2248 αὐτὸν
2912 2194 3270 2248 ἀποστολικδν
3301 2194 3470 2264 νόμον
3499 2193 3612 2263 ἥδη
3638 2192 3779 2262 πλη-

2189 2284 2410 2355 ροῦντα,
2454 2286 2549 2338 καὶ
2579 2285 2642 2339 οὐ
2682 2284 2749 2339 :6
2802 2284 2996 2341 ἑαυτοῦ
3048 2287 3208 2357 μόνον
3262 2284 3600 2348 σκοποῦντα,
3642 2283 3780 2339 ἀλλά

2190 2375 2370 2429 πάντα
2425 2374 2682 2430 ποιοῦντα
2730 2376 2825 2429 καὶ
2870 2376 3418 2448 πραγματευόμενον,
3479 2374 3631 2430 ὥστε
3686 2376 3777 2429 καὶ

2188 2464 2397 2519 ἐκεῖνον
2427 2466 2528 2537 τῆς
2547 2467 2754 2536 πλάνης
2779 2467 3105 2535 ἀπαλλάξαι.
3127 2467 3220 2520 καὶ
3244 2468 3379 2537 πρὸς
3392 2467 3493 2538 τὴν
3513 2467 3775 2539 ἀλήθειαν

2188 2554 2575 2625 ἐπαναγαγεῖν.
2608 2558 2790 2613 Εἰπὼν
2819 2560 2948 2633 γάρ,
2983 2560 3137 2615 Οὐδὲ
3157 2559 3316 2629 φοϐῇ
3347 2560 3454 2614 τὸν
3481 2559 3639 2614 Θεὸν
3671 2559 3771 2619 σὺ.

2190 2647 2492 2719 ἐπήγαγεν,
2525 2650 2736 2705 Ὂτιὲν
2764 2651 2845 2719 τῷ
2875 2652 3036 2718 αὑτῷ
3074 2653 3311 2722 κρίματι
3347 2654 3540 2724 ἐσμεν.
3575 2653 3775 2707 Σκόπει

2189 2736 2576 2813 ἐξομολόγησιν
2597 2743 3029 2816 ἀπηρτισμένην.
3054 2746 3119 2798 Τί
3144 2748 3312 2810 ἐστιν,
3361 2747 3458 2798 Ἐν
3500 2743 3585 2811 τῷ
3617 2743 3775 2811 αὐτῷ

2190 2834 2430 2901 κρίματι
2483 2836 2685 2905 ἐσμεν;
2753 2836 2842 2888 Ἑν
2874 2839 2938 2906 τῇ
2970 2838 3134 2907 αὐτῇ,
3185 2837 3338 2907 φησὶ,
3382 2836 3644 2891 κολάσει·
3684 2835 3774 2889 καὶ

2190 2926 2351 2997 ἡμεῖς
2374 2925 2482 2999 γάρ
2518 2929 2574 2980 ἐν
2597 2928 2812 3001 σταυρῷ
2842 2930 3031 2999 ἐσμεν.
3075 2929 3312 2982 Ἐκεῖνον
3363 2929 3544 2983 τοίνυν
3585 2927 3774 2983 ὀνειδί-

2192 3018 2319 3083 ζων,
2377 3019 2571 3073 σαυτὸν
2615 3020 2722 3091 πρὸ
2777 3020 2985 3073 ἐκείνου
3019 3018 3236 3090 βάλλεις
3290 3022 3413 3084 ταῖς
3459 3020 3769 3092 λοιδορίαις.

2193 3107 2408 3181 ’Ὠσπερ
2441 3105 2534 3163 οὖν
2562 3110 2590 3162 6
2622 3111 2681 3164 ἐν
2711 3111 3103 3183 ἁμαρτήμασιν
3123 3110 3221 3176 ὢν,
3258 3112 3354 3164 καὶ
3382 3112 3574 3181 ἕτερον
3608 3128 3774 3166 κατα·

2192 3199 2447 3265 δικάζων,
2476 3201 2666 3255 ἑαυτὸν
2705 3201 2813 3273 πρὸ
2838 3201 3050 3255 ἐκείνου
3082 3201 3435 3265 καταδικάζει
3458 3218 3472 3232 ·
3517 3200 3773 3255 οὕτωκαὶ
3870 3212 3871 3225 ‘

2192 3295 2221 3346 6
2254 3294 2312 3345 ἐν
2344 3294 2598 3365 συμφορᾷ
2638 3291 2714 3346 ὢν
2738 3333 2753 3358 ,
2796 3294 2890 3346 καὶ
2923 3292 3197 3358 ὀνειδίζων
3238 3293 3424 3365 ἐτέρου
3465 3293 3771 3366 συμφοράν,

2194 3384 2385 3438 ἐαυτὸν
2413 3384 2519 3455 πρὸ
2545 3384 2751 3438 ἐκείνου
2780 3383 3050 3449 ὀνειδίζει.
3098 3385 3197 3438 Ἐν
3228 3384 3308 3451 τῷ
3330 3384 3493 3449 αὐτῷ
3515 3385 3770 3456 κρᾲιατι,

2195 3478 2378 3547 φησὶν,
2415 3476 2601 3547 ἐσμέν.
2636 3475 3182 3547 Ἀποστολικὸναύτῷ
3205 3477 3370 3547 νόμον
3384 3476 3768 3545 ἀναγινώσκει,

2124 3562 2125 3565 “
2193 3567 2525 3637 εὐαγγελικά
2554 3570 2777 3639 ῥήματα
2802 3569 3029 3638 λέγοντα
3054 3586 3067 3599 ο
3112 3567 3208 3636 Μὴ
3248 3568 3502 3638 κρίνετε,
3542 3569 3645 3621 Ira
3683 3567 3770 3638 μὴ

2192 3661 2456 3730 κριθῆτε.
2481 3662 2609 3717 Ὀτι
2642 3664 2713 3717 ἐν
2733 3662 2811 3729 τῷ
2835 3662 2995 3728 αὐτῷ
3012 3663 3252 3731 κρίματι
3269 3664 3457 3732 ἐσμεν.
3487 3662 3554 3715 Τί
3581 3664 3767 3727 ποιεῖς,

2193 3749 2239 3806 ὦ
2263 3752 2467 3825 λῃστάς
2517 3755 2771 3809 κοινωνὸν
2832 3755 2986 3827 ὐμῶν
3025 3755 3187 3808 αὐτὸν
3227 3756 3399 3818 ποιεῖς
3430 3753 3626 3823 λέγων,
3670 3755 3771 3809 Ἐν

2194 3844 2274 3911 τῷ
2299 3846 2458 3912 αὐτῷ
2501 3849 2739 3918 κρίματί
2770 3850 2971 3919 ἐσμεν;
3005 3849 3161 3919 Οὐχὶ,
3219 3851 3416 3922 φησίν·
3454 3850 3647 3918 ἐπάγω
3674 3846 3768 3919 τὴν

2192 3939 2477 4011 διόρθωσιν
2508 3941 2597 3994 διὰ
2621 3940 2728 3995 τῶν
2762 3940 2925 4011 ἑξῆς·
2976 3944 3085 3998 Καὶ
3128 3944 3301 4014 ⁸ἡμεῖς
3330 3944 3467 4015 μὲν,
3500 3943 3653 4015 φησὶ,
3685 3943 3769 3997 δι-

2194 4035 2375 4100 καίως
2394 4050 2407 4063 ·
2433 4033 2572 4099 ἄξια
2600 4035 2709 4104 γὰρ
2730 4030 2818 4088 ὧν
2845 4034 3220 4111 ἐποιήσαμεν
3248 4035 3764 4105 ἀπολαμϐάνομεν.

2198 4123 2316 4177 Ἵνα
2345 4126 2454 4195 γάρ
2494 4125 2568 4196 μὴ
2594 4124 2832 4189 ἀκούσας
2863 4126 2945 4180 ὃτι
2971 4122 3149 4193 εἶπεν,
3200 4129 3298 4181 Ἐν
3322 4125 3403 4193 τῷ
3442 4125 3604 4191 αὐτῷ
3648 4126 3770 4194 κρί-

2188 4215 2334 4284 ματί
2370 4217 2537 4287 ἐσμεν
2556 4257 2570 4281 ,
2615 4218 2847 4291 νομίσῃς
2879 4220 2962 4273 δτι
2992 4219 3250 4273 κοινωνὸν
3274 4219 3439 4273 αὐτὸν
3466 4219 3566 4291 τῆς
3596 4221 3767 4291 ἀμαρ-

2193 4303 2315 4368 τίας
2352 4304 2599 4375 ἐποίησε,
2638 4306 2727 4360 διά
2756 4306 2915 4361 τοῦτο
2945 4309 3195 4381 ἐπήγαγε
3221 4305 3320 4380 τὴν
3341 4307 3645 4378 διόρθωσιν,
3675 4307 3766 4361 καί

2198 4412 2363 4466 φησιν
2386 4408 2405 4427 °
2455 4392 2653 4466 Ἡμεῖς
2698 4396 2819 4467 μὲν
2858 4398 3099 4466 δικαίως
3118 4416 3133 4430 ·
3169 4398 3310 4464 ἄξια
3329 4399 3438 4468 γὰρ
3457 4393 3547 4454 ὧν
3571 4397 3765 4465 non}-
3803 4384 3812 4394 ’

2196 4501 2392 4555 σαμεν
2412 4487 2937 4558 ἀπολαμϐάνομεν.
2961 4484 3117 4554 Εἶδες
3146 4490 3534 4560 ἐξομολόγησιν
3566 4487 3764 4541 τελείαν

2198 4578 2257 4632 ἐν
2283 4579 2534 4651 σταυρῷ;
2561 4575 2701 4645 εἶδες
2740 4581 2859 4645 πῶς
2907 4581 3206 4652 ἀπενίψατο
3248 4582 3336 4637 διὰ
3373 4582 3480 4635 τῶν
3512 4579 3766 4650 ῥημάτων

2194 4667 2266 4722 :6
2286 4669 2506 4741 ἀμαρτή
2516 4688 2689 4739 μάτας
2715 4668 2853 4736 εἶδες
2876 4672 2991 4736 πῶς
3021 4673 3336 4745 ἐπλήρωσεν
3362 4674 3533 4727 ἐκεῖνο
3553 4670 3613 4724 :6
3639 4689 3763 4744 1:90-

2197 4762 2425 4832 φητικὸν
2484 4764 2853 4837 παράγγελμα
2873 4781 2890 4798 ·
2923 4765 3072 4837 Λέγε
3104 4768 3185 4822 σὺ
3229 4768 3332 4831 τὰς
3376 4761 3623 4834 ἀνομίας
3651 4782 3761 4821 σου

2197 4852 2461 4926 πρῶτος,
2499 4855 2601 4907 ἵνα
2634 4854 2990 4926 δικαιωθῇς
3022 4859 3212 4923 Οὐδεὶς
3244 4858 3406 4919 αὐτὸν
3437 4858 3764 4927 ἠνάγκασεν,

2196 4943 2369 5007 οὐδεὶς
2416 4946 2813 5019 κατηγόρησεν,
2858 4947 3034 5012 οὐδεὶς
3087 4949 3333 5007 ἐπέθετο·
3359 4946 3524 5010 αὐτὸς
3577 4948 3757 5004 ἐαυτοῦ

2197 5038 2498 5110 κατήγορος
2544 5039 2780 5108 γίνεται·
2834 5039 2925 5099 διὰ
2980 5040 3139 5099 τοῦτο
3165 5039 3354 5092 οὐδένα
3406 5038 3591 5094 λοιπὸν
3625 5035 3756 5112 εἶχεν

2196 5128 2385 5200 ἓτερον
2410 5131 2737 5203 κατήγορον.
2770 5131 3063 5203 Προλαϐὼν
3110 5131 3215 5202 γὰρ
3239 5130 3461 5202 ἥρπασε
3488 5132 3590 5203 τὴν
3619 5132 3756 5198 τάξιν

2194 5220 2289 5271 τοῦ
2307 5221 2637 5292 κατηγόρου,
2655 5222 2749 5274 καὶ
2770 5224 2960 5278 ἑαυτὸν
2980 5223 3321 5292 ἐστηλίτευσε
3344 5220 3521 5290 λέγων
3542 5240 3554 5253 ·
3582 5222 3754 5295 Ἡμεῖς

2196 5311 2466 5380 δικαίως·
2491 5313 2631 5378 ἀξια
2658 5311 2867 5385 γὰρῶν
2883 5314 3221 5385 ἐπράξαμεν
3246 5313 3750 5388 ἀπολαμϐάνομεν·

2197 5400 2374 5469 οὗτος
2395 5405 2464 5455 δὲ
2495 5405 2676 5457 οὐδέν
2712 5402 2939 5461 ἄτοπον
2968 5406 3248 5475 ἔπραξεν.
3302 5403 3459 5473 Εἶδες
3486 5410 3751 5467 εὐλάϐειαν

2198 5493 2598 5563 ἐπιτεταμένην
2619 5509 2635 5559 ;
2662 5496 2790 5549 Ὅτε
2815 5498 2879 5560 δὴ
2901 5500 3280 5572 κατηγόρησεν
3304 5501 3520 5565 ἐαυτοῦ,
3574 5505 3656 5558 ὅτε
3676 5505 3752 5571 ἐξ-

2200 5585 2521 5655 επόμπευσε
2573 5583 2724 5656 [ιι-ε]
2766 5583 2837 5638 τά
2883 5594 3003 5635 καθ’
3032 5594 3243 5662 ἑαυτὸν,
3283 5596 3370 5650 ὅτε
3397 5594 3750 5671 ἀπελογήσατο

2202 5679 2343 5750 ὐπέρ
2378 5677 2471 5733 τοῦ
2498 5678 2765 5732 Δεσπότου
2790 5675 2979 5738 εἰπὼν,
3011 5676 3089 5743 δηι
3128 5687 3326 5758 Ἡμεῖς
3361 5688 3481 5759 μέν
3506 5691 3747 5757 δικαίως,

2204 5764 2381 5838 οὗτος
2406 5769 2474 5825 δὲ
2505 5769 2688 5828 οὐδὲν
2706 5771 2933 5830 ἄτοπον
2951 5768 3169 5846 ἔπραξε
3188 5797 3202 5812 -
3231 5780 3352 5834 τότε
3374 5762 3483 5837 ’καὶ
3528 5782 3625 5856 τὴν
3653 5782 3753 5836 ικε.
