3862 6232
124 312 241 370 411

150 406 320 462 illum
341 414 401 461 ut
419 404 486 461 ad
507 403 787 460 duodecim
807 401 1095 473 discipulos
1112 442 1129 468 ,
1169 401 1419 457 Sedebitis
1444 414 1594 470 super
1618 399 1753 451 duo-

154 498 328 551 decim
357 497 502 551 sedes
521 537 535 562 ,
566 496 850 564 iudicantes
884 492 1149 547 duodecim
1179 492 1335 546 tribus
1358 489 1519 544 Israel
1539 487 1753 561 (Matth.

155 590 255 647 i9.
285 588 406 658 28).
458 588 620 643 Plane
647 602 776 641 vero
801 600 973 654 neque
999 584 1160 640 vei-bo
1187 583 1336 637 illum
1364 581 1605 652 dignatus
1634 588 1751 634 est:

157 696 345 751 neque
371 679 626 735 miracula
668 678 840 741 vidit,
883 691 988 730 non
1032 683 1274 730 mortuos
1309 674 1598 738 excitatos,
1649 686 1754 724 non

159 772 446 826 dannones
469 770 743 841 expulsos,
773 782 877 824 non
911 782 1058 822 mare
1083 765 1307 836 imperio
1333 763 1450 834 ejus
1477 762 1754 831 obtempe-

159 878 329 930 rans,
378 878 554 933 neque
587 863 655 917 de
698 875 861 930 regno
907 875 1028 915 cum
1079 858 1169 914 illo
1212 857 1372 912 verba
1417 855 1542 912 fecit
1570 872 1585 910 :
1615 854 1757 910 unde

161 967 351 1012 autem
392 956 476 1010 vel
503 955 649 1025 regni
678 969 873 1009 nomen
908 953 1091 1008 novit?
1140 950 1427 1005 Videamus
1449 957 1644 1019 quanta
1671 950 1755 1002 in-

166 1048 465 1117 telligentia
496 1048 749 1117 praeditus
778 1047 952 1100 fuerit.
999 1043 1264 1100 Conviciis
1303 1041 1665 1096 insectabatur
1689 1040 1756 1093 il-

166 1139 283 1195 lum
309 1182 325 1205 ,
356 1140 559 1211 inquit,
592 1141 726 1194 alter
757 1141 911 1194 latro.
941 1139 1151 1193 Etenim
1178 1144 1232 1191 et
1258 1136 1393 1191 alter
1418 1135 1554 1189 latro
1581 1132 1759 1188 cruxi-

164 1230 313 1286 ﬁxus
334 1240 468 1297 erat,
502 1242 559 1284 ut
588 1230 896 1292 impleretur
916 1229 1045 1283 illud
1076 1227 1348 1298 prophetre
1368 1225 1602 1280 dictum:
1624 1224 1758 1291 Quia

163 1338 288 1376 cum
315 1322 500 1389 iniquis
530 1332 788 1391 reputatur
807 1331 877 1375 est
905 1320 1054 1393 (lsai.
1082 1320 1172 1376 55.
1195 1318 1304 1390 η).
1334 1317 1593 1374 Volebant
1616 1332 1768 1372 nam-

168 1428 279 1484 que
310 1414 618 1483 insipientes
646 1412 816 1468 Judaei
843 1413 1063 1482 gloriam
1095 1412 1255 1466 etiam
1286 1410 1402 1479 ejus
1434 1408 1712 1463 traducere
1739 1423 1754 1461 :

166 1512 230 1560 et
258 1505 610 1574 undequaque
636 1504 700 1557 iis
720 1544 735 1568 ,
758 1519 878 1573 qua:
901 1502 1240 1566 accidebant,
1271 1500 1631 1564 insultabant;
1662 1497 1758 1553 sed

168 1611 272 1666 per
299 1595 385 1650 illa
412 1596 589 1650 omnia
616 1598 852 1650 excrevit
879 1595 1072 1648 veritas
1096 1633 1111 1656 ,
1141 1604 1195 1646 et
1225 1607 1319 1661 per
1348 1592 1461 1660 ipsa
1485 1590 1757 1645 obstacula

171 1687 528 1759 splendidior,
549 1696 606 1744 et
628 1686 958 1743 manifestior
983 1686 1170 1740 evasit.
1201 1682 1314 1738 Con
1325 1682 1613 1737 viciabatur
1631 1694 1760 1750 ergo

170 1780 224 1834 ci
243 1780 386 1835 alter
410 1778 540 1831 latro
569 1797 583 1833 :
606 1792 744 1832 unus
766 1791 895 1831 vero
922 1775 1366 1844 evangelistarum
1393 1773 1540 1836 dicit,
1570 1773 1758 1827 ambos

169 1868 227 1922 in
278 1867 459 1923 Iesum
509 1869 752 1923 convicia
796 1868 991 1936 jccisse
1040 1866 1351 1938 (Marc.15.
1380 1862 1515 1937 59.):
1552 1872 1608 1918 et
1656 1862 1761 1917 hoc

168 1976 360 2016 verum
389 1970 491 2025 est,
516 1971 571 2016 et
590 1962 817 2016 maxime
837 1959 994 2029 hujus
1019 1959 1333 2029 probitatem
1354 1956 1596 2012 intendit.
1627 1955 1759 2009 Nam

170 2050 454 2120 probabile
509 2063 593 2105 est
627 2051 889 2121 principio
931 2048 1145 2119 quidem
1190 2049 1362 2116 ipsum
1407 2044 1757 2100 convicialum

168 2140 363 2208 fuisse,
393 2141 679 2209 derepente
699 2149 875 2195 autem
903 2147 1101 2193 tantam
1128 2136 1473 2190 mutationem
1499 2132 1755 2187 subiisse:

165 2234 571 2289 conviciabatur
589 2248 736 2302 ergo,
756 2232 942 2301 inquit,
965 2231 1099 2285 alter
1119 2229 1275 2284 latro.
1300 2227 1460 2282 Vides
1475 2227 1757 2291 latronem,

166 2335 228 2380 et
270 2324 574 2379 latronem?
618 2324 777 2377 ambo
802 2322 854 2376 in
880 2336 1038 2376 cruce
1061 2361 1079 2388 ,
1119 2320 1277 2374 ambo
1304 2319 1372 2373 ab
1402 2316 1755 2387 improbitate,

168 2415 334 2471 ambo
358 2429 388 2468 a
415 2414 519 2469 vita
544 2413 854 2485 prmdatoria
880 2411 1115 2481 arrepti,
1144 2409 1237 2465 sed
1273 2424 1378 2464 non
1402 2408 1559 2463 ambo
1586 2409 1637 2461 in
1664 2407 1758 2461 iis-

166 2505 297 2560 dem
327 2523 341 2557 :
371 2520 491 2559 nam
518 2505 653 2559 alter
681 2518 903 2572 regnum
932 2502 1087 2557 heres
1112 2500 1274 2566 adiit,
1305 2500 1443 2555 alter
1471 2501 1522 2553 in
1561 2498 1760 2568 gehen-

168 2612 299 2651 nam
327 2596 588 2652 demissus
613 2606 712 2650 est.
744 2595 815 2650 Ita
844 2602 898 2650 et
921 2595 1032 2649 heri
1063 2591 1357 2662 discipulus
1400 2602 1454 2646 et
1477 2590 1759 2660 discipuli:

167 2690 268 2743 sed
299 2689 390 2743 ille
415 2688 480 2742 ad
507 2689 859 2757 proditionem
886 2686 1283 2755 accingebatur,
1313 2684 1399 2738 isti
1424 2683 1491 2736 ad
1521 2683 1760 2737 ministe-

167 2780 313 2834 rium
338 2794 459 2835 sese
483 2763 852 2850 praeparabant
878 2796 891 2832 :
922 2779 1011 2832 ille
1030 2777 1311 2832 Pharisazis
1338 2776 1548 2831 dicebat
1578 2793 1590 2828 :
1626 2774 1761 2839 Quid

172 2871 326 2925 uultis
352 2871 476 2924 mihi
504 2872 660 2934 dare,
703 2880 750 2924 et
786 2886 877 2941 ego
896 2885 1009 2923 eum
1032 2869 1171 2922 vobis
1205 2867 1401 2921 tradam
1428 2865 1634 2938 (Matth.
1664 2865 1755 2921 26.

173 2961 265 3017 15.
298 2971 344 3014 ιιι
366 2960 500 3034 i7)?
549 2961 634 3016 isti
675 2960 998 3016 accedebant
1038 2959 1104 3013 ad
1142 2958 1322 3013 Jesum
1349 2958 1627 3012 dicentes:
1660 2955 1759 3012 Ubi

171 3057 248 3109 uis
284 3070 518 3124 paremus
546 3053 634 3107 tibi
673 3056 981 3107 manducare
1024 3049 1267 3106 Pascha?
1307 3048 1381 3104 Ita
1409 3058 1466 3104 et
1487 3049 1574 3103 hic
1596 3048 1753 3114 latro,

170 3157 227 3204 et
253 3149 390 3203 latro
422 3165 436 3202 :
467 3156 520 3200 at
550 3148 636 3202 ille
664 3146 1076 3211 conviciabatur,
1108 3143 1195 3199 hic
1220 3141 1545 3198 convicianti
1571 3155 1631 3195 os
1656 3140 1756 3195 ob-

169 3242 358 3306 struit;
408 3241 498 3296 ille
535 3239 867 3309 blaspliemat
891 3280 905 3300 ,
947 3238 1033 3293 hic
1062 3251 1188 3292 vero
1216 3236 1492 3306 objurgat;
1525 3245 1579 3290 et
1616 3232 1753 3301 hate,

168 3348 292 3389 cum
319 3332 584 3401 aspiceret
608 3331 755 3385 illum
786 3330 1104 3386 crucifixum
1132 3369 1147 3395 ,
1177 3327 1590 3383 condemnatum
1608 3368 1622 3391 ,
1653 3341 1751 3396 po—

171 3416 356 3491 pulum
389 3421 523 3476 infra
547 3421 953 3483 COlhiCitllilelll,
980 3419 1167 3489 grandi
1193 3432 1325 3473 voce
1353 3418 1751 3481 vociferantem,

169 3512 268 3567 sed
297 3522 471 3566 tamen
501 3511 634 3566 nihil
657 3510 846 3566 horum
877 3510 1025 3565 illum
1050 3519 1410 3564 transversum
1436 3509 1577 3579 egit,
1612 3519 1703 3563 aut
1723 3523 1754 3563 a

167 3604 524 3658 conveniente
552 3604 945 3659 existimatione
990 3601 1253 3668 abduxit,
1298 3600 1392 3656 sed
1435 3613 1490 3656 et
1524 3602 1751 3656 alterum

167 3695 432 3749 latronem
460 3697 691 3765 graviter
714 3695 980 3765 increpat,
1011 3695 1096 3750 his
1119 3695 1186 3750 ad
1209 3694 1357 3749 illum
1381 3694 1559 3750 verbis
1591 3709 1747 3749 usus:

164 3782 352 3858 Neque
377 3795 430 3839 tu
454 3790 595 3840 times
618 3785 822 3841 Deum?

239 3879 295 3932 5.
322 3876 514 3932 Vidisti
545 3878 840 3933 libertatem
871 3878 1136 3933 latronis?
1171 3877 1345 3932 vidisti
1370 3877 1638 3948 quomodo
1659 3894 1752 3932 nc-

164 3984 273 4039 que
300 3968 353 4022 in
390 3982 549 4023 cruce
591 3969 719 4023 artis
766 3984 877 4023 sua:
917 3969 1245 4024 obliviscitur
1273 4009 1288 4034 ,
1329 3968 1423 4023 sed
1454 3984 1551 4039 per
1578 3969 1745 4039 ipsam

162 4057 557 4115 confessionem
574 4062 838 4131 praedatur
852 4077 1071 4132 regnum
1100 4063 1122 4115 ?
1138 4060 1192 4115 Ν
1194 4078 1317 4132 eque
1329 4070 1383 4115 tu
1397 4063 1540 4117 times
1560 4061 1751 4117 Deum?

161 4150 362 4220 inquit.
394 4150 578 4208 Vidisti
620 4154 917 4208 libertatem
954 4155 1005 4208 in
1044 4168 1203 4209 cruce
1231 4194 1246 4218 ,
1287 4153 1465 4210 vidisti
1512 4153 1749 4223 philoso-

161 4242 345 4313 phiam
362 4284 378 4309 ,
408 4244 579 4299 vidisti
626 4246 1015 4300 reverentiam?
1043 4245 1191 4315 Quod
1218 4247 1359 4302 enim
1382 4245 1481 4301 sibi
1509 4260 1747 4316 praesens

161 4331 324 4387 fuerit
345 4334 485 4404 quod
515 4335 581 4391 de
602 4345 741 4390 statu
769 4337 963 4391 mentis
993 4353 1099 4391 ttott
1138 4337 1376 4406 dejectus
1405 4378 1421 4405 ,
1453 4337 1555 4392 etsi
1583 4337 1748 4392 clavis

159 4424 375 4490 affixus,
392 4426 785 4497 immensosque
807 4429 1073 4483 cruciatus
1092 4442 1157 4484 ex
1183 4429 1346 4483 clavis
1361 4438 1509 4483 ortos
1531 4442 1747 4498 perpes-

158 4529 255 4572 sus
279 4531 379 4570 :an
406 4531 513 4572 non
540 4532 661 4572 eum
689 4519 938 4573 admirari
960 4535 1168 4590 mquam
1191 4528 1272 4576 est
1302 4562 1317 4585 ,
1347 4519 1420 4574 ob
1450 4530 1554 4574 tam
1584 4534 1747 4591 gene—

158 4620 340 4661 rosam
368 4608 532 4663 animi
571 4611 971 4665 constantiam?
1012 4610 1127 4665 Non
1156 4611 1328 4665 solum
1358 4611 1568 4680 dignum
1590 4611 1745 4666 dixe-

157 4698 263 4752 rim
291 4712 448 4768 quem
477 4698 821 4766 admiremur,
834 4701 927 4756 sed
943 4717 1101 4772 quem
1128 4701 1342 4758 beatum
1370 4702 1739 4773 pnedicemus.

157 4788 373 4846 Etenim
399 4807 504 4846 non
527 4794 696 4848 solum
726 4808 831 4848 non
852 4795 1161 4850 advertebat
1190 4804 1421 4851 mentem
1444 4796 1511 4851 ad
1536 4798 1744 4852 crucia-

156 4891 247 4938 tus
276 4923 292 4947 ,
322 4883 417 4938 sed
452 4884 699 4939 omnibus
727 4886 838 4941 suis
863 4885 1095 4951 relictis,
1125 4900 1212 4941 res
1239 4887 1457 4941 alterius
1483 4887 1738 4942 curabat:

154 4984 211 5031 et
254 4983 312 5029 ut
338 4974 485 5030 illum
510 4976 576 5031 ab
601 4992 785 5033 errore
813 4978 1078 5047 eriperet,
1122 4985 1176 5031 et
1220 4979 1475 5049 magister
1516 4979 1633 5049 ejus
1683 4980 1739 5035 in

133 5063 315 5123 'hruce
344 5070 515 5135 fieret,
545 5070 689 5124 omni
715 5085 817 5141 ope
845 5071 1110 5125 studebat.
1151 5069 1263 5124 Nec
1290 5080 1342 5124 tu
1364 5072 1506 5124 times
1536 5072 1695 5126 Deum
1713 5072 1740 5126 ?

152 5158 344 5228 inquit.
373 5158 600 5213 Tantum
623 5175 728 5214 non
758 5161 823 5215 ad
851 5161 999 5216 illum
1025 5161 1153 5216 dicit
1176 5180 1189 5216 :
1212 5160 1290 5216 Ne
1304 5162 1474 5217 solum
1492 5163 1737 5220 attendas

150 5249 220 5305 ad
247 5250 296 5306 id
319 5251 461 5320 quod
480 5252 618 5321 apud
648 5252 893 5309 homines
919 5264 1000 5309 est
1030 5256 1278 5321 tribunal,
1316 5271 1382 5311 ne
1408 5271 1471 5311 ex
1500 5255 1585 5323 iis,
1616 5271 1736 5326 qua:

150 5341 300 5396 vides
327 5358 440 5397 rem
471 5344 706 5399 aestimes
730 5360 744 5408 ;
777 5361 843 5400 ne
869 5360 930 5399 ea
958 5362 1075 5415 qua:
1105 5345 1237 5401 ﬁunt
1259 5348 1624 5402 tantummodo
1651 5348 1733 5402 iu-

150 5434 381 5489 tnearis:
422 5444 506 5490 est
530 5435 666 5491 alius
705 5436 866 5506 judex
908 5438 1184 5493 invisibilis
1214 5481 1228 5503 ,
1269 5439 1632 5509 incorruptum
1679 5449 1734 5496 et

149 5525 413 5580 sincerum
431 5527 639 5596 estejus
669 5529 920 5597 tribunal,
943 5545 1042 5584 nec
1073 5530 1246 5599 decipi
1280 5539 1371 5585 aut
1414 5542 1443 5586 a
1489 5546 1616 5586 vero
1634 5531 1731 5586 de-

148 5614 288 5670 ﬂecti
316 5626 511 5687 potest.
541 5616 620 5672 Ne
640 5627 695 5674 te
724 5626 978 5684 moveat,
1016 5620 1156 5690 quod
1186 5620 1318 5676 infra
1340 5621 1727 5678 condemnatus

146 5713 228 5763 at
246 5743 265 5774 ,
286 5705 515 5778 sedqute
535 5721 694 5779 supra
715 5719 858 5781 sunt,
890 5724 951 5767 ea
978 5712 1106 5767 talia
1133 5726 1240 5769 non
1267 5722 1409 5771 sunt.
1448 5713 1506 5770 In
1522 5712 1725 5787 judicio

1205 295 1294 349 DE
1331 293 1558 350 CRUCE
1595 292 1684 350 ΕΤ
1722 291 2064 349 LATRONE.
2105 293 2336 352 HOMAL.
2383 293 2445 353 11.

3337 305 3444 361 ιη

1863 401 2005 456 enim
2044 403 2186 473 quod
2225 404 2313 462 hic
2347 408 2553 477 agitur,
2585 423 2728 480 stupe
2772 412 2931 468 etiam
2967 413 3275 472 innocentes
3309 430 3443 473 con-

1862 492 2198 562 demnantur,
2228 508 2284 554 et
2312 512 2568 557 nocentes
2591 503 2931 562 dimittuntur
2952 549 2967 569 ,
2991 509 3119 575 justi
3149 511 3319 579 paruis
3343 509 3442 566 ad-

1862 585 2113 642 dicuntur
2136 629 2153 654 ,
2180 600 2235 645 et
2256 591 2433 663 injusti
2469 595 2744 666 effugiunt.
2778 599 2843 654 Et
2874 601 3112 671 plerique
3138 605 3443 659 mortalium

1856 675 2052 746 judicia
2077 692 2423 751 corrumpunt
2450 687 2917 755 partimlubentes.
2950 692 3139 761 partim
3179 693 3442 750 nolentes.

1868 767 1958 822 Vel
1985 769 2128 824 cnim
2145 769 2236 840 jus
2259 783 2311 828 et
2342 773 2418 828 fas
2449 777 2770 845 ignorantes,
2801 790 2852 833 et
2876 780 3118 851 decepti,
3146 785 3229 838 vel
3259 784 3447 840 viden—

1865 865 1944 914 tes
1969 860 2205 928 quidem,
2238 865 2476 934 pecuniis
2503 882 2630 923 vero
2654 872 2888 940 corrupti
2927 873 3275 942 prodiderunt
3300 876 3445 930 veri-

1863 959 2025 1007 tatem
2055 995 2069 1020 ,
2116 963 2169 1008 et
2193 965 2377 1012 contra
2404 959 2712 1016 innocentes
2737 965 3055 1018 sententiam
3093 966 3345 1021 tulerunt.
3374 967 3445 1020 At

1861 1056 2021 1115 supra
2049 1043 2181 1099 nihil
2213 1045 2403 1102 horum
2431 1048 2602 1105 locum
2630 1051 2808 1107 habet.
2832 1052 2964 1108 Nam
2995 1054 3132 1109 Deus
3147 1055 3310 1125 judex
3352 1055 3442 1124 ju-

1862 1142 1975 1187 stus
2001 1144 2102 1199 est,
2134 1144 2186 1190 et
2212 1135 2466 1207 judicium
2492 1139 2609 1210 ejus
2644 1150 2700 1195 ut
2723 1141 2900 1196 lumen
2928 1143 3231 1213 egredietur
3257 1163 3272 1200 :
3295 1155 3447 1200 tene-

1865 1223 1975 1279 bris
1994 1234 2162 1292 caret,
2184 1227 2354 1282 nullas
2386 1229 2546 1285 habet
2575 1232 2804 1288 latebras
2829 1273 2848 1299 ,
2905 1249 3004 1290 nec
3043 1236 3151 1290 ullo
3192 1238 3349 1293 modo
3375 1238 3444 1291 de

1863 1323 2005 1370 recta
2036 1317 2224 1372 semita
2253 1318 2410 1390 dejici
2438 1330 2633 1390 potest.
2664 1322 2742 1378 Ne
2765 1325 2906 1379 enim
2937 1326 3030 1381 ille
3053 1327 3442 1399 diceret,Apud

1862 1403 2109 1462 homines
2135 1407 2243 1478 jam
2272 1409 2659 1468 condemnatus
2682 1422 2783 1478 est,
2815 1415 2943 1485 quid
2972 1416 3021 1471 ei
3048 1417 3441 1487 patrocinaris?

1862 1495 2013 1551 duxit
2034 1514 2155 1553 eum
2186 1499 2252 1554 ad
2278 1517 2569 1571 supernum
2588 1505 2846 1574 judicium
2879 1546 2894 1572 ,
2925 1507 2991 1561 ad
3037 1507 3273 1562 terribile
3313 1508 3444 1564 illud

1865 1588 2129 1655 tribunal,
2157 1591 2220 1644 ad
2265 1590 2436 1646 forum
2482 1594 2612 1649 illud
2641 1596 3004 1666 incorruptum
3026 1638 3041 1663 ,
3073 1597 3141 1653 ad
3162 1598 3394 1667 judicem
3424 1638 3442 1665 ,

1863 1692 2020 1747 quem
2049 1681 2208 1735 nullis
2227 1682 2519 1738 rationibus
2547 1685 2599 1738 in
2625 1700 2862 1740 errorem
2885 1686 3136 1741 inducere
3163 1687 3317 1742 licet:
3349 1703 3442 1743 re-

1864 1769 2073 1823 vocavit
2115 1771 2164 1824 ci
2213 1770 2265 1825 in
2309 1775 2619 1829 memoriam
2656 1776 2989 1831 tremendum
3015 1776 3141 1831 illud
3162 1776 3443 1847 judicium.

1865 1857 1945 1912 Eo
1971 1901 1988 1925 ,
2019 1859 2189 1930 inquit
2219 1903 2234 1927 ,
2262 1864 2469 1932 respice
2499 1904 2515 1929 ,
2559 1876 2613 1918 et
2652 1880 2760 1920 non
2802 1868 2942 1920 feres
2987 1866 3448 1921 condcnmationis

1863 1950 2182 2002 sententiam
2203 1988 2218 2008 .
2257 1965 2430 2019 neque
2476 1951 2611 2004 infra
2637 1968 2757 2006 cum
2781 1952 3057 2006 hominum
3085 1954 3236 2007 turba
3265 1954 3448 2007 consi-

1863 2046 1994 2100 stes,
2020 2036 2116 2091 sed
2142 2038 2493 2094 admiraberis
2517 2052 2571 2095 et
2590 2042 2910 2111 approbabis
2933 2042 3190 2112 judicium
3207 2046 3446 2101 caeleste.

1865 2129 2045 2196 Neque
2084 2140 2138 2184 tu
2176 2132 2319 2186 times
2359 2131 2563 2188 Deum?
2603 2135 2792 2203 inquit.
2835 2135 3023 2190 Vidisti
3052 2136 3446 2208 philosophiam

1863 2221 2118 2286 latronis,
2148 2223 2321 2278 vidisti
2348 2224 2674 2279 intellectum
2704 2266 2721 2288 ,
2751 2225 2927 2280 vidisti
2952 2224 3287 2282 doctrinam?
3314 2242 3448 2283 con-

1863 2310 2040 2368 festini
2094 2329 2125 2367 a
2177 2329 2336 2369 cruce
2385 2315 2451 2369 ad
2502 2316 2688 2373 caelum
2721 2316 2962 2371 tetendit.
2996 2315 3131 2372 Vide
3177 2318 3447 2387 quomodo

1861 2403 2205 2473 apostolicam
2225 2404 2394 2475 legem
2419 2405 2656 2476 impleat,
2684 2421 2783 2461 nec
2807 2421 2902 2462 sua
2931 2416 3132 2462 tantum
3154 2417 3324 2474 curet,
3348 2409 3446 2464 sed

1863 2496 2040 2548 omnia
2069 2495 2307 2571 faciatet
2337 2496 2602 2561 moliatur,
2632 2507 2686 2552 ut
2711 2498 2936 2553 alterum
2963 2499 3032 2554 ab
3057 2514 3240 2555 errore
3268 2503 3446 2556 exsol-

1864 2597 1950 2642 vat
1971 2597 2022 2641 et
2039 2588 2108 2642 ad
2138 2588 2412 2643 veritatem
2441 2588 2700 2645 traducat.
2728 2589 2861 2644 Cum
2883 2591 3026 2646 cnim
3057 2592 3315 2658 dixisset,
3339 2591 3450 2648 Ne-

1861 2695 1956 2748 que
1976 2690 2029 2732 tu
2059 2680 2204 2733 times
2224 2679 2429 2735 Deum?
2452 2681 2655 2737 addidit
2677 2701 2691 2737 :
2712 2683 2846 2747 Quia
2862 2683 2914 2737 in
2931 2683 3103 2737 eadem
3129 2684 3448 2741 damnatione

1866 2786 2052 2825 sumus
2082 2771 2235 2841 (Luc.
2267 2772 2358 2827 23.
2387 2773 2499 2843 40).
2541 2774 2831 2828 Considera
2855 2774 3251 2830 confessionem
3279 2775 3443 2832 abso.

1863 2864 2050 2918 ltttam.
2068 2865 2204 2932 Quid
2231 2874 2329 2929 est,
2361 2864 2424 2919 In
2448 2866 2622 2920 eadem
2653 2866 2980 2921 damnatione
3002 2870 3226 2923 sumus?
3257 2867 3313 2923 In
3344 2883 3443 2924 ea-

1861 2956 1984 3012 dem
2016 2997 2030 3022 ,
2066 2958 2268 3026 inquit,
2295 2973 2477 3027 poena;
2509 2975 2632 3014 nam
2682 2966 2737 3014 et
2781 2975 2878 3015 nos
2927 2961 2980 3016 in
3031 2976 3189 3016 cruce
3238 2977 3441 3018 sumus.

1861 3046 2004 3117 Ergo
2044 3062 2165 3102 cum
2194 3048 2340 3103 illum
2385 3050 2688 3120 opprobriis
2728 3053 2936 3122 appetis
2969 3095 2983 3120 ,
3027 3054 3252 3123 teipsum
3296 3056 3448 3126 prius

1859 3138 2112 3193 conviciis
2142 3139 2382 3194 incessis.
2403 3140 2859 3207 Quemadmodum
2893 3145 3049 3215 igitur
3096 3147 3172 3212 is,
3213 3147 3301 3218 qui
3328 3162 3450 3217 pec-

1859 3230 1995 3285 catis
2031 3230 2320 3286 obstrictus
2357 3234 2583 3287 alterum
2630 3234 2995 3301 condemnat,
3049 3252 3110 3292 se
3145 3248 3269 3292 ante
3296 3239 3445 3293 illum

1857 3322 2211 3379 condemnat:
2243 3323 2321 3378 sic
2371 3332 2425 3378 et
2476 3324 2520 3379 is
2567 3325 2656 3394 qui
2699 3326 2998 3381 calamitate
3047 3342 3263 3397 pressus
3290 3328 3445 3383 alteri

1856 3412 2212 3468 calamitatem
2239 3415 2529 3484 exprobrat
2543 3456 2558 3481 ,
2577 3416 2678 3470 sibi
2698 3416 2795 3486 ipsi
2819 3417 2966 3488 prius
2990 3434 3148 3488 quam
3168 3418 3323 3473 alteri
3341 3434 3434 3473 ca-

1857 3505 2146 3560 lamitatem
2169 3507 2474 3575 exprobrat.
2502 3505 2567 3562 In
2589 3508 2765 3562 cadent
2792 3551 2808 3574 ,
2856 3509 3027 3580 inquit
3051 3551 3067 3575 ,
3115 3511 3443 3566 damnatione

1852 3611 2061 3653 sumus.
2098 3599 2454 3668 Apostolicam
2480 3600 2578 3671 ipsi
2608 3600 2775 3671 legem
2799 3602 3118 3672 evangelica:
3142 3618 3436 3659 consonam

1855 3692 2078 3756 recitat;
2110 3690 2285 3746 Nolite
2296 3694 2535 3765 judicare
2557 3734 2574 3761 ,
2602 3705 2671 3753 ut
2693 3709 2791 3748 non
2812 3694 3116 3763 judicemini
3145 3695 3361 3766 (Matth.
3383 3696 3438 3754 7.

1856 3779 1934 3851 1).
1968 3781 2100 3844 Quia
2119 3783 2172 3837 in
2199 3784 2373 3838 eadem
2401 3784 2725 3837 damnatione
2753 3799 2956 3838 sumus.
3004 3785 3140 3852 Quid
3184 3786 3314 3841 facis
3338 3829 3354 3850 ,
3406 3804 3442 3844 ο

1853 3873 2028 3928 latro?
2055 3890 2177 3929 num
2220 3875 2383 3931 vestri
2432 3876 2741 3945 participem
2786 3875 2932 3930 illum
2964 3875 3093 3932 fat-is
3123 3919 3139 3945 ,
3171 3894 3293 3934 cum
3321 3880 3438 3946 ais,

1852 3966 1922 4022 In
1950 3967 2127 4022 cadent
2170 3966 2503 4023 damnatione
2542 3969 2766 4024 sumus?
2804 3969 3190 4043 Nequaquam,
3235 3975 3438 4044 inquit:

1850 4060 2065 4130 corrigo
2084 4060 2284 4115 dictum
2317 4076 2413 4131 per
2446 4076 2506 4116 ca
2532 4102 2547 4125 ,
2576 4076 2695 4131 qua:
2734 4078 2860 4117 mox
2891 4073 3216 4134 sequuntur:
3249 4066 3314 4121 Et
3343 4084 3439 4122 nos

1851 4153 2072 4224 quidem,
2104 4153 2285 4224 inqttit,
2313 4154 2455 4224 juste
2485 4153 2639 4224 digna
2665 4154 2799 4209 enim
2811 4156 2960 4226 factis
2985 4157 3252 4227 recipimus
3280 4156 3431 4227 (Luc.

1849 4247 1942 4303 25.
1970 4247 2084 4320 4i).
2116 4246 2194 4303 Nc
2219 4248 2360 4303 enim
2392 4247 2598 4314 audito,
2627 4249 2769 4319 quod
2791 4249 2925 4304 dixit
2952 4291 2967 4317 ,
2996 4247 3065 4304 In
3086 4252 3261 4306 eadem
3286 4251 3437 4305 dam-

1850 4341 2051 4394 natione
2074 4353 2277 4405 sumus,
2300 4350 2533 4411 putares,
2556 4341 2698 4411 quod
2725 4340 2991 4397 Christum
3019 4343 3279 4399 scelerum
3310 4360 3436 4414 par-

1856 4430 2075 4502 ticipem
2119 4431 2366 4499 fecisset;
2400 4432 2520 4487 ideo
2545 4434 2781 4502 seipsum
2807 4433 2956 4504 quasi
2987 4435 3263 4505 corrigens
3284 4435 3435 4503 adje—

1848 4517 1921 4572 cit
1951 4534 1965 4570 :
2013 4514 2068 4569 Ν
2070 4532 2126 4570 os
2165 4516 2367 4585 quidem
2388 4525 2530 4588 Iuste
2547 4534 2566 4572 :
2593 4534 2713 4571 nam
2746 4517 2903 4588 digna
2947 4518 3092 4589 factis
3137 4519 3431 4587 recipimus.

1847 4605 2011 4663 Vides
2034 4606 2427 4664 confessionem
2456 4608 2752 4679 perfectam
2789 4609 2842 4664 in
2885 4609 3086 4665 cruce?
3122 4610 3272 4666 vides
3300 4627 3435 4682 quo-

1846 4700 2009 4756 modo
2034 4701 2116 4757 his
2136 4702 2312 4757 verbis
2344 4710 2560 4773 peccata
2598 4719 2695 4759 sua
2724 4703 2952 4759 eluerit?
2980 4703 3133 4759 vides
3161 4705 3432 4775 quomodo

1846 4793 2214 4864 propheticum
2263 4793 2394 4848 illud
2427 4794 2690 4849 monitum
2736 4795 3072 4864 impleverit:
3105 4793 3202 4849 Dic
3238 4796 3434 4865 primus

1847 4892 1958 4938 tuas
1981 4884 2267 4955 iniquitates
2290 4923 2307 4949 ,
2334 4892 2388 4937 ut
2407 4884 2704 4953 justiﬁeeris
2736 4885 2755 4957 (
2785 4882 2910 4938 leui.
2944 4885 3035 4940 43.
3061 4885 3132 4940 26
3161 4886 3227 4956 )?
3253 4885 3423 4942 Nemo

1846 4974 1993 5029 illum
2018 4975 2211 5044 coegit,
2239 4988 2401 5028 nemo
2429 4973 2735 5040 accusavit,
2776 4989 2938 5029 nemo
2962 4975 3187 5030 institit:
3213 4977 3325 5045 ipse
3346 4977 3427 5031 sui

1843 5067 2011 5137 ipsius
2042 5067 2099 5121 tlt
2127 5075 2436 5122 accusator:
2471 5081 2572 5135 qua
2604 5065 2673 5121 de
2698 5080 2860 5121 causa
2890 5066 2943 5122 in
2987 5077 3258 5138 posterum
3281 5068 3427 5122 omni

1842 5171 2151 5216 accusatore
2174 5161 2368 5216 caruit.
2406 5162 2760 5216 Antevertens
2781 5160 2922 5215 enim
2949 5170 3126 5231 partes
3146 5168 3426 5213 accusato-

1841 5253 1917 5308 ris
1940 5253 2041 5307 sibi
2072 5252 2318 5321 sumpsit,
2345 5262 2402 5308 et
2428 5253 2687 5322 seipsum,
2718 5252 2841 5323 quis
2869 5262 3030 5315 esset,
3061 5250 3268 5320 publice
3297 5263 3427 5320 pro-

1839 5344 1972 5399 didit
1998 5343 2081 5398 liis
2109 5343 2287 5398 verbis
2306 5342 2417 5397 Nos
2430 5346 2573 5414 justo
2588 5361 2607 5408 ;
2633 5359 2750 5397 nam
2778 5343 2931 5413 digna
2957 5343 3106 5412 factis
3134 5341 3432 5411 recipimus:

1839 5437 1920 5490 hic
1945 5451 2060 5489 vero
2090 5435 2220 5489 nihil
2239 5436 2361 5489 mali
2384 5436 2501 5506 egit.
2531 5435 2692 5490 Vides
2723 5433 3077 5488 reverentiam
3102 5432 3257 5502 longe
3285 5433 3421 5487 late-

1836 5542 1942 5596 que
1979 5525 2264 5581 ditfusam?
2305 5524 2531 5593 Quando
2572 5525 2806 5593 seipsum
2847 5532 3121 5579 accusarat
3146 5563 3163 5588 ,
3210 5522 3427 5591 quando

1836 5637 2031 5678 arcana
2057 5620 2289 5691 pectoris
2304 5620 2386 5675 sui
2413 5617 3060 5688 exprompserat,quando
3078 5632 3174 5687 pro
3199 5616 3423 5671 Domino

1838 5712 2205 5772 defensionem
2252 5710 2587 5767 instituerat:
2620 5708 2732 5763 Nos
2765 5708 2965 5781 quidem
2997 5707 3138 5780 iuste
3163 5751 3180 5778 ,
3205 5707 3286 5762 hic
3309 5723 3423 5763 vero
