3906 6224
492 329 596 385 425

490 441 620 496 nihil
647 441 770 494 mali
797 440 933 514 egit.
979 446 1103 493 tunc
1137 446 1194 492 et
1219 437 1658 507 supplicationem
1686 436 1878 492 offerre
1907 449 2068 490 ausus

492 531 590 587 fuit
619 533 700 586 his
717 532 891 586 verbis
916 549 928 583 :
957 531 1207 584 Hensento
1237 529 1353 593 mei,
1385 527 1632 590 Domine.
1671 545 1786 581 cum
1807 529 1997 582 oenm's
2019 527 2073 581 in

491 639 700 694 regnum
741 633 898 674 tuum.
927 620 1041 674 Non
1070 635 1230 674 ausus
1262 619 1358 672 fuit
1388 619 1532 688 prius
1566 618 1774 683 dicere,
1820 616 2073 671 Memento

491 718 591 770 mei
621 757 635 780 ,
667 715 1009 785 quoadusque
1037 729 1130 782 per
1169 711 1559 767 confessionem
1599 725 1718 766 sese
1762 725 1791 762 a
1830 710 2074 764 sordibus

493 815 824 875 peccatorum
849 820 911 858 ex
918 806 1153 873 purgavit
1175 820 1188 868 ;
1207 802 1554 872 quoadusque
1573 802 1805 870 scipsum
1824 801 2076 855 condem-

493 911 656 963 nans,
672 897 874 963 justum
917 906 972 950 et
1022 896 1358 950 innocentem
1384 894 1589 960 effecit;
1617 895 1960 964 quoadusque
1982 905 2076 962 per

493 990 886 1043 accusationem
914 989 1114 1042 scelera
1145 987 1411 1056 deposuit.

563 1078 820 1150 Confessio
849 1078 1452 1150 peccatorum—Vides
1471 1087 1725 1147 quantum
1755 1079 1922 1149 possit
1947 1091 2076 1132 con-

491 1171 654 1226 fessio
683 1173 842 1226 etiam
874 1173 925 1225 in
949 1172 1063 1241 ipsa
1089 1170 1285 1226 cruce?
1311 1171 1435 1224 Haec
1461 1170 1682 1224 audiens
1709 1211 1722 1235 ,
1753 1171 2026 1223 carissime
2055 1209 2071 1232 ,

491 1279 562 1318 ne
584 1264 836 1333 desperes
867 1267 1128 1334 teipsum:
1158 1264 1252 1318 sed
1290 1263 1548 1317 inﬁnitam
1575 1263 1915 1333 benignitatis
1937 1261 2070 1316 divi-

491 1370 576 1409 na:
595 1356 1016 1426 magnitudinem
1041 1365 1212 1410 tecum
1231 1363 1500 1424 reputans,
1529 1369 1782 1424 properes
1798 1354 1864 1407 ad
1891 1369 2075 1408 emen-

493 1447 759 1502 dationem
803 1457 1164 1516 peccatorum.
1211 1446 1268 1501 Si
1314 1447 1458 1500 enim
1507 1446 1770 1499 latronem
1821 1445 1872 1497 in
1915 1459 2074 1498 cruce

494 1547 640 1591 tanto
669 1541 869 1591 honore
885 1537 1130 1607 dignatus
1156 1545 1258 1601 est,
1288 1537 1454 1590 multo
1480 1536 1646 1605 magis
1674 1551 1774 1590 nos
1799 1535 1954 1588 insita
1979 1548 2072 1586 sua

492 1628 817 1698 benignitate
860 1629 1166 1698 dignabitur
1196 1668 1212 1695 ,
1261 1629 1307 1684 si
1357 1629 1681 1682 voluerimus
1735 1636 2072 1696 peccatorum

492 1721 879 1774 confessionem
911 1721 1207 1774 instituere.
1241 1719 1311 1774 Ut
1357 1720 1516 1789 igitur
1540 1730 1594 1774 et
1619 1733 1717 1772 nos
1748 1717 2074 1786 benignitate

493 1811 634 1864 illius
662 1812 995 1881 perfruamur
1016 1851 1032 1878 ,
1067 1820 1280 1881 peccata
1304 1813 1516 1881 propria
1552 1811 1794 1864 confiteri
1841 1825 1907 1864 ne
1947 1824 2073 1864 eru-

493 1901 806 1956 bescamus:
839 1918 1024 1970 magna
1054 1904 1196 1956 enim
1223 1903 1576 1956 eonﬁassionis
1603 1903 1684 1954 vis
1709 1911 1811 1965 est,
1831 1908 1887 1955 et
1911 1900 2072 1954 multa

493 1993 608 2060 ejus
643 1993 895 2060 potentia.
926 1993 1063 2044 Ecce
1092 1995 1302 2044 enimet
1329 1993 1429 2044 iste
1453 1991 1728 2045 confessus
1756 2000 1836 2041 cst
1860 2035 1873 2052 ,
1906 1997 1959 2040 et
1983 2004 2072 2056 pa-

494 2081 728 2136 radisum
755 2080 957 2151 reperit
981 2089 1224 2148 apertum
1250 2097 1263 2132 :
1295 2077 1567 2132 confessus
1595 2087 1675 2131 est
1703 2118 1717 2142 ,
1748 2077 2074 2131 libertatem-

491 2185 597 2241 que
639 2171 887 2241 loquendi
926 2186 990 2223 ac
1029 2185 1248 2240 regnum
1283 2169 1497 2238 petendi
1525 2168 1748 2237 adeptus
1779 2179 1860 2222 est
1898 2169 1942 2222 is
1982 2169 2072 2238 qui

493 2264 632 2316 latro
662 2263 848 2318 fuerat.
890 2263 970 2317 Ad
1019 2262 1069 2316 id
1112 2263 1254 2315 enim
1295 2277 1463 2331 usque
1503 2270 1713 2330 tempus
1740 2276 1849 2315 non
1891 2261 2074 2330 petivit

493 2370 711 2424 regnum
738 2353 1010 2408 caelorum.
1040 2353 1192 2408 Unde
1221 2395 1236 2420 ,
1266 2353 1352 2408 dic
1373 2353 1520 2418 mihi,
1546 2369 1578 2406 ο
1604 2353 1739 2407 latro
1769 2395 1784 2419 ,
1818 2353 1966 2422 regni
1991 2369 2074 2408 re-

491 2444 741 2498 cordatus
762 2460 819 2498 es
839 2445 863 2496 ?
891 2443 1018 2513 quid
1033 2445 1147 2512 ejus
1170 2443 1343 2498 simile
1359 2459 1500 2498 nunc
1516 2444 1729 2498 vidisti?
1756 2443 1885 2511 Quae
1901 2444 2072 2511 vides,

491 2538 626 2590 clavi
667 2545 790 2591 sunt
832 2545 886 2591 et
918 2552 1050 2590 crux
1097 2545 1151 2591 et
1196 2537 1562 2590 accusationes
1607 2545 1674 2601 et
1703 2546 1993 2590 seommata
2019 2545 2074 2590 et

491 2629 749 2683 c0nvicia.
787 2628 978 2697 Utique
1005 2669 1021 2694 ,
1053 2629 1253 2698 inquit:
1288 2643 1407 2681 nam
1449 2628 1562 2697 ipsa
1597 2641 1727 2682 crux
1762 2627 1914 2697 regni
1942 2627 2072 2682 mihi

491 2721 700 2778 videtur
720 2721 1016 2792 symbolum
1031 2736 1168 2775 esse.
1194 2721 1481 2789 Propterea
1507 2721 1674 2790 ipsmn
1691 2720 1890 2789 Regem
1915 2735 2071 2788 voco,

493 2812 613 2880 quia
664 2813 832 2880 ipsmn
862 2810 1016 2865 video
1043 2811 1350 2864 cruciﬁxum
1381 2830 1395 2864 :
1425 2812 1564 2880 regis
1609 2811 1750 2864 enim
1795 2819 1877 2865 est
1908 2851 1924 2876 ,
1974 2825 2073 2880 pro

493 2902 716 2957 subditis
766 2901 918 2956 mori.
975 2901 1202 2971 lpsemct
1231 2901 1391 2955 dixit:
1423 2900 1596 2954 Bonus
1640 2910 1813 2969 pastor
1852 2902 2073 2954 animam

491 3007 633 3045 suam
662 2993 801 3061 ponit
829 3008 918 3061 pro
943 2992 1113 3044 ovibus
1147 2989 1332 3062 (Joan.
1360 2989 1445 3044 10.
1476 2991 1537 3044 li
1561 2990 1602 3060 ).
1631 2989 1791 3059 Igitur
1817 3000 1871 3045 et
1900 2989 2072 3046 bonus

492 3100 587 3138 rex
616 3088 844 3138 animam
873 3100 1020 3138 suam
1048 3085 1196 3154 ponit
1221 3099 1316 3153 pro
1345 3083 1588 3138 subditis.
1625 3080 1758 3137 Cum
1795 3096 1924 3151 ergo
1951 3083 2071 3136 ani-

492 3191 633 3229 mam
690 3189 838 3228 suam
893 3175 1165 3243 posuerit,
1215 3185 1498 3245 eapmpler
1564 3173 1762 3242 Regem
1832 3173 2071 3228 nomino.

496 3263 746 3318 Memento
768 3265 882 3329 mei,
903 3263 1137 3331 Domine,
1169 3281 1284 3318 cum
1311 3264 1501 3318 ueneris
1526 3265 1578 3318 in
1606 3281 1812 3334 regnum
1837 3272 1998 3318 tuum.

563 3356 616 3408 4.
649 3355 737 3408 Vis
751 3355 957 3410 discere
975 3356 1244 3425 quomodo
1267 3371 1398 3410 crux
1423 3355 1495 3409 sit
1518 3355 1666 3423 regni
1698 3364 1822 3408 nota
1843 3363 1895 3408 et
1923 3370 2072 3425 sym-

491 3450 667 3504 bolum
695 3459 746 3504 et
770 3465 927 3519 quam
953 3451 1144 3521 inclyta
1173 3464 1258 3504 res
1282 3449 1391 3504 sit?
1420 3449 1536 3502 Non
1567 3449 1782 3517 reliquit
1807 3447 1974 3517 ipsam
2007 3449 2059 3502 in

493 3551 655 3603 terra,
680 3541 772 3595 sed
789 3540 939 3595 duxit
957 3556 1073 3594 eam
1099 3541 1150 3594 in
1170 3539 1378 3594 malum.
1399 3539 1551 3595 Unde
1577 3537 1678 3593 hoc
1698 3539 1860 3608 liquet
1884 3539 1906 3592 ἲ
1932 3538 2072 3594 Cum

491 3629 608 3698 ipso
633 3639 851 3683 ventura
881 3638 965 3683 est
984 3631 1036 3683 in
1068 3629 1302 3683 secundo
1330 3629 1447 3698 ejus
1474 3638 1528 3684 et
1554 3629 1787 3698 glorioso
1816 3627 2068 3684 adventu.

492 3720 600 3775 Sed
643 3718 916 3774 videamus
956 3718 1168 3787 quando
1196 3733 1317 3771 eum
1358 3717 1476 3786 ipso
1532 3717 1601 3771 sit
1647 3728 1891 3772 ventura.
1931 3718 2072 3774 Audi

492 3809 666 3878 ipsum
692 3807 958 3863 Christum
989 3807 1257 3863 dicentem
1286 3823 1301 3861 :
1327 3806 1387 3860 Si
1411 3806 1628 3859 dixerint
1650 3807 1808 3874 vobis,
1855 3806 1989 3860 Ecce
2019 3807 2073 3861 in

493 3899 828 3971 penetralibus
855 3908 926 3953 est
953 3898 1201 3964 Christus,
1231 3914 1344 3952 ecce
1371 3897 1427 3951 in
1463 3897 1736 3954 solitudine
1755 3938 1771 3963 ,
1801 3913 1864 3952 ne
1887 3898 2074 3952 exectis

495 4002 512 4062 (
541 3991 727 4046 Hatth.
758 3991 846 4047 24.
871 3992 941 4046 26
966 3990 1008 4061 ).
1044 3992 1119 4046 De
1144 3990 1379 4046 secundo
1403 4005 1499 4045 suo
1521 3989 1752 4045 adventu
1778 3991 1891 4046 haec
1914 3991 2070 4058 dicit,

492 4093 711 4153 propter
737 4082 898 4137 falsos
921 4082 1182 4147 Christus,
1208 4091 1263 4136 et
1285 4089 1500 4150 propter
1528 4079 2022 4150 pseud0prophetas
2051 4121 2069 4148 ,

493 4185 550 4231 et
575 4185 794 4245 propter
830 4173 1213 4229 Antichristum
1232 4213 1249 4240 ,
1273 4187 1343 4228 ne
1367 4171 1488 4242 quis
1514 4172 1908 4228 circumventus
1931 4173 1983 4226 in
2004 4171 2073 4225 il-

493 4267 604 4321 lum
653 4265 868 4321 incidat.
907 4265 1040 4320 Cum
1069 4265 1211 4320 enim
1253 4262 1611 4318 Antichristus
1639 4271 1763 4318 ante
1804 4260 2074 4316 Christum

492 4370 745 4416 venturus
773 4359 860 4424 sit,
883 4357 980 4425 Ne,
1004 4357 1204 4427 inquit,
1235 4365 1502 4426 pastorem
1529 4364 1831 4424 quaerentes
1869 4354 2072 4408 incida-

495 4454 565 4508 tis
589 4452 645 4508 in
670 4452 849 4521 lupum
870 4491 886 4516 ,
919 4450 986 4504 ob
1013 4448 1066 4503 id
1099 4447 1284 4504 indico
1323 4445 1476 4502 vobis
1503 4455 1709 4501 certum
1739 4444 1990 4500 indicium
2019 4452 2074 4499 et

493 4551 860 4614 argumentum
901 4539 1132 4610 pastoris
1183 4537 1461 4609 praesentis
1502 4536 1703 4606 :cujus
1745 4535 1948 4606 primus
1973 4533 2072 4588 ad—

494 4644 687 4689 ventus
723 4633 847 4687 licet
879 4630 1119 4685 occultus
1146 4629 1334 4693 fuerit;
1366 4643 1433 4683 ne
1458 4635 1634 4681 tamen
1659 4625 1976 4680 existimetis
2002 4632 2074 4680 ta-

496 4726 600 4780 lem
642 4724 800 4779 etiam
830 4721 944 4778 fore
971 4719 1283 4775 secundum.
1313 4718 1446 4774 Nam
1481 4719 1570 4773 ille
1603 4717 1794 4772 merito
1837 4716 2074 4772 occultus

496 4815 593 4871 fuit
616 4833 630 4869 :
661 4815 808 4870 venit
831 4814 972 4870 enim
994 4825 1238 4882 quaerere
1255 4810 1396 4881 quod
1414 4810 1677 4880 perierat;
1709 4809 1810 4863 iste
1825 4822 1954 4864 vero
1966 4823 2073 4864 non

497 4911 568 4964 ita
597 4907 728 4974 erit,
754 4916 809 4961 at
831 4903 1138 4976 quomodo?
1166 4903 1256 4960 dic
1278 4912 1333 4959 et
1361 4902 1510 4958 doce.
1543 4902 1710 4968 Sicut,
1740 4901 1942 4970 inquit,
1971 4903 2074 4956 exit

497 5003 672 5073 fulgur
694 4999 755 5053 ab
785 4998 987 5052 Oriente
1020 5008 1066 5052 et
1095 5007 1306 5069 apparet
1343 5013 1497 5065 usque
1523 4997 1576 5049 in
1606 4995 1960 5049 Occidentem:
2002 4995 2076 5048 ita

491 5096 587 5150 erit
627 5103 678 5149 et
715 5092 956 5146 adventus
980 5088 1104 5145 Filii
1123 5090 1338 5144 hominis
1371 5088 1531 5162 (Ibid.
1573 5105 1620 5143 υ.
1651 5087 1766 5158 27).
1811 5086 2076 5157 Derepen-

499 5199 549 5244 te
575 5188 822 5243 omnibus
851 5185 1164 5255 apparebit:
1193 5199 1298 5238 non
1317 5197 1537 5237 necesse
1560 5183 1684 5248 erit,
1713 5189 1770 5236 ut
1794 5182 2073 5251 quisquam

498 5281 808 5349 interroget.
844 5273 1302 5344 Quemadmodum
1346 5273 1490 5327 enim
1534 5271 1676 5327 facto
1721 5271 1925 5342 fulgure
1967 5287 2073 5326 non

497 5385 634 5440 opus
653 5369 908 5424 habemus
937 5367 1227 5437 inquirere,
1257 5378 1382 5418 num
1403 5363 1576 5432 fulgur
1604 5363 1902 5417 exstiterit:
1932 5362 2001 5415 ita
2023 5363 2075 5417 in

499 5461 732 5517 secundo
760 5459 852 5513 illo
868 5457 1098 5513 adventu
1124 5467 1344 5511 necesse
1370 5468 1477 5506 non
1511 5453 1614 5507 erit
1640 5466 1880 5521 quaerere
1901 5491 1917 5516 ,
1948 5467 2074 5506 num

497 5552 744 5610 Christus
772 5551 998 5607 venerit.
1026 5550 1095 5604 At
1121 5563 1250 5604 vero
1292 5544 1518 5601 necdum
1550 5544 1602 5598 id
1627 5543 1768 5614 quod
1797 5544 2076 5614 quaereba-

500 5654 587 5699 tur
609 5685 626 5711 ,
654 5643 886 5700 diximus
903 5684 920 5710 ,
941 5656 1069 5697 num
1096 5641 1343 5695 videlicet
1373 5653 1494 5694 cum
1524 5651 1684 5692 cruce
1701 5641 1772 5691 sit
1801 5646 2072 5693 venturus.

506 5735 642 5793 Audi
694 5735 853 5807 igitur
880 5777 895 5800 ,
949 5730 1214 5804 quomodo
1261 5741 1316 5787 et
1363 5730 1463 5786 hoc
1503 5729 1781 5795 manifeste
1825 5729 2070 5799 explicet.

1213 331 1270 388 S.
1310 325 1586 387 JOANNIS
1621 316 2096 382 CHRYSOSTOMI
2134 317 2456 376 ARCHIEP.
2495 320 3037 377 CONSTANTINOP.

3676 323 3778 382 ιιι

2185 432 2346 498 Tunc,
2380 434 2568 504 inquit,
2603 437 2702 490 hoc
2723 444 2840 501 est,
2865 450 2987 492 cum
3015 451 3242 504 venero,
3265 439 3344 491 sol
3370 439 3745 496 obscurabittsr
3765 479 3784 504 ,

2180 535 2226 579 et
2241 526 2363 579 luna
2388 542 2487 579 non
2511 525 2648 580 dabit
2675 528 2843 581 lumen
2869 544 3018 582 suum
3066 529 3085 598 (
3111 529 3296 581 Matth.
3323 527 3415 583 2i.
3447 529 3574 601 29).
3609 531 3784 587 Tanta

2178 617 2320 671 enim
2349 626 2474 670 tunc
2496 617 2597 670 erit
2626 617 2756 671 lucis
2769 619 2921 688 copia
2943 661 2960 683 ,
2989 627 3048 672 ut
3076 621 3235 674 etiam
3264 621 3610 675 lucidissima
3643 625 3790 679 side-

2176 721 2234 760 ra
2260 706 2796 763 sintabscondenda:
2831 708 2968 762 Nam
2999 719 3044 763 et
3069 711 3228 765 stella:
3255 753 3270 777 ,
3296 712 3468 782 inquit
3493 756 3507 778 ,
3547 716 3746 768 cadent
3771 758 3788 783 ,

2176 806 2226 851 et
2252 797 2324 850 sic
2364 798 2562 868 signum
2615 798 2739 852 Filii
2778 800 2995 854 hominis
3041 804 3303 871 apparebit
3340 805 3391 856 in
3430 807 3592 859 celo.
3629 807 3788 863 Vides

2177 899 2371 958 quanta
2395 891 2464 944 sit
2487 891 2799 946 excellenlia
2835 892 2994 962 hujus
3033 894 3200 961 signi,
3249 905 3444 962 quanta
3497 896 3739 951 claritas
3763 941 3779 965 ,

2177 990 2404 1048 quantus
2432 981 2645 1050 fulgor?
2673 982 2762 1037 Sol
2791 983 3170 1038 obteuebratur
3190 1027 3206 1050 ,
3233 995 3288 1039 et
3308 985 3429 1039 luna
3463 1003 3580 1042 non
3602 990 3786 1058 splen

2177 1067 2293 1132 det,
2319 1078 2458 1123 astra
2485 1070 2716 1126 cadunt:
2742 1072 2870 1126 illud
2903 1089 3028 1128 vero
3047 1074 3217 1127 solum
3243 1085 3488 1144 apparet,
3514 1088 3582 1131 ut
3617 1079 3785 1133 intel-

2178 1158 2308 1229 ligas
2333 1159 2461 1214 illud
2485 1170 2539 1216 et
2561 1164 2681 1217 luna
2710 1164 3059 1231 Splendidius,
3100 1166 3283 1219 etsole
3309 1168 3610 1237 fulgentius
3641 1186 3784 1227 esse.

2175 1252 2634 1318 Quemadmodum
2675 1257 2816 1312 enim
2882 1273 3008 1328 rege
3083 1257 3412 1328 ingrediente
3443 1301 3460 1327 ,
3503 1265 3787 1319 exercitus

2177 1355 2475 1413 praeeuntes
2504 1347 2654 1416 signa
2697 1349 2932 1403 humeris
2952 1349 3127 1403 ferunt
3147 1389 3162 1414 ,
3189 1353 3437 1421 regisque
3465 1354 3784 1424 ingressum

2175 1436 2524 1490 annuntiant:
2559 1439 2638 1492 sic
2674 1446 2728 1492 et
2773 1438 3002 1493 Domino
3027 1441 3202 1494 omnis
3230 1451 3495 1497 creatura:
3523 1444 3602 1498 de
3637 1446 3786 1501 caelis

2177 1529 2535 1586 descendente
2567 1574 2582 1597 ,
2609 1537 2874 1588 exercitus
2898 1537 3210 1605 angelorum
3239 1549 3293 1592 et
3321 1539 3788 1608 archangelornm

2176 1620 2384 1688 signum
2411 1621 2538 1675 illud
2566 1621 2783 1690 ferunt,
2839 1636 2893 1679 et
2919 1626 3124 1695 regium
3150 1627 3449 1699 ingressum
3475 1629 3645 1684 nobis
3681 1645 3785 1684 an-

2177 1712 2437 1766 nuntiant.
2463 1712 2627 1779 Tunc,
2660 1716 2850 1786 inquit,
2879 1727 2926 1772 et
2964 1717 3179 1774 Virtutes
3210 1724 3452 1775 cwlorum
3487 1739 3789 1776 commove-

2177 1799 2361 1854 buntur
2393 1801 2576 1874 (Ibid.)
2603 1846 2618 1870 ,
2651 1807 2870 1876 angelos
2895 1817 2950 1862 et
2978 1811 3325 1880 archangelos
3355 1822 3410 1866 et
3434 1827 3641 1868 omnes
3659 1813 3783 1866 illas

2177 1890 2584 1961 inaspectabiles
2629 1895 2926 1953 Potestates
2975 1900 3326 1970 intelligens:
3368 1910 3581 1957 tremor
3633 1905 3781 1957 enim

2179 1981 2299 2035 illos
2321 1984 2691 2052 apprehendet
2728 1988 3034 2058 multusque
3063 1991 3225 2044 timor
3252 1999 3308 2045 et
3333 1991 3548 2046 horror.
3587 1993 3662 2046 At
3686 2007 3780 2048 cu-

2171 2070 2259 2136 jus
2288 2075 2477 2137 gratia,
2509 2075 2614 2140 die,
2645 2093 2848 2145 quaeso,
2885 2079 3123 2135 Virtutes
3139 2083 3299 2136 etiam
3322 2084 3427 2137 illa:
3455 2085 3774 2152 percellim-

2179 2161 2300 2212 tur?
2321 2160 2530 2216 Merito.
2556 2165 2816 2220 Terribile
2840 2169 2946 2223 erit
2989 2171 3117 2224 illud
3145 2173 3395 2238 tribunal,
3415 2173 3484 2227 de
3512 2175 3768 2230 universa

2175 2249 2449 2306 hominum
2476 2262 2661 2310 natura
2689 2264 2814 2311 tunc
2828 2258 3240 2328 judicabitur,et
3261 2264 3522 2318 rationem
3543 2266 3636 2319 illa
3651 2267 3769 2320 red-

2175 2339 2286 2408 det,
2317 2351 2372 2396 et
2409 2345 2632 2400 terribili
2675 2349 2926 2404 tribunali
2955 2351 3196 2406 adsistet.
3226 2351 3335 2408 Cur
3372 2365 3555 2410 autem
3585 2359 3762 2427 angeli

2175 2441 2302 2489 tunc
2328 2443 2584 2500 tremunt,
2609 2448 2662 2493 et
2688 2440 3019 2511 incorporea:
3044 2445 3148 2498 ill-.2
3173 2443 3412 2501 Virtutes
3443 2446 3761 2502 formidant?

2176 2540 2354 2596 neque
2381 2529 2524 2583 enim
2555 2529 2623 2586 de
2650 2531 2754 2587 illis
2778 2533 3118 2602 judicabitur.
3139 2536 3604 2604 Quemadmodum
3621 2542 3762 2610 judi-

2176 2634 2240 2674 ce
2268 2631 2524 2678 nocentes
2543 2625 2933 2683 cundemnante
2953 2670 2969 2696 ,
3010 2638 3065 2683 et
3099 2631 3152 2684 in
3173 2631 3311 2686 solio
3337 2634 3556 2688 excelso
3582 2635 3761 2690 consi-

2175 2711 2356 2781 dente,
2382 2731 2487 2770 non
2518 2717 2690 2771 solum
2717 2728 2926 2786 sontes,
2951 2721 3045 2775 sed
3065 2733 3118 2777 et
3143 2722 3232 2792 qui
3259 2738 3326 2778 ex
3355 2725 3548 2780 eodem
3577 2727 3762 2781 ordine

2174 2807 2560 2872 circumstant,
2582 2824 2683 2864 nec
2703 2811 3012 2880 cujusquam
3042 2813 3166 2867 mali
3214 2815 3316 2870 sibi
3370 2818 3570 2871 conscii
3599 2828 3720 2871 sunt
3741 2860 3755 2881 ,

2175 2897 2522 2954 nihilominus
2546 2901 2734 2956 timent
2760 2910 2816 2956 et
2859 2901 3180 2958 horrescunt
3217 2905 3502 2960 formidine
3522 2906 3747 2974 judieis:

2175 2986 2248 3041 ita
2275 2996 2329 3042 et
2341 2997 2484 3053 tunc,
2515 3003 2637 3044 cum
2667 2990 2736 3046 de
2765 3001 2955 3045 natura
2972 2992 3318 3061 judicabitur,
3343 3006 3399 3049 et
3424 2997 3659 3050 rationes
3687 2997 3752 3049 oh

2170 3081 2459 3137 commissa
2485 3082 2690 3151 piacula
2718 3093 3067 3153 reposcentur
3094 3125 3110 3150 ,
3162 3087 3322 3141 etiam
3348 3087 3422 3141 illi
3455 3128 3471 3154 ,
3501 3089 3593 3158 qui
3629 3087 3754 3143 nihil

2175 3173 2276 3228 sibi
2305 3174 2584 3228 consciunt
2607 3175 2816 3246 angeli,
2848 3185 2905 3232 et
2932 3179 3150 3250 reliqua:
3183 3181 3417 3235 Virtutes
3442 3191 3690 3236 metuunt
3705 3189 3755 3236 et

2175 3270 2409 3318 tremunt
2442 3273 2660 3334 propter
2695 3267 2868 3322 minas
2904 3267 3126 3330 Iudicis.
3168 3271 3233 3325 Et
3275 3271 3376 3324 hoc
3402 3273 3619 3342 quidem
3645 3273 3749 3341 jam

2176 3352 2568 3408 intelleximus:
2613 3355 2764 3424 cujus
2786 3371 2912 3410 vero
2938 3358 3106 3427 gratia
3135 3359 3212 3428 (a)
3229 3401 3243 3425 ,
3273 3368 3328 3413 et
3345 3376 3514 3429 quare
3540 3377 3747 3415 crucem

2176 3443 2379 3500 habens
2407 3455 2664 3501 venturus
2689 3448 2809 3502 est?
2849 3448 3006 3504 Disce
3030 3456 3086 3503 et
3119 3447 3279 3519 hujus
3311 3451 3388 3504 rei
3420 3466 3656 3505 causam.
3688 3451 3750 3505 lit

2175 3537 2318 3592 enim
2341 3553 2406 3592 ex
2435 3538 2565 3608 ipsis
2594 3539 2848 3608 operibus
2877 3540 2954 3594 illi
2977 3581 2991 3603 ,
3039 3541 3129 3610 qui
3173 3557 3297 3597 eum
3328 3544 3704 3598 erucifixcrunt
3733 3585 3747 3608 ,

2183 3630 2457 3699 propriam
2476 3630 2835 3700 insipientiam
2862 3642 3216 3700 cognoscant,
3244 3633 3412 3702 ipsam
3442 3634 3548 3688 illis
3573 3645 3749 3689 osten-

2176 3719 2254 3776 dit
2272 3735 2506 3788 crucem,
2537 3737 2640 3791 qua
2669 3737 2855 3776 eorum
2884 3722 3235 3792 redarguatur
3260 3724 3487 3778 insania.
3515 3723 3584 3778 Et
3605 3734 3656 3777 ut
3676 3727 3747 3777 in.

2176 3814 2386 3883 telligas
2417 3855 2431 3878 ,
2467 3829 2588 3868 eum
2617 3823 2902 3886 propterea
2925 3829 3140 3870 crucem
3176 3815 3331 3870 ferre
3354 3857 3370 3881 ,
3403 3825 3460 3870 ut
3487 3817 3606 3870 illos
3629 3831 3747 3870 con-

2178 3903 2365 3959 fundat
2413 3913 2468 3960 et
2505 3905 2782 3974 increpet;
2827 3906 2955 3960 audi
3007 3907 3385 3976 evangelistam
3444 3907 3745 3962 dicentem:

2176 3993 2320 4049 Tunc
2347 3996 2608 4065 apparebit
2645 3997 2842 4067 signum
2873 3995 3000 4052 Filii
3029 3998 3246 4050 hominis
3263 4038 3276 4062 ,
3309 4009 3354 4052 et
3382 3998 3618 4069 plangent
3645 4015 3746 4052 om-

2175 4100 2264 4140 nes
2298 4085 2454 4139 tribus
2493 4095 2639 4140 teme
2680 4084 2837 4158 (Ibid.
2878 4101 2927 4142 υ.
2958 4083 3072 4158 30),
3105 4086 3345 4141 videntes
3371 4096 3745 4150 accusatorem.

2177 4183 2235 4230 et
2258 4184 2608 4246 agnoscentes
2654 4185 2931 4245 peccatum
2981 4191 3156 4232 suum.
3208 4177 3276 4232 Et
3323 4176 3448 4246 quid
3498 4177 3741 4240 miraris,

2175 4265 2318 4335 quod
2361 4279 2575 4320 crucem
2605 4264 2783 4320 ferens
2814 4266 3028 4320 veniat?
3071 4267 3186 4337 ipsa
3213 4266 3432 4322 vulnera
3457 4281 3638 4322 secum
3667 4265 3745 4321 fe-

2176 4372 2302 4415 rens
2321 4359 2516 4414 veniet.
2555 4357 2623 4412 Et
2649 4357 2916 4413 undenam
2947 4357 3114 4429 liquet
3139 4374 3261 4414 eum
3302 4375 3395 4414 sua
3418 4359 3636 4414 vulnera
3663 4374 3745 4413 se-

2177 4463 2298 4505 cum
2336 4447 2596 4505 ferentem
2641 4456 2922 4504 venturum
2973 4462 3092 4504 esse
3122 4448 3288 4505 ?Audi
3333 4449 3638 4519 prophetam
3672 4448 3744 4501 di-

2175 4549 2421 4596 centem:
2457 4540 2700 4595 Videbunt
2727 4540 2779 4594 in
2809 4556 2954 4610 quem
2973 4540 3292 4609 conﬁurunt
3312 4539 3494 4609 (Zaeh.
3525 4539 3611 4593 12.
3642 4538 3741 4608 l0).

2170 4632 2324 4689 Sicut
2349 4633 2490 4689 enim
2517 4647 2640 4688 cum
2663 4632 2866 4688 Thema
2901 4633 3010 4703 egit
3035 4673 3054 4699 ,
3096 4631 3281 4687 volens
3327 4631 3737 4686 incredulitatem

2177 4723 2424 4794 discipuli
2447 4723 2753 4789 emendare,
2786 4722 3132 4792 ostenditque
3157 4722 3207 4776 ei
3232 4723 3455 4775 ﬁxuram
3485 4721 3742 4776 clavorum

2178 4825 2233 4872 et
2251 4815 2395 4885 ipsas
2431 4816 2710 4871 cicatrices
2729 4855 2743 4879 ,
2790 4822 2845 4869 et
2869 4813 2943 4868 ait
2974 4829 2988 4867 :
3021 4812 3166 4867 Mitte
3186 4811 3398 4882 digitum
3427 4822 3568 4866 tuam
3607 4816 3697 4868 huc
3719 4851 3738 4879 ,

2176 4913 2226 4958 et
2242 4906 2375 4973 infer
2404 4920 2608 4958 manum
2634 4913 2771 4958 tuam
2798 4903 2976 4974 (Joan.
3003 4901 3094 4958 20.
3118 4901 3296 4975 9.7),et
3329 4903 3441 4956 vide
3458 4944 3473 4968 ,
3503 4904 3615 4974 quia
3640 4906 3737 4973 spi-

2177 4995 2301 5048 ritus
2326 5010 2527 5047 carnem
2553 5003 2600 5047 et
2620 5010 2734 5049 ossa
2776 5009 2876 5047 non
2901 4993 3046 5047 habet
3075 4991 3240 5062 (Luc.
3285 4991 3377 5048 24.
3408 4994 3477 5048 39
3501 4992 3520 5064 )
3553 5034 3567 5057 ,
3597 5003 3648 5049 ut
3671 4995 3736 5048 illi

2179 5093 2526 5149 monstraret,
2549 5099 2607 5140 se
2624 5099 2747 5139 vere
2773 5084 3162 5138 resurrexisse:
3191 5086 3269 5140 sic.
3291 5095 3344 5138 et
3365 5094 3489 5138 tunc
3517 5086 3611 5138 fert
3635 5087 3741 5139 vul-

2181 5193 2308 5232 nera
2329 5186 2384 5232 et
2409 5191 2646 5240 crucem,
2677 5185 2734 5230 ut
2758 5176 2838 5231 eis
2865 5175 3115 5230 ostendat
3131 5191 3192 5230 se
3211 5176 3362 5229 illum
3405 5190 3526 5230 esse
3549 5214 3566 5240 ,
3593 5190 3734 5245 quem

2179 5267 2574 5322 crucifixeruut.
2617 5265 2860 5335 Magnum
2891 5279 3020 5334 ergo
3071 5264 3269 5319 bonum
3303 5273 3369 5320 et
3411 5265 3664 5331 salutare,
3689 5273 3735 5322 et

2181 5358 2399 5414 evidens
2426 5365 2796 5427 argumentum
2825 5356 3017 5410 divinae
3046 5354 3455 5421 benevolentize.

2251 5450 2304 5505 5.
2331 5450 2467 5516 Quin
2495 5450 2600 5502 imo
2625 5463 2730 5502 non
2760 5447 2930 5500 solum
2954 5461 3083 5502 crux
3101 5486 3118 5511 ,
3159 5446 3254 5501 sed
3291 5457 3345 5501 et
3374 5447 3486 5517 ipsa
3517 5447 3567 5500 in
3596 5462 3734 5503 cruce

2182 5543 2383 5611 prolata
2405 5542 2561 5597 verba
2593 5537 2998 5595 inenarrabilem
3027 5538 3142 5608 ejus
3169 5538 3549 5594 humanitatem
3579 5540 3736 5595 deela-

2247 5673 2318 5735 (a)
2342 5681 2481 5735 nunc
2499 5671 2660 5735 locum
2699 5672 2827 5735 inter
2863 5668 2956 5718 alia
2995 5667 3150 5718 refert
3169 5675 3214 5718 s.
3239 5675 3335 5735 Leo
3359 5678 3478 5732 Papa
3500 5671 3558 5720 ad
3575 5670 3734 5718 cali-em

2181 5730 2399 5798 Epistola:
2422 5734 2528 5795 454,
2549 5737 2635 5787 ubi
2653 5733 2808 5797 magis
2840 5743 3039 5782 sensum
3059 5742 3201 5794 quam
3215 5730 3368 5781 verba
3390 5730 3629 5794 omum.
