  <div class='ocr_page' id='page_1' title='image "/cluster/home/n/w/nwhite01/storage/ocr_20150623/49/mdp.39015028539461/412.png"; bbox 0 0 3862 6232; ppageno 0'>
   <div class='ocr_carea' id='block_1_1' title="bbox 181 322 287 380">
    <p class='ocr_par' dir='ltr' id='par_1_1' title="bbox 181 322 287 380">
     <span class='ocr_line' id='line_1_1' title="bbox 181 322 287 380; baseline 0.019 -3"><span class='ocrx_word' id='word_1_1' title='bbox 181 322 287 380; x_wconf 69' lang='grc' dir='ltr'>ιισ</span> 
     </span>
    </p>
   </div>
   <div class='ocr_carea' id='block_1_2' title="bbox 182 440 1758 514">
    <p class='ocr_par' dir='ltr' id='par_1_2' title="bbox 182 440 1758 514">
     <span class='ocr_line' id='line_1_2' title="bbox 182 440 1758 514; baseline 0.003 -20"><span class='ocrx_word' id='word_1_2' title='bbox 182 444 309 494; x_wconf 65' lang='lat' dir='ltr'>vim!</span> <span class='ocrx_word' id='word_1_3' title='bbox 336 443 702 510; x_wconf 75' lang='grc' dir='ltr'>προσαγαγεῖν</span> <span class='ocrx_word' id='word_1_4' title='bbox 732 440 1024 514; x_wconf 69' lang='grc' dir='ltr'>ἐθάρρησε,</span> <span class='ocrx_word' id='word_1_5' title='bbox 1046 442 1253 514; x_wconf 81' lang='grc' dir='ltr'>λέγων’</span> <span class='ocrx_word' id='word_1_6' title='bbox 1284 444 1603 514; x_wconf 78' lang='grc' dir='ltr'>Μνήσθητί</span> <span class='ocrx_word' id='word_1_7' title='bbox 1615 461 1758 513; x_wconf 81' lang='grc' dir='ltr'>μου,</span> 
     </span>
    </p>
   </div>
   <div class='ocr_carea' id='block_1_3' title="bbox 182 520 1761 595">
    <p class='ocr_par' dir='ltr' id='par_1_3' title="bbox 182 520 1761 595">
     <span class='ocr_line' id='line_1_3' title="bbox 182 520 1761 595; baseline 0.001 -18"><span class='ocrx_word' id='word_1_8' title='bbox 182 520 386 590; x_wconf 77' lang='grc' dir='ltr'>Κύριε,</span> <span class='ocrx_word' id='word_1_9' title='bbox 415 522 562 576; x_wconf 85' lang='grc' dir='ltr'>ὅταν</span> <span class='ocrx_word' id='word_1_10' title='bbox 584 523 771 591; x_wconf 72' lang='grc' dir='ltr'>ἔλθῃς</span> <span class='ocrx_word' id='word_1_11' title='bbox 796 526 867 578; x_wconf 78' lang='grc' dir='ltr'>ὲν</span> <span class='ocrx_word' id='word_1_12' title='bbox 891 525 967 594; x_wconf 79' lang='grc' dir='ltr'>τῇ</span> <span class='ocrx_word' id='word_1_13' title='bbox 984 527 1277 595; x_wconf 77' lang='grc' dir='ltr'>βασιλείᾳ</span> <span class='ocrx_word' id='word_1_14' title='bbox 1304 540 1443 581; x_wconf 90' lang='grc' dir='ltr'>σου.</span> <span class='ocrx_word' id='word_1_15' title='bbox 1471 528 1584 581; x_wconf 85' lang='grc' dir='ltr'>Οὐκ</span> <span class='ocrx_word' id='word_1_16' title='bbox 1613 525 1761 580; x_wconf 77' lang='grc' dir='ltr'>ἐτόλο</span> 
     </span>
    </p>
   </div>
   <div class='ocr_carea' id='block_1_4' title="bbox 182 605 1759 678">
    <p class='ocr_par' dir='ltr' id='par_1_4' title="bbox 182 605 1759 678">
     <span class='ocr_line' id='line_1_4' title="bbox 182 605 1759 678; baseline 0.004 -22"><span class='ocrx_word' id='word_1_17' title='bbox 182 621 327 676; x_wconf 84' lang='grc' dir='ltr'>μησε</span> <span class='ocrx_word' id='word_1_18' title='bbox 358 605 618 677; x_wconf 83' lang='grc' dir='ltr'>πρότερον</span> <span class='ocrx_word' id='word_1_19' title='bbox 645 608 839 673; x_wconf 82' lang='grc' dir='ltr'>εἰπεῖν,</span> <span class='ocrx_word' id='word_1_20' title='bbox 878 607 1195 677; x_wconf 73' lang='grc' dir='ltr'>Μνήσθητί</span> <span class='ocrx_word' id='word_1_21' title='bbox 1224 626 1374 678; x_wconf 87' lang='grc' dir='ltr'>μου,</span> <span class='ocrx_word' id='word_1_22' title='bbox 1402 608 1509 673; x_wconf 72' lang='grc' dir='ltr'>ἕως</span> <span class='ocrx_word' id='word_1_23' title='bbox 1544 611 1633 664; x_wconf 83' lang='grc' dir='ltr'>ὅτε</span> <span class='ocrx_word' id='word_1_24' title='bbox 1671 608 1759 663; x_wconf 84' lang='grc' dir='ltr'>διά</span> 
     </span>
    </p>
   </div>
   <div class='ocr_carea' id='block_1_5' title="bbox 175 687 1758 766">
    <p class='ocr_par' dir='ltr' id='par_1_5' title="bbox 175 687 1758 766">
     <span class='ocr_line' id='line_1_5' title="bbox 175 687 1758 766; baseline 0.003 -24"><span class='ocrx_word' id='word_1_25' title='bbox 175 689 279 759; x_wconf 80' lang='grc' dir='ltr'>τῆς</span> <span class='ocrx_word' id='word_1_26' title='bbox 310 687 750 760; x_wconf 77' lang='grc' dir='ltr'>ὲξομολογήσεως</span> <span class='ocrx_word' id='word_1_27' title='bbox 797 690 1067 763; x_wconf 77' lang='grc' dir='ltr'>ἐκάθηρεν</span> <span class='ocrx_word' id='word_1_28' title='bbox 1117 693 1307 746; x_wconf 84' lang='grc' dir='ltr'>ἑαυτὸν</span> <span class='ocrx_word' id='word_1_29' title='bbox 1329 694 1421 747; x_wconf 86' lang='grc' dir='ltr'>τοῦ</span> <span class='ocrx_word' id='word_1_30' title='bbox 1448 692 1618 766; x_wconf 78' lang='grc' dir='ltr'>ῥύπου</span> <span class='ocrx_word' id='word_1_31' title='bbox 1648 693 1758 747; x_wconf 86' lang='grc' dir='ltr'>τῶν</span> 
     </span>
    </p>
   </div>
   <div class='ocr_carea' id='block_1_6' title="bbox 175 771 1759 843">
    <p class='ocr_par' dir='ltr' id='par_1_6' title="bbox 175 771 1759 843">
     <span class='ocr_line' id='line_1_6' title="bbox 175 771 1759 843; baseline 0.003 -19"><span class='ocrx_word' id='word_1_32' title='bbox 175 771 614 843; x_wconf 80' lang='grc' dir='ltr'>ἁμαρτημάτων,</span> <span class='ocrx_word' id='word_1_33' title='bbox 648 772 752 837; x_wconf 73' lang='grc' dir='ltr'>ἕως</span> <span class='ocrx_word' id='word_1_34' title='bbox 783 774 872 826; x_wconf 84' lang='grc' dir='ltr'>ὅτε</span> <span class='ocrx_word' id='word_1_35' title='bbox 910 775 1279 839; x_wconf 72' lang='grc' dir='ltr'>καταδικάσας</span> <span class='ocrx_word' id='word_1_36' title='bbox 1310 776 1501 831; x_wconf 80' lang='grc' dir='ltr'>ἑαυτὸν</span> <span class='ocrx_word' id='word_1_37' title='bbox 1528 775 1759 830; x_wconf 87' lang='grc' dir='ltr'>ἀνεύθυ-</span> 
     </span>
    </p>
   </div>
   <div class='ocr_carea' id='block_1_7' title="bbox 175 854 1758 931">
    <p class='ocr_par' dir='ltr' id='par_1_7' title="bbox 175 854 1758 931">
     <span class='ocr_line' id='line_1_7' title="bbox 175 854 1758 931; baseline 0.005 -25"><span class='ocrx_word' id='word_1_38' title='bbox 175 870 271 906; x_wconf 89' lang='grc' dir='ltr'>νον</span> <span class='ocrx_word' id='word_1_39' title='bbox 299 854 613 925; x_wconf 85' lang='grc' dir='ltr'>εἰργάσατο,</span> <span class='ocrx_word' id='word_1_40' title='bbox 648 854 754 919; x_wconf 72' lang='grc' dir='ltr'>ἕως</span> <span class='ocrx_word' id='word_1_41' title='bbox 790 857 876 909; x_wconf 86' lang='grc' dir='ltr'>ὅτε</span> <span class='ocrx_word' id='word_1_42' title='bbox 903 856 990 910; x_wconf 76' lang='grc' dir='ltr'>διά</span> <span class='ocrx_word' id='word_1_43' title='bbox 1020 859 1120 929; x_wconf 84' lang='grc' dir='ltr'>τῆς</span> <span class='ocrx_word' id='word_1_44' title='bbox 1152 858 1485 931; x_wconf 73' lang='grc' dir='ltr'>κατηγορίας</span> <span class='ocrx_word' id='word_1_45' title='bbox 1526 859 1758 914; x_wconf 79' lang='grc' dir='ltr'>ἀπέθετο</span> 
     </span>
    </p>
   </div>
   <div class='ocr_carea' id='block_1_8' title="bbox 172 936 738 1009">
    <p class='ocr_par' dir='ltr' id='par_1_8' title="bbox 172 936 738 1009">
     <span class='ocr_line' id='line_1_8' title="bbox 172 936 738 1009; baseline 0.005 -20"><span class='ocrx_word' id='word_1_46' title='bbox 172 937 245 989; x_wconf 81' lang='grc' dir='ltr'>τά</span> <span class='ocrx_word' id='word_1_47' title='bbox 271 936 380 1005; x_wconf 87' lang='grc' dir='ltr'>πλη</span> <span class='ocrx_word' id='word_1_48' title='bbox 388 938 565 1008; x_wconf 85' lang='grc' dir='ltr'>μμελή</span> <span class='ocrx_word' id='word_1_49' title='bbox 576 956 738 1009; x_wconf 87' lang='grc' dir='ltr'>ματα.</span> 
     </span>
    </p>
   </div>
   <div class='ocr_carea' id='block_1_9' title="bbox 259 1019 1757 1096">
    <p class='ocr_par' dir='ltr' id='par_1_9' title="bbox 259 1019 1757 1096">
     <span class='ocr_line' id='line_1_9' title="bbox 259 1019 1757 1096; baseline 0.001 -23"><span class='ocrx_word' id='word_1_50' title='bbox 259 1019 427 1090; x_wconf 79' lang='grc' dir='ltr'>Ὀρᾷς</span> <span class='ocrx_word' id='word_1_51' title='bbox 460 1020 622 1074; x_wconf 90' lang='grc' dir='ltr'>πόσον</span> <span class='ocrx_word' id='word_1_52' title='bbox 657 1022 830 1090; x_wconf 79' lang='grc' dir='ltr'>ἰσχύει</span> <span class='ocrx_word' id='word_1_53' title='bbox 876 1021 1260 1093; x_wconf 77' lang='grc' dir='ltr'>ἐξομολόγησις</span> <span class='ocrx_word' id='word_1_54' title='bbox 1286 1023 1382 1078; x_wconf 72' lang='grc' dir='ltr'>καὶ</span> <span class='ocrx_word' id='word_1_55' title='bbox 1409 1024 1467 1077; x_wconf 74' lang='grc' dir='ltr'>ἐν</span> <span class='ocrx_word' id='word_1_56' title='bbox 1504 1023 1655 1096; x_wconf 85' lang='grc' dir='ltr'>αὐτῷ</span> <span class='ocrx_word' id='word_1_57' title='bbox 1678 1024 1757 1096; x_wconf 81' lang='grc' dir='ltr'>τῷ</span> 
     </span>
    </p>
   </div>
   <div class='ocr_carea' id='block_1_10' title="bbox 173 1101 1752 1177">
    <p class='ocr_par' dir='ltr' id='par_1_10' title="bbox 173 1101 1752 1177">
     <span class='ocr_line' id='line_1_10' title="bbox 173 1101 1752 1177; baseline 0.004 -22"><span class='ocrx_word' id='word_1_58' title='bbox 173 1101 437 1172; x_wconf 74' lang='grc' dir='ltr'>παυρῴ;</span> <span class='ocrx_word' id='word_1_59' title='bbox 474 1103 658 1156; x_wconf 89' lang='grc' dir='ltr'>Ταῦτα</span> <span class='ocrx_word' id='word_1_60' title='bbox 690 1104 925 1167; x_wconf 79' lang='grc' dir='ltr'>ἀκούων,</span> <span class='ocrx_word' id='word_1_61' title='bbox 954 1105 1204 1173; x_wconf 79' lang='grc' dir='ltr'>άγαπητὲ</span> <span class='ocrx_word' id='word_1_62' title='bbox 1233 1147 1248 1172; x_wconf 89' lang='grc'>,</span> <span class='ocrx_word' id='word_1_63' title='bbox 1294 1106 1561 1177; x_wconf 84' lang='grc' dir='ltr'>μηδέποτε</span> <span class='ocrx_word' id='word_1_64' title='bbox 1618 1109 1752 1162; x_wconf 90' lang='grc' dir='ltr'>ἀπο-</span> 
     </span>
    </p>
   </div>
   <div class='ocr_carea' id='block_1_11' title="bbox 173 1184 1755 1262">
    <p class='ocr_par' dir='ltr' id='par_1_11' title="bbox 173 1184 1755 1262">
     <span class='ocr_line' id='line_1_11' title="bbox 173 1184 1755 1262; baseline 0.004 -24"><span class='ocrx_word' id='word_1_65' title='bbox 173 1184 322 1255; x_wconf 84' lang='grc' dir='ltr'>γνῷς</span> <span class='ocrx_word' id='word_1_66' title='bbox 346 1186 543 1239; x_wconf 87' lang='grc' dir='ltr'>σαυτοῦ</span> <span class='ocrx_word' id='word_1_67' title='bbox 559 1229 573 1253; x_wconf 94' lang='grc'>,</span> <span class='ocrx_word' id='word_1_68' title='bbox 606 1187 719 1241; x_wconf 85' lang='grc' dir='ltr'>ἀλλ’</span> <span class='ocrx_word' id='word_1_69' title='bbox 740 1189 938 1242; x_wconf 79' lang='grc' dir='ltr'>ἐννοῶν</span> <span class='ocrx_word' id='word_1_70' title='bbox 962 1190 1023 1241; x_wconf 90' lang='grc' dir='ltr'>τὸ</span> <span class='ocrx_word' id='word_1_71' title='bbox 1047 1188 1250 1257; x_wconf 81' lang='grc' dir='ltr'>ἄφατον</span> <span class='ocrx_word' id='word_1_72' title='bbox 1280 1190 1507 1259; x_wconf 89' lang='grc' dir='ltr'>μέγεθος</span> <span class='ocrx_word' id='word_1_73' title='bbox 1540 1192 1636 1262; x_wconf 80' lang='grc' dir='ltr'>τῆς</span> <span class='ocrx_word' id='word_1_74' title='bbox 1657 1188 1755 1244; x_wconf 88' lang='grc' dir='ltr'>τοῦ</span> 
     </span>
    </p>
   </div>
   <div class='ocr_carea' id='block_1_12' title="bbox 171 1268 1757 1347">
    <p class='ocr_par' dir='ltr' id='par_1_12' title="bbox 171 1268 1757 1347">
     <span class='ocr_line' id='line_1_12' title="bbox 171 1268 1757 1347; baseline 0.004 -25"><span class='ocrx_word' id='word_1_75' title='bbox 171 1268 316 1322; x_wconf 86' lang='grc' dir='ltr'>Θεοῦ</span> <span class='ocrx_word' id='word_1_76' title='bbox 348 1269 778 1342; x_wconf 75' lang='grc' dir='ltr'>φιλανθρωπίας,</span> <span class='ocrx_word' id='word_1_77' title='bbox 805 1272 1025 1341; x_wconf 56' lang='grc' dir='ltr'>ὲπίγου</span> <span class='ocrx_word' id='word_1_78' title='bbox 1058 1274 1196 1342; x_wconf 89' lang='grc' dir='ltr'>πρὸς</span> <span class='ocrx_word' id='word_1_79' title='bbox 1228 1274 1327 1344; x_wconf 83' lang='grc' dir='ltr'>τὴν</span> <span class='ocrx_word' id='word_1_80' title='bbox 1362 1272 1472 1327; x_wconf 83' lang='grc' dir='ltr'>τῶν</span> <span class='ocrx_word' id='word_1_81' title='bbox 1501 1274 1757 1347; x_wconf 77' lang='grc' dir='ltr'>ἡμαρτη-</span> 
     </span>
    </p>
   </div>
   <div class='ocr_carea' id='block_1_13' title="bbox 176 1351 1755 1428">
    <p class='ocr_par' dir='ltr' id='par_1_13' title="bbox 176 1351 1755 1428">
     <span class='ocr_line' id='line_1_13' title="bbox 176 1351 1755 1428; baseline 0.004 -24"><span class='ocrx_word' id='word_1_82' title='bbox 176 1352 359 1422; x_wconf 82' lang='grc' dir='ltr'>μένων</span> <span class='ocrx_word' id='word_1_83' title='bbox 385 1351 685 1421; x_wconf 90' lang='grc' dir='ltr'>διόρθωσιν.</span> <span class='ocrx_word' id='word_1_84' title='bbox 722 1353 784 1407; x_wconf 84' lang='grc' dir='ltr'>Εἰ</span> <span class='ocrx_word' id='word_1_85' title='bbox 806 1356 914 1426; x_wconf 78' lang='grc' dir='ltr'>γάρ</span> <span class='ocrx_word' id='word_1_86' title='bbox 948 1357 1006 1407; x_wconf 84' lang='grc' dir='ltr'>ὲν</span> <span class='ocrx_word' id='word_1_87' title='bbox 1029 1355 1247 1426; x_wconf 81' lang='grc' dir='ltr'>σταυρῷ</span> <span class='ocrx_word' id='word_1_88' title='bbox 1276 1355 1403 1409; x_wconf 77' lang='grc' dir='ltr'>ὅντα</span> <span class='ocrx_word' id='word_1_89' title='bbox 1435 1355 1526 1409; x_wconf 90' lang='grc' dir='ltr'>τὸν</span> <span class='ocrx_word' id='word_1_90' title='bbox 1555 1356 1755 1428; x_wconf 79' lang='grc' dir='ltr'>λῃστὴν</span> 
     </span>
    </p>
   </div>
   <div class='ocr_carea' id='block_1_14' title="bbox 170 1433 1754 1509">
    <p class='ocr_par' dir='ltr' id='par_1_14' title="bbox 170 1433 1754 1509">
     <span class='ocr_line' id='line_1_14' title="bbox 170 1433 1754 1509; baseline 0.004 -24"><span class='ocrx_word' id='word_1_91' title='bbox 170 1433 446 1505; x_wconf 79' lang='grc' dir='ltr'>τοσαύτης</span> <span class='ocrx_word' id='word_1_92' title='bbox 465 1434 661 1504; x_wconf 77' lang='grc' dir='ltr'>ἠξίωσε</span> <span class='ocrx_word' id='word_1_93' title='bbox 689 1436 787 1506; x_wconf 83' lang='grc' dir='ltr'>τῆς</span> <span class='ocrx_word' id='word_1_94' title='bbox 816 1437 1145 1507; x_wconf 68' lang='grc' dir='ltr'>φιλοτιμίας,</span> <span class='ocrx_word' id='word_1_95' title='bbox 1180 1437 1358 1507; x_wconf 88' lang='grc' dir='ltr'>πολλῷ</span> <span class='ocrx_word' id='word_1_96' title='bbox 1380 1438 1579 1507; x_wconf 75' lang='grc' dir='ltr'>μᾶλλον</span> <span class='ocrx_word' id='word_1_97' title='bbox 1608 1441 1754 1509; x_wconf 78' lang='grc' dir='ltr'>ἡμᾶς</span> 
     </span>
    </p>
   </div>
   <div class='ocr_carea' id='block_1_15' title="bbox 171 1517 1755 1593">
    <p class='ocr_par' dir='ltr' id='par_1_15' title="bbox 171 1517 1755 1593">
     <span class='ocr_line' id='line_1_15' title="bbox 171 1517 1755 1593; baseline 0.004 -23"><span class='ocrx_word' id='word_1_98' title='bbox 171 1517 278 1584; x_wconf 81' lang='grc' dir='ltr'>τῆς</span> <span class='ocrx_word' id='word_1_99' title='bbox 301 1517 508 1582; x_wconf 76' lang='grc' dir='ltr'>οἰκείας</span> <span class='ocrx_word' id='word_1_100' title='bbox 536 1518 755 1583; x_wconf 82' lang='grc' dir='ltr'>ἀξιώσει</span> <span class='ocrx_word' id='word_1_101' title='bbox 806 1520 1233 1591; x_wconf 80' lang='grc' dir='ltr'>φιλανθρωπίας,</span> <span class='ocrx_word' id='word_1_102' title='bbox 1285 1524 1333 1574; x_wconf 86' lang='grc' dir='ltr'>εἰ</span> <span class='ocrx_word' id='word_1_103' title='bbox 1363 1520 1755 1593; x_wconf 80' lang='grc' dir='ltr'>βουληθείημεν</span> 
     </span>
    </p>
   </div>
   <div class='ocr_carea' id='block_1_16' title="bbox 168 1598 1750 1675">
    <p class='ocr_par' dir='ltr' id='par_1_16' title="bbox 168 1598 1750 1675">
     <span class='ocr_line' id='line_1_16' title="bbox 168 1598 1750 1675; baseline 0.005 -25"><span class='ocrx_word' id='word_1_104' title='bbox 168 1598 284 1651; x_wconf 76' lang='grc' dir='ltr'>’τῶν</span> <span class='ocrx_word' id='word_1_105' title='bbox 302 1600 480 1670; x_wconf 88' lang='grc' dir='ltr'>πεπλη</span> <span class='ocrx_word' id='word_1_106' title='bbox 488 1600 666 1670; x_wconf 89' lang='grc' dir='ltr'>μμελη</span> <span class='ocrx_word' id='word_1_107' title='bbox 674 1601 847 1672; x_wconf 90' lang='grc' dir='ltr'>μένων</span> <span class='ocrx_word' id='word_1_108' title='bbox 870 1602 967 1672; x_wconf 75' lang='grc' dir='ltr'>τὴν</span> <span class='ocrx_word' id='word_1_109' title='bbox 992 1603 1376 1675; x_wconf 78' lang='grc' dir='ltr'>ἐξομολόγησιν</span> <span class='ocrx_word' id='word_1_110' title='bbox 1402 1604 1750 1675; x_wconf 87' lang='grc' dir='ltr'>ποιήσασθαι.</span> 
     </span>
    </p>
   </div>
   <div class='ocr_carea' id='block_1_17' title="bbox 173 1680 1755 1759">
    <p class='ocr_par' dir='ltr' id='par_1_17' title="bbox 173 1680 1755 1759">
     <span class='ocr_line' id='line_1_17' title="bbox 173 1680 1755 1759; baseline 0.004 -24"><span class='ocrx_word' id='word_1_111' title='bbox 173 1680 299 1736; x_wconf 85' lang='grc' dir='ltr'>Ἵνα</span> <span class='ocrx_word' id='word_1_112' title='bbox 331 1682 507 1737; x_wconf 82' lang='grc' dir='ltr'>τοίνυν</span> <span class='ocrx_word' id='word_1_113' title='bbox 540 1684 635 1737; x_wconf 75' lang='grc' dir='ltr'>καὶ</span> <span class='ocrx_word' id='word_1_114' title='bbox 668 1685 831 1755; x_wconf 82' lang='grc' dir='ltr'>ἡμεῖς</span> <span class='ocrx_word' id='word_1_115' title='bbox 860 1686 961 1755; x_wconf 86' lang='grc' dir='ltr'>τῆς</span> <span class='ocrx_word' id='word_1_116' title='bbox 995 1687 1123 1756; x_wconf 82' lang='grc' dir='ltr'>παρ’</span> <span class='ocrx_word' id='word_1_117' title='bbox 1156 1686 1319 1739; x_wconf 86' lang='grc' dir='ltr'>αὐτοῦ</span> <span class='ocrx_word' id='word_1_118' title='bbox 1346 1686 1755 1759; x_wconf 82' lang='grc' dir='ltr'>φιλανθρωπίας</span> 
     </span>
    </p>
   </div>
   <div class='ocr_carea' id='block_1_18' title="bbox 168 1764 1757 1841">
    <p class='ocr_par' dir='ltr' id='par_1_18' title="bbox 168 1764 1757 1841">
     <span class='ocr_line' id='line_1_18' title="bbox 168 1764 1757 1841; baseline 0.004 -23"><span class='ocrx_word' id='word_1_119' title='bbox 168 1764 592 1835; x_wconf 79' lang='grc' dir='ltr'>ἀπολαύσωμεν,</span> <span class='ocrx_word' id='word_1_120' title='bbox 609 1765 1049 1837; x_wconf 79' lang='grc' dir='ltr'>ἐξομολογεῖσθαι</span> <span class='ocrx_word' id='word_1_121' title='bbox 1066 1768 1133 1821; x_wconf 79' lang='grc' dir='ltr'>τά</span> <span class='ocrx_word' id='word_1_122' title='bbox 1150 1766 1357 1822; x_wconf 79' lang='grc' dir='ltr'>ἑαυτῶν</span> <span class='ocrx_word' id='word_1_123' title='bbox 1383 1770 1757 1841; x_wconf 83' lang='grc' dir='ltr'>ἁμαρτήματα</span> 
     </span>
    </p>
   </div>
   <div class='ocr_carea' id='block_1_19' title="bbox 173 1847 1757 1922">
    <p class='ocr_par' dir='ltr' id='par_1_19' title="bbox 173 1847 1757 1922">
     <span class='ocr_line' id='line_1_19' title="bbox 173 1847 1757 1922; baseline 0.006 -25"><span class='ocrx_word' id='word_1_124' title='bbox 173 1847 256 1917; x_wconf 84' lang='grc' dir='ltr'>μὴ</span> <span class='ocrx_word' id='word_1_125' title='bbox 284 1848 768 1920; x_wconf 62' lang='grc' dir='ltr'>ἐπαισχυνώμεθω</span> <span class='ocrx_word' id='word_1_126' title='bbox 799 1850 1008 1922; x_wconf 82' lang='grc' dir='ltr'>μεγάλη</span> <span class='ocrx_word' id='word_1_127' title='bbox 1035 1851 1144 1922; x_wconf 81' lang='grc' dir='ltr'>γὰρ</span> <span class='ocrx_word' id='word_1_128' title='bbox 1176 1852 1274 1922; x_wconf 83' lang='grc' dir='ltr'>τῆς</span> <span class='ocrx_word' id='word_1_129' title='bbox 1316 1851 1757 1922; x_wconf 79' lang='grc' dir='ltr'>ὲξομολογήσεως</span> 
     </span>
    </p>
   </div>
   <div class='ocr_carea' id='block_1_20' title="bbox 168 1930 1756 2007">
    <p class='ocr_par' dir='ltr' id='par_1_20' title="bbox 168 1930 1756 2007">
     <span class='ocr_line' id='line_1_20' title="bbox 168 1930 1756 2007; baseline 0.006 -26"><span class='ocrx_word' id='word_1_130' title='bbox 168 1931 231 2007; x_wconf 12' lang='grc' dir='ltr'>ἠγ-</span> <span class='ocrx_word' id='word_1_131' title='bbox 250 1930 423 2000; x_wconf 80' lang='grc' dir='ltr'>ἰσχὺς,</span> <span class='ocrx_word' id='word_1_132' title='bbox 455 1933 548 1985; x_wconf 75' lang='grc' dir='ltr'>καὶ</span> <span class='ocrx_word' id='word_1_133' title='bbox 575 1933 743 2005; x_wconf 86' lang='grc' dir='ltr'>πολλὴ</span> <span class='ocrx_word' id='word_1_134' title='bbox 778 1933 982 2006; x_wconf 89' lang='grc' dir='ltr'>ταύτης</span> <span class='ocrx_word' id='word_1_135' title='bbox 1006 1938 1039 2007; x_wconf 80' lang='grc' dir='ltr'>ἡ</span> <span class='ocrx_word' id='word_1_136' title='bbox 1065 1934 1314 2005; x_wconf 89' lang='grc' dir='ltr'>δύναμις.</span> <span class='ocrx_word' id='word_1_137' title='bbox 1358 1937 1486 1989; x_wconf 84' lang='grc' dir='ltr'>Ἰδοὺ</span> <span class='ocrx_word' id='word_1_138' title='bbox 1527 1937 1635 2006; x_wconf 78' lang='grc' dir='ltr'>γάρ</span> <span class='ocrx_word' id='word_1_139' title='bbox 1660 1937 1756 1990; x_wconf 75' lang='grc' dir='ltr'>καὶ</span> 
     </span>
    </p>
   </div>
   <div class='ocr_carea' id='block_1_21' title="bbox 168 2004 1757 2089">
    <p class='ocr_par' dir='ltr' id='par_1_21' title="bbox 168 2004 1757 2089">
     <span class='ocr_line' id='line_1_21' title="bbox 168 2004 1757 2089; baseline 0.004 -24"><span class='ocrx_word' id='word_1_140' title='bbox 168 2004 331 2075; x_wconf 73' lang='grc' dir='ltr'>οὗτος</span> <span class='ocrx_word' id='word_1_141' title='bbox 351 2004 819 2086; x_wconf 76' lang='grc' dir='ltr'>ἐξωμολογήσατο,</span> <span class='ocrx_word' id='word_1_142' title='bbox 839 2004 1053 2070; x_wconf 75' lang='grc' dir='ltr'>καὶτὸν</span> <span class='ocrx_word' id='word_1_143' title='bbox 1076 2004 1402 2088; x_wconf 73' lang='grc' dir='ltr'>παράδεισον</span> <span class='ocrx_word' id='word_1_144' title='bbox 1420 2004 1577 2088; x_wconf 12' lang='grc' dir='ltr'>εῦρεήν</span> <span class='ocrx_word' id='word_1_145' title='bbox 1597 2004 1757 2089; x_wconf 80' lang='grc' dir='ltr'>ἀνειρ-</span> 
     </span>
    </p>
   </div>
   <div class='ocr_carea' id='block_1_22' title="bbox 166 2097 1755 2172">
    <p class='ocr_par' dir='ltr' id='par_1_22' title="bbox 166 2097 1755 2172">
     <span class='ocr_line' id='line_1_22' title="bbox 166 2097 1755 2172; baseline 0.003 -23"><span class='ocrx_word' id='word_1_146' title='bbox 166 2097 377 2166; x_wconf 82' lang='grc' dir='ltr'>γμένον</span> <span class='ocrx_word' id='word_1_147' title='bbox 395 2114 409 2127; x_wconf 76' lang='grc' dir='ltr'><strong><em>ο</em></strong></span> <span class='ocrx_word' id='word_1_148' title='bbox 433 2098 899 2169; x_wconf 78' lang='grc' dir='ltr'>ὲξωμολογήσατο,</span> <span class='ocrx_word' id='word_1_149' title='bbox 925 2099 1019 2154; x_wconf 79' lang='grc' dir='ltr'>καὶ</span> <span class='ocrx_word' id='word_1_150' title='bbox 1042 2102 1354 2172; x_wconf 72' lang='grc' dir='ltr'>παρρησίαν</span> <span class='ocrx_word' id='word_1_151' title='bbox 1385 2100 1595 2165; x_wconf 73' lang='grc' dir='ltr'>ἔλαϐεν,</span> <span class='ocrx_word' id='word_1_152' title='bbox 1626 2103 1655 2153; x_wconf 87' lang='grc' dir='ltr'><strong>ὁ</strong></span> <span class='ocrx_word' id='word_1_153' title='bbox 1695 2104 1755 2154; x_wconf 72' lang='grc' dir='ltr'>ὲν</span> 
     </span>
    </p>
   </div>
   <div class='ocr_carea' id='block_1_23' title="bbox 166 2178 1754 2254">
    <p class='ocr_par' dir='ltr' id='par_1_23' title="bbox 166 2178 1754 2254">
     <span class='ocr_line' id='line_1_23' title="bbox 166 2178 1754 2254; baseline 0.004 -22"><span class='ocrx_word' id='word_1_154' title='bbox 166 2178 400 2251; x_wconf 66' lang='grc' dir='ltr'>λῃστείᾳ</span> <span class='ocrx_word' id='word_1_155' title='bbox 428 2180 528 2242; x_wconf 81' lang='grc' dir='ltr'>ὢν,</span> <span class='ocrx_word' id='word_1_156' title='bbox 564 2180 840 2251; x_wconf 84' lang='grc' dir='ltr'>βασιλείαν</span> <span class='ocrx_word' id='word_1_157' title='bbox 870 2183 1112 2252; x_wconf 74' lang='grc' dir='ltr'>αἰτῆσαι.</span> <span class='ocrx_word' id='word_1_158' title='bbox 1156 2184 1363 2254; x_wconf 78' lang='grc' dir='ltr'>Μέχρις</span> <span class='ocrx_word' id='word_1_159' title='bbox 1402 2184 1615 2237; x_wconf 75' lang='grc' dir='ltr'>ἐκείνου</span> <span class='ocrx_word' id='word_1_160' title='bbox 1657 2183 1754 2238; x_wconf 84' lang='grc' dir='ltr'>τοῦ</span> 
     </span>
    </p>
   </div>
   <div class='ocr_carea' id='block_1_24' title="bbox 166 2261 1752 2338">
    <p class='ocr_par' dir='ltr' id='par_1_24' title="bbox 166 2261 1752 2338">
     <span class='ocr_line' id='line_1_24' title="bbox 166 2261 1752 2338; baseline 0.004 -24"><span class='ocrx_word' id='word_1_161' title='bbox 166 2262 367 2333; x_wconf 77' lang='grc' dir='ltr'>καιροῦ</span> <span class='ocrx_word' id='word_1_162' title='bbox 402 2261 501 2333; x_wconf 84' lang='grc' dir='ltr'>τὴν</span> <span class='ocrx_word' id='word_1_163' title='bbox 528 2262 804 2333; x_wconf 85' lang='grc' dir='ltr'>βασιλείαν</span> <span class='ocrx_word' id='word_1_164' title='bbox 829 2265 939 2319; x_wconf 86' lang='grc' dir='ltr'>τῶν</span> <span class='ocrx_word' id='word_1_165' title='bbox 958 2267 1202 2337; x_wconf 83' lang='grc' dir='ltr'>οὐρανῶν</span> <span class='ocrx_word' id='word_1_166' title='bbox 1223 2269 1323 2321; x_wconf 86' lang='grc' dir='ltr'>οὐκ</span> <span class='ocrx_word' id='word_1_167' title='bbox 1345 2268 1534 2338; x_wconf 76' lang='grc' dir='ltr'>ᾔτησε.</span> <span class='ocrx_word' id='word_1_168' title='bbox 1561 2267 1752 2332; x_wconf 83' lang='grc' dir='ltr'>Πόθεν,</span> 
     </span>
    </p>
   </div>
   <div class='ocr_carea' id='block_1_25' title="bbox 165 2342 1755 2424">
    <p class='ocr_par' dir='ltr' id='par_1_25' title="bbox 165 2342 1755 2424">
     <span class='ocr_line' id='line_1_25' title="bbox 165 2342 1755 2424; baseline 0.005 -26"><span class='ocrx_word' id='word_1_169' title='bbox 165 2344 295 2398; x_wconf 88' lang='grc' dir='ltr'>εἰπέ</span> <span class='ocrx_word' id='word_1_170' title='bbox 328 2362 439 2415; x_wconf 88' lang='grc' dir='ltr'>μοι,</span> <span class='ocrx_word' id='word_1_171' title='bbox 466 2345 762 2416; x_wconf 86' lang='grc' dir='ltr'>βασιλείας,</span> <span class='ocrx_word' id='word_1_172' title='bbox 784 2342 829 2402; x_wconf 82' lang='grc' dir='ltr'><strong>ὧ</strong></span> <span class='ocrx_word' id='word_1_173' title='bbox 859 2349 1054 2423; x_wconf 81' lang='grc' dir='ltr'>λῃστά,</span> <span class='ocrx_word' id='word_1_174' title='bbox 1082 2350 1386 2421; x_wconf 86' lang='grc' dir='ltr'>μέμνησαι;</span> <span class='ocrx_word' id='word_1_175' title='bbox 1408 2352 1460 2404; x_wconf 90' lang='grc' dir='ltr'>τί</span> <span class='ocrx_word' id='word_1_176' title='bbox 1488 2351 1596 2424; x_wconf 77' lang='grc' dir='ltr'>γάρ</span> <span class='ocrx_word' id='word_1_177' title='bbox 1615 2349 1755 2416; x_wconf 77' lang='grc' dir='ltr'>εἶδες</span> 
     </span>
    </p>
   </div>
   <div class='ocr_carea' id='block_1_26' title="bbox 166 2426 1754 2508">
    <p class='ocr_par' dir='ltr' id='par_1_26' title="bbox 166 2426 1754 2508">
     <span class='ocr_line' id='line_1_26' title="bbox 166 2426 1754 2508; baseline 0.006 -26"><span class='ocrx_word' id='word_1_178' title='bbox 166 2430 415 2482; x_wconf 86' lang='grc' dir='ltr'>τοιοῦτον</span> <span class='ocrx_word' id='word_1_179' title='bbox 453 2430 586 2498; x_wconf 88' lang='grc' dir='ltr'>νῦν;</span> <span class='ocrx_word' id='word_1_180' title='bbox 616 2426 776 2486; x_wconf 67' lang='grc' dir='ltr'>’Ἦλοι</span> <span class='ocrx_word' id='word_1_181' title='bbox 825 2436 921 2488; x_wconf 61' lang='grc' dir='ltr'>καὶ¹</span> <span class='ocrx_word' id='word_1_182' title='bbox 968 2436 1200 2505; x_wconf 80' lang='grc' dir='ltr'>σταυρὸς</span> <span class='ocrx_word' id='word_1_183' title='bbox 1237 2436 1308 2489; x_wconf 87' lang='grc' dir='ltr'>τά</span> <span class='ocrx_word' id='word_1_184' title='bbox 1355 2436 1627 2508; x_wconf 79' lang='grc' dir='ltr'>ὁρώμενα,</span> <span class='ocrx_word' id='word_1_185' title='bbox 1661 2438 1754 2492; x_wconf 77' lang='grc' dir='ltr'>καὶ</span> 
     </span>
    </p>
   </div>
   <div class='ocr_carea' id='block_1_27' title="bbox 168 2513 1750 2594">
    <p class='ocr_par' dir='ltr' id='par_1_27' title="bbox 168 2513 1750 2594">
     <span class='ocr_line' id='line_1_27' title="bbox 168 2513 1750 2594; baseline 0.009 -30"><span class='ocrx_word' id='word_1_186' title='bbox 168 2513 475 2585; x_wconf 77' lang='grc' dir='ltr'>κατηγορία</span> <span class='ocrx_word' id='word_1_187' title='bbox 508 2516 604 2568; x_wconf 69' lang='grc' dir='ltr'>καὶ</span> <span class='ocrx_word' id='word_1_188' title='bbox 635 2517 946 2587; x_wconf 88' lang='grc' dir='ltr'>σκώμματα</span> <span class='ocrx_word' id='word_1_189' title='bbox 970 2520 1064 2572; x_wconf 77' lang='grc' dir='ltr'>καὶ</span> <span class='ocrx_word' id='word_1_190' title='bbox 1090 2520 1367 2591; x_wconf 78' lang='grc' dir='ltr'>λοιδορίαι.</span> <span class='ocrx_word' id='word_1_191' title='bbox 1394 2522 1522 2587; x_wconf 76' lang='grc' dir='ltr'>Ναὶ,</span> <span class='ocrx_word' id='word_1_192' title='bbox 1552 2523 1716 2594; x_wconf 88' lang='grc' dir='ltr'>φησίν</span> <span class='ocrx_word' id='word_1_193' title='bbox 1734 2540 1750 2555; x_wconf 76' lang='grc' dir='ltr'>ο</span> 
     </span>
    </p>
   </div>
   <div class='ocr_carea' id='block_1_28' title="bbox 166 2596 1753 2675">
    <p class='ocr_par' dir='ltr' id='par_1_28' title="bbox 166 2596 1753 2675">
     <span class='ocr_line' id='line_1_28' title="bbox 166 2596 1753 2675; baseline 0.006 -27"><span class='ocrx_word' id='word_1_194' title='bbox 166 2596 335 2658; x_wconf 83' lang='grc' dir='ltr'>αὐτὸς</span> <span class='ocrx_word' id='word_1_195' title='bbox 361 2597 472 2667; x_wconf 63' lang='grc' dir='ltr'>γὰρ</span> <span class='ocrx_word' id='word_1_196' title='bbox 502 2600 529 2651; x_wconf 97' lang='lat'>6</span> <span class='ocrx_word' id='word_1_197' title='bbox 555 2600 787 2670; x_wconf 81' lang='grc' dir='ltr'>σταυρὸς</span> <span class='ocrx_word' id='word_1_198' title='bbox 818 2601 1093 2671; x_wconf 82' lang='grc' dir='ltr'>βασιλείας</span> <span class='ocrx_word' id='word_1_199' title='bbox 1122 2598 1261 2655; x_wconf 78' lang='grc' dir='ltr'>εἶναί</span> <span class='ocrx_word' id='word_1_200' title='bbox 1303 2620 1395 2674; x_wconf 88' lang='grc' dir='ltr'>μοι</span> <span class='ocrx_word' id='word_1_201' title='bbox 1439 2604 1586 2658; x_wconf 84' lang='grc' dir='ltr'>δοκεῖ</span> <span class='ocrx_word' id='word_1_202' title='bbox 1611 2605 1753 2675; x_wconf 77' lang='grc' dir='ltr'>σύμο</span> 
     </span>
    </p>
   </div>
   <div class='ocr_carea' id='block_1_29' title="bbox 168 2678 1755 2760">
    <p class='ocr_par' dir='ltr' id='par_1_29' title="bbox 168 2678 1755 2760">
     <span class='ocr_line' id='line_1_29' title="bbox 168 2678 1755 2760; baseline 0.008 -29"><span class='ocrx_word' id='word_1_203' title='bbox 168 2678 346 2732; x_wconf 75' lang='grc' dir='ltr'>ϐολον.</span> <span class='ocrx_word' id='word_1_204' title='bbox 378 2679 477 2734; x_wconf 86' lang='grc' dir='ltr'>Διά</span> <span class='ocrx_word' id='word_1_205' title='bbox 506 2681 661 2735; x_wconf 89' lang='grc' dir='ltr'>τοῦτο</span> <span class='ocrx_word' id='word_1_206' title='bbox 691 2683 750 2735; x_wconf 83' lang='grc' dir='ltr'>δὲ</span> <span class='ocrx_word' id='word_1_207' title='bbox 776 2684 940 2738; x_wconf 88' lang='grc' dir='ltr'>αὐτὸν</span> <span class='ocrx_word' id='word_1_208' title='bbox 967 2685 1193 2755; x_wconf 78' lang='grc' dir='ltr'>βασιλέα</span> <span class='ocrx_word' id='word_1_209' title='bbox 1214 2685 1386 2750; x_wconf 84' lang='grc' dir='ltr'>καλῶ,</span> <span class='ocrx_word' id='word_1_210' title='bbox 1421 2688 1607 2760; x_wconf 78' lang='grc' dir='ltr'>ἐπειδὴ</span> <span class='ocrx_word' id='word_1_211' title='bbox 1635 2688 1755 2758; x_wconf 85' lang='grc' dir='ltr'>βλέ-</span> 
     </span>
    </p>
   </div>
   <div class='ocr_carea' id='block_1_30' title="bbox 168 2760 1754 2843">
    <p class='ocr_par' dir='ltr' id='par_1_30' title="bbox 168 2760 1754 2843">
     <span class='ocr_line' id='line_1_30' title="bbox 168 2760 1754 2843; baseline 0.007 -29"><span class='ocrx_word' id='word_1_212' title='bbox 168 2776 260 2843; x_wconf 76' lang='grc' dir='ltr'>πω</span> <span class='ocrx_word' id='word_1_213' title='bbox 301 2760 466 2815; x_wconf 87' lang='grc' dir='ltr'>αὐτὸν</span> <span class='ocrx_word' id='word_1_214' title='bbox 516 2765 951 2836; x_wconf 79' lang='grc' dir='ltr'>σταυρούμενον’</span> <span class='ocrx_word' id='word_1_215' title='bbox 986 2767 1253 2838; x_wconf 87' lang='grc' dir='ltr'>βασιλέως</span> <span class='ocrx_word' id='word_1_216' title='bbox 1295 2770 1403 2840; x_wconf 90' lang='grc' dir='ltr'>γάρ</span> <span class='ocrx_word' id='word_1_217' title='bbox 1435 2770 1582 2824; x_wconf 75' lang='grc' dir='ltr'>ἐστιν</span> <span class='ocrx_word' id='word_1_218' title='bbox 1613 2771 1754 2843; x_wconf 80' lang='grc' dir='ltr'>ὑπὲρ</span> 
     </span>
    </p>
   </div>
   <div class='ocr_carea' id='block_1_31' title="bbox 166 2841 1755 2924">
    <p class='ocr_par' dir='ltr' id='par_1_31' title="bbox 166 2841 1755 2924">
     <span class='ocr_line' id='line_1_31' title="bbox 166 2841 1755 2924; baseline 0.008 -28"><span class='ocrx_word' id='word_1_219' title='bbox 166 2841 281 2896; x_wconf 86' lang='grc' dir='ltr'>τῶν</span> <span class='ocrx_word' id='word_1_220' title='bbox 302 2843 619 2914; x_wconf 82' lang='grc' dir='ltr'>ἀρχομένων</span> <span class='ocrx_word' id='word_1_221' title='bbox 637 2847 1018 2918; x_wconf 81' lang='grc' dir='ltr'>ἀποθνήσκειν.</span> <span class='ocrx_word' id='word_1_222' title='bbox 1043 2850 1213 2914; x_wconf 80' lang='grc' dir='ltr'>Αὐτὸς</span> <span class='ocrx_word' id='word_1_223' title='bbox 1233 2847 1405 2905; x_wconf 63' lang='grc' dir='ltr'>εἶπεν</span> <span class='ocrx_word' id='word_1_224' title='bbox 1453 2853 1514 2906; x_wconf 87' lang='lat'><strong>&#39;0</strong></span> <span class='ocrx_word' id='word_1_225' title='bbox 1529 2841 1755 2924; x_wconf 75' lang='grc' dir='ltr'>ποιμὴν</span> 
     </span>
    </p>
   </div>
   <div class='ocr_carea' id='block_1_32' title="bbox 167 2926 1752 3007">
    <p class='ocr_par' dir='ltr' id='par_1_32' title="bbox 167 2926 1752 3007">
     <span class='ocr_line' id='line_1_32' title="bbox 167 2926 1752 3007; baseline 0.009 -28"><span class='ocrx_word' id='word_1_226' title='bbox 167 2926 205 2979; x_wconf 82' lang='grc' dir='ltr'><em>ό</em></span> <span class='ocrx_word' id='word_1_227' title='bbox 225 2927 415 2993; x_wconf 79' lang='grc' dir='ltr'>καλὸς</span> <span class='ocrx_word' id='word_1_228' title='bbox 449 2926 562 2995; x_wconf 81' lang='grc' dir='ltr'>τὴν</span> <span class='ocrx_word' id='word_1_229' title='bbox 583 2929 796 2999; x_wconf 67' lang='grc' dir='ltr'>ψυχὴν</span> <span class='ocrx_word' id='word_1_230' title='bbox 823 2933 1009 2986; x_wconf 84' lang='grc' dir='ltr'>αὐτοῦ</span> <span class='ocrx_word' id='word_1_231' title='bbox 1033 2935 1273 3004; x_wconf 80' lang='grc' dir='ltr'>τίθησιν</span> <span class='ocrx_word' id='word_1_232' title='bbox 1290 2936 1444 3005; x_wconf 82' lang='grc' dir='ltr'>ὑπὲρ</span> <span class='ocrx_word' id='word_1_233' title='bbox 1466 2936 1585 2992; x_wconf 81' lang='grc' dir='ltr'>τῶν</span> <span class='ocrx_word' id='word_1_234' title='bbox 1607 2955 1752 3007; x_wconf 85' lang='grc' dir='ltr'>προ-</span> 
     </span>
    </p>
   </div>
   <div class='ocr_carea' id='block_1_33' title="bbox 168 3006 1752 3093">
    <p class='ocr_par' dir='ltr' id='par_1_33' title="bbox 168 3006 1752 3093">
     <span class='ocr_line' id='line_1_33' title="bbox 168 3006 1752 3093; baseline 0.009 -33"><span class='ocrx_word' id='word_1_235' title='bbox 168 3006 398 3062; x_wconf 54' lang='grc' dir='ltr'>ϐάτων</span> <span class='ocrx_word' id='word_1_236' title='bbox 429 3011 624 3065; x_wconf 86' lang='grc' dir='ltr'>οὐκοῦν</span> <span class='ocrx_word' id='word_1_237' title='bbox 670 3016 767 3066; x_wconf 74' lang='grc' dir='ltr'>καὶ</span> <span class='ocrx_word' id='word_1_238' title='bbox 802 3015 830 3066; x_wconf 89' lang='lat'>6</span> <span class='ocrx_word' id='word_1_239' title='bbox 869 3015 1121 3085; x_wconf 76' lang='grc' dir='ltr'>βασιλεὺς</span> <span class='ocrx_word' id='word_1_240' title='bbox 1164 3020 1192 3071; x_wconf 86' lang='lat'>6</span> <span class='ocrx_word' id='word_1_241' title='bbox 1226 3018 1390 3082; x_wconf 89' lang='grc' dir='ltr'>καλὸς</span> <span class='ocrx_word' id='word_1_242' title='bbox 1442 3022 1541 3091; x_wconf 85' lang='grc' dir='ltr'>τὴν</span> <span class='ocrx_word' id='word_1_243' title='bbox 1570 3006 1752 3093; x_wconf 76' lang='grc' dir='ltr'>ψυχὴν</span> 
     </span>
    </p>
   </div>
   <div class='ocr_carea' id='block_1_34' title="bbox 165 3093 1752 3178">
    <p class='ocr_par' dir='ltr' id='par_1_34' title="bbox 165 3093 1752 3178">
     <span class='ocr_line' id='line_1_34' title="bbox 165 3093 1752 3178; baseline 0.009 -33"><span class='ocrx_word' id='word_1_244' title='bbox 165 3093 341 3178; x_wconf 80' lang='grc' dir='ltr'>αὐτοῦ</span> <span class='ocrx_word' id='word_1_245' title='bbox 371 3096 583 3174; x_wconf 76' lang='grc' dir='ltr'>τίθησιν</span> <span class='ocrx_word' id='word_1_246' title='bbox 623 3098 764 3169; x_wconf 84' lang='grc' dir='ltr'>ὑπὲρ</span> <span class='ocrx_word' id='word_1_247' title='bbox 808 3097 918 3151; x_wconf 84' lang='grc' dir='ltr'>τῶν</span> <span class='ocrx_word' id='word_1_248' title='bbox 962 3100 1302 3171; x_wconf 81' lang='grc' dir='ltr'>ἀρχομένων.</span> <span class='ocrx_word' id='word_1_249' title='bbox 1351 3104 1505 3157; x_wconf 82' lang='grc' dir='ltr'>Ἐπεὶ</span> <span class='ocrx_word' id='word_1_250' title='bbox 1529 3100 1621 3158; x_wconf 86' lang='grc' dir='ltr'>οὖν</span> <span class='ocrx_word' id='word_1_251' title='bbox 1653 3106 1752 3178; x_wconf 80' lang='grc' dir='ltr'>τὴν</span> 
     </span>
    </p>
   </div>
   <div class='ocr_carea' id='block_1_35' title="bbox 162 3173 1747 3255">
    <p class='ocr_par' dir='ltr' id='par_1_35' title="bbox 162 3173 1747 3255">
     <span class='ocr_line' id='line_1_35' title="bbox 162 3173 1747 3255; baseline 0.009 -27"><span class='ocrx_word' id='word_1_252' title='bbox 162 3173 349 3246; x_wconf 76' lang='grc' dir='ltr'>ψυχὴν</span> <span class='ocrx_word' id='word_1_253' title='bbox 371 3173 533 3231; x_wconf 85' lang='grc' dir='ltr'>αὐτοῦ</span> <span class='ocrx_word' id='word_1_254' title='bbox 556 3179 765 3233; x_wconf 78' lang='grc' dir='ltr'>τέθεικε</span> <span class='ocrx_word' id='word_1_255' title='bbox 784 3223 798 3246; x_wconf 94' lang='grc'>,</span> <span class='ocrx_word' id='word_1_256' title='bbox 830 3181 919 3234; x_wconf 79' lang='grc' dir='ltr'>διὰ</span> <span class='ocrx_word' id='word_1_257' title='bbox 955 3182 1113 3236; x_wconf 88' lang='grc' dir='ltr'>τοῦτο</span> <span class='ocrx_word' id='word_1_258' title='bbox 1137 3184 1297 3237; x_wconf 86' lang='grc' dir='ltr'>αὐτὸν</span> <span class='ocrx_word' id='word_1_259' title='bbox 1326 3183 1553 3255; x_wconf 85' lang='grc' dir='ltr'>βασιλέα</span> <span class='ocrx_word' id='word_1_260' title='bbox 1578 3173 1747 3243; x_wconf 70' lang='grc' dir='ltr'>καλώ.</span> 
     </span>
    </p>
   </div>
   <div class='ocr_carea' id='block_1_36' title="bbox 162 3256 1752 3340">
    <p class='ocr_par' dir='ltr' id='par_1_36' title="bbox 162 3256 1752 3340">
     <span class='ocr_line' id='line_1_36' title="bbox 162 3256 1752 3340; baseline 0.009 -30"><span class='ocrx_word' id='word_1_261' title='bbox 162 3256 490 3328; x_wconf 72' lang='grc' dir='ltr'>Μνήσθητί</span> <span class='ocrx_word' id='word_1_262' title='bbox 506 3277 653 3328; x_wconf 82' lang='grc' dir='ltr'>μου,</span> <span class='ocrx_word' id='word_1_263' title='bbox 682 3263 878 3330; x_wconf 82' lang='grc' dir='ltr'>Κύριε,</span> <span class='ocrx_word' id='word_1_264' title='bbox 904 3263 1050 3319; x_wconf 78' lang='grc' dir='ltr'>ὅταν</span> <span class='ocrx_word' id='word_1_265' title='bbox 1075 3264 1345 3336; x_wconf 77' lang='grc' dir='ltr'>ἕλθηςὲν</span> <span class='ocrx_word' id='word_1_266' title='bbox 1364 3266 1440 3338; x_wconf 72' lang='grc' dir='ltr'>τῇ</span> <span class='ocrx_word' id='word_1_267' title='bbox 1458 3270 1752 3340; x_wconf 74' lang='grc' dir='ltr'>βασιλείᾳ</span> 
     </span>
    </p>
   </div>
   <div class='ocr_carea' id='block_1_37' title="bbox 163 3354 309 3398">
    <p class='ocr_par' dir='ltr' id='par_1_37' title="bbox 163 3354 309 3398">
     <span class='ocr_line' id='line_1_37' title="bbox 163 3354 309 3398; baseline 0.027 -4"><span class='ocrx_word' id='word_1_268' title='bbox 163 3354 309 3398; x_wconf 81' lang='grc' dir='ltr'>σου.</span> 
     </span>
    </p>
   </div>
   <div class='ocr_carea' id='block_1_38' title="bbox 237 3424 1750 3507">
    <p class='ocr_par' dir='ltr' id='par_1_38' title="bbox 237 3424 1750 3507">
     <span class='ocr_line' id='line_1_38' title="bbox 237 3424 1750 3507; baseline 0.008 -29"><span class='ocrx_word' id='word_1_269' title='bbox 237 3424 301 3478; x_wconf 84' lang='grc' dir='ltr'>δ’.</span> <span class='ocrx_word' id='word_1_270' title='bbox 334 3425 521 3481; x_wconf 86' lang='grc' dir='ltr'>Βούλει</span> <span class='ocrx_word' id='word_1_271' title='bbox 565 3428 756 3499; x_wconf 86' lang='grc' dir='ltr'>μαθεῖν</span> <span class='ocrx_word' id='word_1_272' title='bbox 799 3430 919 3494; x_wconf 84' lang='grc' dir='ltr'>πῶς</span> <span class='ocrx_word' id='word_1_273' title='bbox 957 3433 1049 3485; x_wconf 75' lang='grc' dir='ltr'>καὶ</span> <span class='ocrx_word' id='word_1_274' title='bbox 1103 3431 1378 3502; x_wconf 82' lang='grc' dir='ltr'>βασιλείας</span> <span class='ocrx_word' id='word_1_275' title='bbox 1422 3435 1688 3507; x_wconf 91' lang='grc' dir='ltr'>σύμϐολον</span> <span class='ocrx_word' id='word_1_276' title='bbox 1721 3439 1750 3490; x_wconf 90' lang='lat'>6</span> 
     </span>
    </p>
   </div>
   <div class='ocr_carea' id='block_1_39' title="bbox 165 3512 1750 3589">
    <p class='ocr_par' dir='ltr' id='par_1_39' title="bbox 165 3512 1750 3589">
     <span class='ocr_line' id='line_1_39' title="bbox 165 3512 1750 3589; baseline 0.006 -24"><span class='ocrx_word' id='word_1_277' title='bbox 165 3512 423 3582; x_wconf 82' lang='grc' dir='ltr'>σταυρὸς,</span> <span class='ocrx_word' id='word_1_278' title='bbox 479 3513 573 3566; x_wconf 79' lang='grc' dir='ltr'>καὶ</span> <span class='ocrx_word' id='word_1_279' title='bbox 624 3513 742 3578; x_wconf 86' lang='grc' dir='ltr'>πῶς</span> <span class='ocrx_word' id='word_1_280' title='bbox 802 3515 996 3585; x_wconf 87' lang='grc' dir='ltr'>σεμνὸν</span> <span class='ocrx_word' id='word_1_281' title='bbox 1030 3515 1093 3568; x_wconf 89' lang='grc' dir='ltr'>τὸ</span> <span class='ocrx_word' id='word_1_282' title='bbox 1149 3518 1380 3589; x_wconf 79' lang='grc' dir='ltr'>πρᾶγμά</span> <span class='ocrx_word' id='word_1_283' title='bbox 1412 3520 1596 3585; x_wconf 85' lang='grc' dir='ltr'>ὲστιν;</span> <span class='ocrx_word' id='word_1_284' title='bbox 1635 3522 1750 3575; x_wconf 88' lang='grc' dir='ltr'>Οὐκ</span> 
     </span>
    </p>
   </div>
   <div class='ocr_carea' id='block_1_40' title="bbox 162 3591 1750 3670">
    <p class='ocr_par' dir='ltr' id='par_1_40' title="bbox 162 3591 1750 3670">
     <span class='ocr_line' id='line_1_40' title="bbox 162 3591 1750 3670; baseline 0.007 -23"><span class='ocrx_word' id='word_1_285' title='bbox 162 3592 382 3663; x_wconf 72' lang='grc' dir='ltr'>ἀφῆκεν</span> <span class='ocrx_word' id='word_1_286' title='bbox 408 3594 570 3648; x_wconf 89' lang='grc' dir='ltr'>αὐτὸν</span> <span class='ocrx_word' id='word_1_287' title='bbox 596 3591 735 3648; x_wconf 73' lang='grc' dir='ltr'>εἶναι</span> <span class='ocrx_word' id='word_1_288' title='bbox 756 3596 849 3649; x_wconf 82' lang='grc' dir='ltr'>ὲπὶ</span> <span class='ocrx_word' id='word_1_289' title='bbox 868 3598 970 3668; x_wconf 85' lang='grc' dir='ltr'>τῆς</span> <span class='ocrx_word' id='word_1_290' title='bbox 989 3598 1112 3670; x_wconf 82' lang='grc' dir='ltr'>γῆς.</span> <span class='ocrx_word' id='word_1_291' title='bbox 1127 3598 1241 3652; x_wconf 86' lang='grc' dir='ltr'>ἀλλ’</span> <span class='ocrx_word' id='word_1_292' title='bbox 1270 3602 1574 3656; x_wconf 78' lang='grc' dir='ltr'>ἀνέσπασεν</span> <span class='ocrx_word' id='word_1_293' title='bbox 1590 3605 1750 3658; x_wconf 88' lang='grc' dir='ltr'>αὐτὸν</span> 
     </span>
    </p>
   </div>
   <div class='ocr_carea' id='block_1_41' title="bbox 164 3677 1749 3752">
    <p class='ocr_par' dir='ltr' id='par_1_41' title="bbox 164 3677 1749 3752">
     <span class='ocr_line' id='line_1_41' title="bbox 164 3677 1749 3752; baseline 0.008 -24"><span class='ocrx_word' id='word_1_294' title='bbox 164 3677 267 3731; x_wconf 71' lang='grc' dir='ltr'>καὶ</span> <span class='ocrx_word' id='word_1_295' title='bbox 286 3678 367 3739; x_wconf 86' lang='grc' dir='ltr'>εἰς</span> <span class='ocrx_word' id='word_1_296' title='bbox 382 3677 473 3730; x_wconf 87' lang='grc' dir='ltr'>τὸν</span> <span class='ocrx_word' id='word_1_297' title='bbox 488 3679 716 3747; x_wconf 88' lang='grc' dir='ltr'>οὐρανὸν</span> <span class='ocrx_word' id='word_1_298' title='bbox 730 3681 998 3751; x_wconf 83' lang='grc' dir='ltr'>ἀνήγαγε.</span> <span class='ocrx_word' id='word_1_299' title='bbox 1015 3681 1186 3735; x_wconf 83' lang='grc' dir='ltr'>Πόθεν</span> <span class='ocrx_word' id='word_1_300' title='bbox 1212 3683 1370 3752; x_wconf 79' lang='grc' dir='ltr'>δῆλον</span> <span class='ocrx_word' id='word_1_301' title='bbox 1394 3685 1550 3740; x_wconf 83' lang='grc' dir='ltr'>τοῦτο</span> <span class='ocrx_word' id='word_1_302' title='bbox 1570 3704 1584 3751; x_wconf 87' lang='grc'><strong>;</strong></span> <span class='ocrx_word' id='word_1_303' title='bbox 1614 3688 1749 3741; x_wconf 83' lang='grc' dir='ltr'>Μετ’</span> 
     </span>
    </p>
   </div>
   <div class='ocr_carea' id='block_1_42' title="bbox 166 3756 1748 3839">
    <p class='ocr_par' dir='ltr' id='par_1_42' title="bbox 166 3756 1748 3839">
     <span class='ocr_line' id='line_1_42' title="bbox 166 3756 1748 3839; baseline 0.009 -30"><span class='ocrx_word' id='word_1_304' title='bbox 166 3756 335 3839; x_wconf 71' lang='grc' dir='ltr'>αὐτοῦ</span> <span class='ocrx_word' id='word_1_305' title='bbox 361 3760 543 3828; x_wconf 78' lang='grc' dir='ltr'>μέλλει</span> <span class='ocrx_word' id='word_1_306' title='bbox 570 3760 823 3832; x_wconf 75' lang='grc' dir='ltr'>ἔρχεσθαι</span> <span class='ocrx_word' id='word_1_307' title='bbox 851 3765 908 3816; x_wconf 79' lang='grc' dir='ltr'>ἐν</span> <span class='ocrx_word' id='word_1_308' title='bbox 938 3767 1003 3835; x_wconf 83' lang='grc' dir='ltr'>τῇ</span> <span class='ocrx_word' id='word_1_309' title='bbox 1027 3765 1255 3836; x_wconf 70' lang='grc' dir='ltr'>δευτέρα</span> <span class='ocrx_word' id='word_1_310' title='bbox 1294 3768 1586 3839; x_wconf 74' lang='grc' dir='ltr'>παρουσία.</span> <span class='ocrx_word' id='word_1_311' title='bbox 1605 3769 1748 3824; x_wconf 80' lang='grc' dir='ltr'>Ἀλλ’</span> 
     </span>
    </p>
   </div>
   <div class='ocr_carea' id='block_1_43' title="bbox 168 3836 1749 3919">
    <p class='ocr_par' dir='ltr' id='par_1_43' title="bbox 168 3836 1749 3919">
     <span class='ocr_line' id='line_1_43' title="bbox 168 3836 1749 3919; baseline 0.009 -26"><span class='ocrx_word' id='word_1_312' title='bbox 168 3836 372 3912; x_wconf 71' lang='grc' dir='ltr'>ἴδωμεν</span> <span class='ocrx_word' id='word_1_313' title='bbox 397 3841 490 3895; x_wconf 71' lang='grc' dir='ltr'>καὶ</span> <span class='ocrx_word' id='word_1_314' title='bbox 513 3842 629 3906; x_wconf 83' lang='grc' dir='ltr'>πῶς</span> <span class='ocrx_word' id='word_1_315' title='bbox 666 3845 844 3915; x_wconf 84' lang='grc' dir='ltr'>μέλλει</span> <span class='ocrx_word' id='word_1_316' title='bbox 878 3848 994 3917; x_wconf 77' lang='grc' dir='ltr'>μετ’</span> <span class='ocrx_word' id='word_1_317' title='bbox 1021 3847 1188 3900; x_wconf 88' lang='grc' dir='ltr'>αὐτοῦ</span> <span class='ocrx_word' id='word_1_318' title='bbox 1233 3836 1510 3919; x_wconf 79' lang='grc' dir='ltr'>ἔρχεσθαι.</span> <span class='ocrx_word' id='word_1_319' title='bbox 1543 3836 1749 3907; x_wconf 52' lang='grc' dir='ltr'>λἈκου-</span> 
     </span>
    </p>
   </div>
   <div class='ocr_carea' id='block_1_44' title="bbox 167 3925 1747 4006">
    <p class='ocr_par' dir='ltr' id='par_1_44' title="bbox 167 3925 1747 4006">
     <span class='ocr_line' id='line_1_44' title="bbox 167 3925 1747 4006; baseline 0.006 -27"><span class='ocrx_word' id='word_1_320' title='bbox 167 3940 263 3979; x_wconf 83' lang='grc' dir='ltr'>σον</span> <span class='ocrx_word' id='word_1_321' title='bbox 285 3925 449 3980; x_wconf 91' lang='grc' dir='ltr'>αὐτοῦ</span> <span class='ocrx_word' id='word_1_322' title='bbox 468 3926 715 3995; x_wconf 79' lang='grc' dir='ltr'>λέγοντος</span> <span class='ocrx_word' id='word_1_323' title='bbox 729 3929 820 3982; x_wconf 88' lang='grc' dir='ltr'>τοῦ</span> <span class='ocrx_word' id='word_1_324' title='bbox 845 3930 1082 4001; x_wconf 82' lang='grc' dir='ltr'>Χριστοῦ</span> <span class='ocrx_word' id='word_1_325' title='bbox 1101 3948 1112 3961; x_wconf 89' lang='grc'>·</span> <span class='ocrx_word' id='word_1_326' title='bbox 1157 3933 1299 3986; x_wconf 77' lang='grc' dir='ltr'>Ἐὰν</span> <span class='ocrx_word' id='word_1_327' title='bbox 1314 3933 1567 3988; x_wconf 76' lang='grc' dir='ltr'>εἴπωσιν</span> <span class='ocrx_word' id='word_1_328' title='bbox 1582 3936 1747 4006; x_wconf 81' lang='grc' dir='ltr'>ὑμῖν,</span> 
     </span>
    </p>
   </div>
   <div class='ocr_carea' id='block_1_45' title="bbox 179 4008 1749 4083">
    <p class='ocr_par' dir='ltr' id='par_1_45' title="bbox 179 4008 1749 4083">
     <span class='ocr_line' id='line_1_45' title="bbox 179 4008 1749 4083; baseline 0.008 -23"><span class='ocrx_word' id='word_1_329' title='bbox 179 4008 329 4061; x_wconf 83' lang='grc' dir='ltr'>Ἰδοὺ</span> <span class='ocrx_word' id='word_1_330' title='bbox 356 4009 427 4062; x_wconf 78' lang='grc' dir='ltr'>ὲν</span> <span class='ocrx_word' id='word_1_331' title='bbox 454 4010 579 4076; x_wconf 84' lang='grc' dir='ltr'>τοῖς</span> <span class='ocrx_word' id='word_1_332' title='bbox 611 4013 890 4080; x_wconf 78' lang='grc' dir='ltr'>ταμιείοις</span> <span class='ocrx_word' id='word_1_333' title='bbox 930 4014 1104 4067; x_wconf 81' lang='grc' dir='ltr'>ἐστίν</span> <span class='ocrx_word' id='word_1_334' title='bbox 1141 4019 1175 4068; x_wconf 82' lang='grc' dir='ltr'>ό</span> <span class='ocrx_word' id='word_1_335' title='bbox 1218 4018 1493 4083; x_wconf 79' lang='grc' dir='ltr'>Χριστὸς,</span> <span class='ocrx_word' id='word_1_336' title='bbox 1523 4017 1652 4072; x_wconf 84' lang='grc' dir='ltr'>ἰδοὺ</span> <span class='ocrx_word' id='word_1_337' title='bbox 1678 4019 1749 4072; x_wconf 78' lang='grc' dir='ltr'>ἐν</span> 
     </span>
    </p>
   </div>
   <div class='ocr_carea' id='block_1_46' title="bbox 163 4089 1748 4172">
    <p class='ocr_par' dir='ltr' id='par_1_46' title="bbox 163 4089 1748 4172">
     <span class='ocr_line' id='line_1_46' title="bbox 163 4089 1748 4172; baseline 0.007 -28"><span class='ocrx_word' id='word_1_338' title='bbox 163 4089 245 4159; x_wconf 77' lang='grc' dir='ltr'>τῇ</span> <span class='ocrx_word' id='word_1_339' title='bbox 270 4089 484 4161; x_wconf 76' lang='grc' dir='ltr'>ἐρήμῳ,</span> <span class='ocrx_word' id='word_1_340' title='bbox 510 4092 599 4162; x_wconf 77' lang='grc' dir='ltr'>μὴ</span> <span class='ocrx_word' id='word_1_341' title='bbox 635 4093 947 4163; x_wconf 74' lang='grc' dir='ltr'>ἐξέλθητε’</span> <span class='ocrx_word' id='word_1_342' title='bbox 983 4098 1115 4167; x_wconf 77' lang='grc' dir='ltr'>περὶ</span> <span class='ocrx_word' id='word_1_343' title='bbox 1151 4098 1249 4169; x_wconf 82' lang='grc' dir='ltr'>τῆς</span> <span class='ocrx_word' id='word_1_344' title='bbox 1285 4098 1544 4172; x_wconf 81' lang='grc' dir='ltr'>δευτέρας</span> <span class='ocrx_word' id='word_1_345' title='bbox 1580 4100 1748 4155; x_wconf 87' lang='grc' dir='ltr'>αὐτοῦ</span> 
     </span>
    </p>
   </div>
   <div class='ocr_carea' id='block_1_47' title="bbox 165 4175 1747 4253">
    <p class='ocr_par' dir='ltr' id='par_1_47' title="bbox 165 4175 1747 4253">
     <span class='ocr_line' id='line_1_47' title="bbox 165 4175 1747 4253; baseline 0.008 -25"><span class='ocrx_word' id='word_1_346' title='bbox 165 4175 470 4246; x_wconf 80' lang='grc' dir='ltr'>παρουσίας</span> <span class='ocrx_word' id='word_1_347' title='bbox 497 4176 670 4245; x_wconf 88' lang='grc' dir='ltr'>λέγων</span> <span class='ocrx_word' id='word_1_348' title='bbox 693 4218 707 4239; x_wconf 89' lang='grc'>,</span> <span class='ocrx_word' id='word_1_349' title='bbox 747 4178 835 4231; x_wconf 82' lang='grc' dir='ltr'>διὰ</span> <span class='ocrx_word' id='word_1_350' title='bbox 878 4180 1004 4245; x_wconf 80' lang='grc' dir='ltr'>τοὺς</span> <span class='ocrx_word' id='word_1_351' title='bbox 1029 4180 1470 4253; x_wconf 83' lang='grc' dir='ltr'>ψευδοχρίστους,</span> <span class='ocrx_word' id='word_1_352' title='bbox 1505 4183 1594 4239; x_wconf 89' lang='grc' dir='ltr'>διά</span> <span class='ocrx_word' id='word_1_353' title='bbox 1620 4186 1747 4250; x_wconf 82' lang='grc' dir='ltr'>τοὺς</span> 
     </span>
    </p>
   </div>
   <div class='ocr_carea' id='block_1_48' title="bbox 162 4257 1747 4338">
    <p class='ocr_par' dir='ltr' id='par_1_48' title="bbox 162 4257 1747 4338">
     <span class='ocr_line' id='line_1_48' title="bbox 162 4257 1747 4338; baseline 0.01 -30"><span class='ocrx_word' id='word_1_354' title='bbox 162 4257 737 4331; x_wconf 78' lang='grc' dir='ltr'>ψευδοπροφήτας,διά</span> <span class='ocrx_word' id='word_1_355' title='bbox 750 4262 840 4315; x_wconf 92' lang='grc' dir='ltr'>τὸν</span> <span class='ocrx_word' id='word_1_356' title='bbox 874 4262 1259 4334; x_wconf 85' lang='grc' dir='ltr'>Ἀντίχριστον,</span> <span class='ocrx_word' id='word_1_357' title='bbox 1286 4266 1370 4320; x_wconf 77' lang='grc' dir='ltr'>ἵνα</span> <span class='ocrx_word' id='word_1_358' title='bbox 1396 4268 1469 4338; x_wconf 85' lang='grc' dir='ltr'>μή</span> <span class='ocrx_word' id='word_1_359' title='bbox 1495 4285 1581 4330; x_wconf 89' lang='grc' dir='ltr'>τις</span> <span class='ocrx_word' id='word_1_360' title='bbox 1607 4268 1747 4323; x_wconf 85' lang='grc' dir='ltr'>πλα-</span> 
     </span>
    </p>
   </div>
   <div class='ocr_carea' id='block_1_49' title="bbox 164 4340 1747 4424">
    <p class='ocr_par' dir='ltr' id='par_1_49' title="bbox 164 4340 1747 4424">
     <span class='ocr_line' id='line_1_49' title="bbox 164 4340 1747 4424; baseline 0.008 -30"><span class='ocrx_word' id='word_1_361' title='bbox 164 4340 350 4413; x_wconf 76' lang='grc' dir='ltr'>νηθεὶς</span> <span class='ocrx_word' id='word_1_362' title='bbox 379 4342 570 4414; x_wconf 79' lang='grc' dir='ltr'>ἐκείνῳ</span> <span class='ocrx_word' id='word_1_363' title='bbox 603 4343 897 4418; x_wconf 82' lang='grc' dir='ltr'>περιπέσῃ.</span> <span class='ocrx_word' id='word_1_364' title='bbox 939 4347 1158 4421; x_wconf 78' lang='grc' dir='ltr'>Ἐπειδὴ</span> <span class='ocrx_word' id='word_1_365' title='bbox 1187 4350 1296 4422; x_wconf 81' lang='grc' dir='ltr'>γὰρ</span> <span class='ocrx_word' id='word_1_366' title='bbox 1326 4351 1434 4423; x_wconf 89' lang='grc' dir='ltr'>πρὸ</span> <span class='ocrx_word' id='word_1_367' title='bbox 1465 4351 1562 4405; x_wconf 92' lang='grc' dir='ltr'>τοῦ</span> <span class='ocrx_word' id='word_1_368' title='bbox 1608 4353 1747 4424; x_wconf 79' lang='grc' dir='ltr'>Χρι-</span> 
     </span>
    </p>
   </div>
   <div class='ocr_carea' id='block_1_50' title="bbox 164 4424 1744 4506">
    <p class='ocr_par' dir='ltr' id='par_1_50' title="bbox 164 4424 1744 4506">
     <span class='ocr_line' id='line_1_50' title="bbox 164 4424 1744 4506; baseline 0.007 -27"><span class='ocrx_word' id='word_1_369' title='bbox 164 4424 297 4479; x_wconf 83' lang='grc' dir='ltr'>στοῦ</span> <span class='ocrx_word' id='word_1_370' title='bbox 323 4427 353 4479; x_wconf 90' lang='lat'>6</span> <span class='ocrx_word' id='word_1_371' title='bbox 388 4426 751 4499; x_wconf 77' lang='grc' dir='ltr'>’Λντίχριστος</span> <span class='ocrx_word' id='word_1_372' title='bbox 772 4427 1009 4501; x_wconf 76' lang='grc' dir='ltr'>ἔρχεται,</span> <span class='ocrx_word' id='word_1_373' title='bbox 1039 4432 1126 4485; x_wconf 85' lang='grc' dir='ltr'>ἵνα</span> <span class='ocrx_word' id='word_1_374' title='bbox 1155 4433 1229 4505; x_wconf 87' lang='grc' dir='ltr'>μὴ</span> <span class='ocrx_word' id='word_1_375' title='bbox 1262 4433 1570 4505; x_wconf 80' lang='grc' dir='ltr'>ζητοῦντες,</span> <span class='ocrx_word' id='word_1_376' title='bbox 1588 4437 1744 4506; x_wconf 76' lang='grc' dir='ltr'>φησί,</span> 
     </span>
    </p>
   </div>
   <div class='ocr_carea' id='block_1_51' title="bbox 161 4508 1748 4592">
    <p class='ocr_par' dir='ltr' id='par_1_51' title="bbox 161 4508 1748 4592">
     <span class='ocr_line' id='line_1_51' title="bbox 161 4508 1748 4592; baseline 0.009 -31"><span class='ocrx_word' id='word_1_377' title='bbox 161 4508 257 4592; x_wconf 80' lang='grc' dir='ltr'>τὸν</span> <span class='ocrx_word' id='word_1_378' title='bbox 281 4510 536 4581; x_wconf 89' lang='grc' dir='ltr'>ποιμένα,</span> <span class='ocrx_word' id='word_1_379' title='bbox 583 4510 660 4582; x_wconf 80' lang='grc' dir='ltr'>τῷ</span> <span class='ocrx_word' id='word_1_380' title='bbox 691 4510 840 4583; x_wconf 84' lang='grc' dir='ltr'>λύκῳ</span> <span class='ocrx_word' id='word_1_381' title='bbox 870 4515 1228 4585; x_wconf 83' lang='grc' dir='ltr'>περιπέσητε,</span> <span class='ocrx_word' id='word_1_382' title='bbox 1286 4516 1379 4571; x_wconf 83' lang='grc' dir='ltr'>διὰ</span> <span class='ocrx_word' id='word_1_383' title='bbox 1419 4518 1578 4573; x_wconf 87' lang='grc' dir='ltr'>τοῦτο</span> <span class='ocrx_word' id='word_1_384' title='bbox 1616 4520 1748 4592; x_wconf 87' lang='grc' dir='ltr'>ὐμῖν</span> 
     </span>
    </p>
   </div>
   <div class='ocr_carea' id='block_1_52' title="bbox 160 4589 1748 4672">
    <p class='ocr_par' dir='ltr' id='par_1_52' title="bbox 160 4589 1748 4672">
     <span class='ocr_line' id='line_1_52' title="bbox 160 4589 1748 4672; baseline 0.009 -29"><span class='ocrx_word' id='word_1_385' title='bbox 160 4589 308 4661; x_wconf 86' lang='grc' dir='ltr'>λέγω</span> <span class='ocrx_word' id='word_1_386' title='bbox 328 4592 684 4665; x_wconf 85' lang='grc' dir='ltr'>γνωρίσματα</span> <span class='ocrx_word' id='word_1_387' title='bbox 704 4595 802 4667; x_wconf 83' lang='grc' dir='ltr'>τῆς</span> <span class='ocrx_word' id='word_1_388' title='bbox 826 4596 921 4649; x_wconf 91' lang='grc' dir='ltr'>τοῦ</span> <span class='ocrx_word' id='word_1_389' title='bbox 944 4598 1202 4668; x_wconf 83' lang='grc' dir='ltr'>ποιμένος</span> <span class='ocrx_word' id='word_1_390' title='bbox 1232 4601 1555 4672; x_wconf 86' lang='grc' dir='ltr'>παρουσίας.</span> <span class='ocrx_word' id='word_1_391' title='bbox 1571 4589 1748 4658; x_wconf 80' lang='grc' dir='ltr'>Ἐπει-</span> 
     </span>
    </p>
   </div>
   <div class='ocr_carea' id='block_1_53' title="bbox 160 4673 1743 4756">
    <p class='ocr_par' dir='ltr' id='par_1_53' title="bbox 160 4673 1743 4756">
     <span class='ocr_line' id='line_1_53' title="bbox 160 4673 1743 4756; baseline 0.01 -30"><span class='ocrx_word' id='word_1_392' title='bbox 160 4674 229 4747; x_wconf 82' lang='grc' dir='ltr'>δὴ</span> <span class='ocrx_word' id='word_1_393' title='bbox 256 4673 365 4746; x_wconf 86' lang='grc' dir='ltr'>γὰρ</span> <span class='ocrx_word' id='word_1_394' title='bbox 387 4676 629 4748; x_wconf 76' lang='grc' dir='ltr'>ἡπρώτη</span> <span class='ocrx_word' id='word_1_395' title='bbox 655 4679 818 4733; x_wconf 84' lang='grc' dir='ltr'>αὐτοῦ</span> <span class='ocrx_word' id='word_1_396' title='bbox 847 4682 1119 4752; x_wconf 89' lang='grc' dir='ltr'>παρουσία</span> <span class='ocrx_word' id='word_1_397' title='bbox 1140 4683 1481 4739; x_wconf 85' lang='grc' dir='ltr'>λανθάνουσα</span> <span class='ocrx_word' id='word_1_398' title='bbox 1505 4687 1743 4756; x_wconf 79' lang='grc' dir='ltr'>ἐγένετο,</span> 
     </span>
    </p>
   </div>
   <div class='ocr_carea' id='block_1_54' title="bbox 166 4759 1744 4840">
    <p class='ocr_par' dir='ltr' id='par_1_54' title="bbox 166 4759 1744 4840">
     <span class='ocr_line' id='line_1_54' title="bbox 166 4759 1744 4840; baseline 0.01 -30"><span class='ocrx_word' id='word_1_399' title='bbox 166 4759 245 4832; x_wconf 79' lang='grc' dir='ltr'>μὴ</span> <span class='ocrx_word' id='word_1_400' title='bbox 266 4759 546 4830; x_wconf 88' lang='grc' dir='ltr'>νομίσητε,</span> <span class='ocrx_word' id='word_1_401' title='bbox 578 4763 760 4833; x_wconf 72' lang='grc' dir='ltr'>φησὶν,</span> <span class='ocrx_word' id='word_1_402' title='bbox 780 4765 863 4817; x_wconf 85' lang='grc' dir='ltr'>ὃτι</span> <span class='ocrx_word' id='word_1_403' title='bbox 884 4766 976 4819; x_wconf 85' lang='grc' dir='ltr'>καὶ</span> <span class='ocrx_word' id='word_1_404' title='bbox 998 4768 1030 4836; x_wconf 83' lang='grc' dir='ltr'>ή</span> <span class='ocrx_word' id='word_1_405' title='bbox 1061 4766 1289 4839; x_wconf 85' lang='grc' dir='ltr'>δευτέρα</span> <span class='ocrx_word' id='word_1_406' title='bbox 1315 4768 1538 4840; x_wconf 84' lang='grc' dir='ltr'>τοιαύτη</span> <span class='ocrx_word' id='word_1_407' title='bbox 1566 4769 1744 4827; x_wconf 82' lang='grc' dir='ltr'>ἔσται.</span> 
     </span>
    </p>
   </div>
   <div class='ocr_carea' id='block_1_55' title="bbox 172 4842 1746 4929">
    <p class='ocr_par' dir='ltr' id='par_1_55' title="bbox 172 4842 1746 4929">
     <span class='ocr_line' id='line_1_55' title="bbox 172 4842 1746 4929; baseline 0.009 -34"><span class='ocrx_word' id='word_1_408' title='bbox 172 4842 390 4929; x_wconf 53' lang='grc' dir='ltr'>ΪΕκείνη</span> <span class='ocrx_word' id='word_1_409' title='bbox 416 4843 528 4929; x_wconf 76' lang='grc' dir='ltr'>γάρ</span> <span class='ocrx_word' id='word_1_410' title='bbox 545 4847 773 4913; x_wconf 88' lang='grc' dir='ltr'>εἰκότως</span> <span class='ocrx_word' id='word_1_411' title='bbox 808 4847 1142 4905; x_wconf 80' lang='grc' dir='ltr'>λανθάνουσα</span> <span class='ocrx_word' id='word_1_412' title='bbox 1173 4852 1389 4918; x_wconf 82' lang='grc' dir='ltr'>ἐγένετο</span> <span class='ocrx_word' id='word_1_413' title='bbox 1408 4869 1421 4882; x_wconf 92' lang='grc'><strong>·</strong></span> <span class='ocrx_word' id='word_1_414' title='bbox 1454 4848 1585 4924; x_wconf 81' lang='grc' dir='ltr'>ἦλθε</span> <span class='ocrx_word' id='word_1_415' title='bbox 1636 4854 1746 4929; x_wconf 79' lang='grc' dir='ltr'>γάρ</span> 
     </span>
    </p>
   </div>
   <div class='ocr_carea' id='block_1_56' title="bbox 160 4925 1743 5004">
    <p class='ocr_par' dir='ltr' id='par_1_56' title="bbox 160 4925 1743 5004">
     <span class='ocr_line' id='line_1_56' title="bbox 160 4925 1743 5004; baseline 0.01 -28"><span class='ocrx_word' id='word_1_416' title='bbox 160 4925 397 4998; x_wconf 83' lang='grc' dir='ltr'>ζητῆσαι</span> <span class='ocrx_word' id='word_1_417' title='bbox 423 4927 484 4980; x_wconf 91' lang='grc' dir='ltr'>τὸ</span> <span class='ocrx_word' id='word_1_418' title='bbox 508 4927 784 4996; x_wconf 81' lang='grc' dir='ltr'>ἀπολωλός</span> <span class='ocrx_word' id='word_1_419' title='bbox 805 4950 817 4962; x_wconf 90' lang='grc'>·</span> <span class='ocrx_word' id='word_1_420' title='bbox 848 4932 989 5002; x_wconf 86' lang='grc' dir='ltr'>αῦτη</span> <span class='ocrx_word' id='word_1_421' title='bbox 1005 4933 1061 4986; x_wconf 82' lang='grc' dir='ltr'>δὲ</span> <span class='ocrx_word' id='word_1_422' title='bbox 1078 4934 1175 5004; x_wconf 89' lang='grc' dir='ltr'>οὐχ</span> <span class='ocrx_word' id='word_1_423' title='bbox 1205 4933 1399 4997; x_wconf 76' lang='grc' dir='ltr'>οὕτως,</span> <span class='ocrx_word' id='word_1_424' title='bbox 1429 4936 1565 4990; x_wconf 88' lang='grc' dir='ltr'>ἀλλά</span> <span class='ocrx_word' id='word_1_425' title='bbox 1586 4937 1704 5002; x_wconf 84' lang='grc' dir='ltr'>πῶς</span> <span class='ocrx_word' id='word_1_426' title='bbox 1714 4925 1743 5004; x_wconf 54' lang='grc' dir='ltr'>’ς</span> 
     </span>
    </p>
   </div>
   <div class='ocr_carea' id='block_1_57' title="bbox 159 5009 1747 5089">
    <p class='ocr_par' dir='ltr' id='par_1_57' title="bbox 159 5009 1747 5089">
     <span class='ocr_line' id='line_1_57' title="bbox 159 5009 1747 5089; baseline 0.006 -24"><span class='ocrx_word' id='word_1_427' title='bbox 159 5009 282 5065; x_wconf 81' lang='grc' dir='ltr'>εἰπὲ</span> <span class='ocrx_word' id='word_1_428' title='bbox 303 5009 397 5062; x_wconf 78' lang='grc' dir='ltr'>καὶ</span> <span class='ocrx_word' id='word_1_429' title='bbox 412 5009 637 5078; x_wconf 78' lang='grc' dir='ltr'>δίδαξον.</span> <span class='ocrx_word' id='word_1_430' title='bbox 660 5013 886 5085; x_wconf 78' lang='grc' dir='ltr'>’Ὠσπερ</span> <span class='ocrx_word' id='word_1_431' title='bbox 904 5015 1231 5086; x_wconf 80' lang='grc' dir='ltr'>ἐξέρχεται,</span> <span class='ocrx_word' id='word_1_432' title='bbox 1252 5020 1438 5089; x_wconf 70' lang='grc' dir='ltr'>φησὶν,</span> <span class='ocrx_word' id='word_1_433' title='bbox 1473 5021 1512 5088; x_wconf 80' lang='grc' dir='ltr'><strong><em>ἠ</em></strong></span> <span class='ocrx_word' id='word_1_434' title='bbox 1534 5021 1747 5089; x_wconf 68' lang='grc' dir='ltr'>ἀστραι</span> 
     </span>
    </p>
   </div>
   <div class='ocr_carea' id='block_1_58' title="bbox 160 5088 1746 5172">
    <p class='ocr_par' dir='ltr' id='par_1_58' title="bbox 160 5088 1746 5172">
     <span class='ocr_line' id='line_1_58' title="bbox 160 5088 1746 5172; baseline 0.009 -29"><span class='ocrx_word' id='word_1_435' title='bbox 160 5088 248 5159; x_wconf 73' lang='grc' dir='ltr'>πὴ</span> <span class='ocrx_word' id='word_1_436' title='bbox 281 5091 398 5146; x_wconf 79' lang='grc' dir='ltr'>ἀπὸ</span> <span class='ocrx_word' id='word_1_437' title='bbox 436 5092 767 5160; x_wconf 78' lang='grc' dir='ltr'>ἀνατολῶν,</span> <span class='ocrx_word' id='word_1_438' title='bbox 793 5098 891 5153; x_wconf 72' lang='grc' dir='ltr'>καὶ</span> <span class='ocrx_word' id='word_1_439' title='bbox 920 5100 1192 5169; x_wconf 71' lang='grc' dir='ltr'>φαίνεται</span> <span class='ocrx_word' id='word_1_440' title='bbox 1212 5088 1324 5166; x_wconf 63' lang='grc' dir='ltr'>ἕως</span> <span class='ocrx_word' id='word_1_441' title='bbox 1354 5100 1620 5172; x_wconf 78' lang='grc' dir='ltr'>δυσμῶν.</span> <span class='ocrx_word' id='word_1_442' title='bbox 1644 5088 1746 5158; x_wconf 81' lang='grc' dir='ltr'>οὕ-</span> 
     </span>
    </p>
   </div>
   <div class='ocr_carea' id='block_1_59' title="bbox 159 5172 1745 5255">
    <p class='ocr_par' dir='ltr' id='par_1_59' title="bbox 159 5172 1745 5255">
     <span class='ocr_line' id='line_1_59' title="bbox 159 5172 1745 5255; baseline 0.011 -31"><span class='ocrx_word' id='word_1_443' title='bbox 159 5186 278 5239; x_wconf 80' lang='grc' dir='ltr'>τως</span> <span class='ocrx_word' id='word_1_444' title='bbox 302 5172 476 5229; x_wconf 77' lang='grc' dir='ltr'>ἔσται</span> <span class='ocrx_word' id='word_1_445' title='bbox 509 5177 609 5231; x_wconf 77' lang='grc' dir='ltr'>καὶ</span> <span class='ocrx_word' id='word_1_446' title='bbox 643 5179 683 5249; x_wconf 77' lang='grc' dir='ltr'><strong><em>ἠ</em></strong></span> <span class='ocrx_word' id='word_1_447' title='bbox 716 5182 1020 5249; x_wconf 81' lang='grc' dir='ltr'>παρουσία</span> <span class='ocrx_word' id='word_1_448' title='bbox 1050 5181 1156 5236; x_wconf 88' lang='grc' dir='ltr'>τοῦ</span> <span class='ocrx_word' id='word_1_449' title='bbox 1207 5182 1345 5238; x_wconf 81' lang='grc' dir='ltr'>Υίοῦ</span> <span class='ocrx_word' id='word_1_450' title='bbox 1384 5184 1490 5239; x_wconf 88' lang='grc' dir='ltr'>τοῦ</span> <span class='ocrx_word' id='word_1_451' title='bbox 1524 5186 1745 5255; x_wconf 77' lang='grc' dir='ltr'>ἀνθρώο</span> 
     </span>
    </p>
   </div>
   <div class='ocr_carea' id='block_1_60' title="bbox 161 5257 1737 5341">
    <p class='ocr_par' dir='ltr' id='par_1_60' title="bbox 161 5257 1737 5341">
     <span class='ocr_line' id='line_1_60' title="bbox 161 5257 1737 5341; baseline 0.011 -34"><span class='ocrx_word' id='word_1_452' title='bbox 161 5264 301 5341; x_wconf 66' lang='grc' dir='ltr'>που.</span> <span class='ocrx_word' id='word_1_453' title='bbox 329 5257 549 5341; x_wconf 72' lang='grc' dir='ltr'>’ᾼθρόον</span> <span class='ocrx_word' id='word_1_454' title='bbox 576 5264 708 5315; x_wconf 75' lang='grc' dir='ltr'>πᾶσι</span> <span class='ocrx_word' id='word_1_455' title='bbox 732 5269 982 5333; x_wconf 84' lang='grc' dir='ltr'>φανεῖται</span> <span class='ocrx_word' id='word_1_456' title='bbox 1000 5282 1014 5297; x_wconf 74' lang='grc' dir='ltr'><strong>ο</strong></span> <span class='ocrx_word' id='word_1_457' title='bbox 1050 5266 1111 5320; x_wconf 88' lang='grc' dir='ltr'>οὐ</span> <span class='ocrx_word' id='word_1_458' title='bbox 1133 5265 1384 5339; x_wconf 83' lang='grc' dir='ltr'>δεήσεται</span> <span class='ocrx_word' id='word_1_459' title='bbox 1406 5268 1583 5333; x_wconf 67' lang='grc' dir='ltr'>οὐδεὶς</span> <span class='ocrx_word' id='word_1_460' title='bbox 1606 5273 1737 5341; x_wconf 76' lang='grc' dir='ltr'>ὲρωο</span> 
     </span>
    </p>
   </div>
   <div class='ocr_carea' id='block_1_61' title="bbox 160 5340 1744 5425">
    <p class='ocr_par' dir='ltr' id='par_1_61' title="bbox 160 5340 1744 5425">
     <span class='ocr_line' id='line_1_61' title="bbox 160 5340 1744 5425; baseline 0.011 -34"><span class='ocrx_word' id='word_1_461' title='bbox 160 5340 343 5425; x_wconf 60' lang='grc' dir='ltr'>τησαι.</span> <span class='ocrx_word' id='word_1_462' title='bbox 368 5340 578 5417; x_wconf 84' lang='grc' dir='ltr'>Ὥσπερ</span> <span class='ocrx_word' id='word_1_463' title='bbox 593 5345 702 5421; x_wconf 81' lang='grc' dir='ltr'>γάρ</span> <span class='ocrx_word' id='word_1_464' title='bbox 730 5348 1017 5425; x_wconf 80' lang='grc' dir='ltr'>ἀστραπῆς</span> <span class='ocrx_word' id='word_1_465' title='bbox 1041 5351 1391 5423; x_wconf 84' lang='grc' dir='ltr'>φαινομένης,</span> <span class='ocrx_word' id='word_1_466' title='bbox 1421 5353 1483 5406; x_wconf 84' lang='grc' dir='ltr'>οὐ</span> <span class='ocrx_word' id='word_1_467' title='bbox 1512 5340 1744 5423; x_wconf 87' lang='grc' dir='ltr'>δεόμεθα</span> 
     </span>
    </p>
   </div>
   <div class='ocr_carea' id='block_1_62' title="bbox 161 5420 1741 5508">
    <p class='ocr_par' dir='ltr' id='par_1_62' title="bbox 161 5420 1741 5508">
     <span class='ocr_line' id='line_1_62' title="bbox 161 5420 1741 5508; baseline 0.013 -36"><span class='ocrx_word' id='word_1_468' title='bbox 161 5420 453 5508; x_wconf 64' lang='grc' dir='ltr'>ἱξετάζειν,</span> <span class='ocrx_word' id='word_1_469' title='bbox 489 5425 636 5501; x_wconf 71' lang='grc'>[418]</span> <span class='ocrx_word' id='word_1_470' title='bbox 656 5420 714 5484; x_wconf 83' lang='grc' dir='ltr'>εί</span> <span class='ocrx_word' id='word_1_471' title='bbox 738 5422 954 5499; x_wconf 81' lang='grc' dir='ltr'>ἐγένετο</span> <span class='ocrx_word' id='word_1_472' title='bbox 977 5420 1235 5506; x_wconf 77' lang='grc' dir='ltr'>ἀστραπή</span> <span class='ocrx_word' id='word_1_473' title='bbox 1255 5450 1269 5465; x_wconf 74' lang='grc' dir='ltr'><strong><em>ο</em></strong></span> <span class='ocrx_word' id='word_1_474' title='bbox 1298 5420 1441 5490; x_wconf 76' lang='grc' dir='ltr'>οῦτω</span> <span class='ocrx_word' id='word_1_475' title='bbox 1465 5438 1565 5508; x_wconf 85' lang='grc' dir='ltr'>τῆς</span> <span class='ocrx_word' id='word_1_476' title='bbox 1596 5420 1741 5508; x_wconf 77' lang='grc' dir='ltr'>παρ-</span> 
     </span>
    </p>
   </div>
   <div class='ocr_carea' id='block_1_63' title="bbox 161 5506 1741 5591">
    <p class='ocr_par' dir='ltr' id='par_1_63' title="bbox 161 5506 1741 5591">
     <span class='ocr_line' id='line_1_63' title="bbox 161 5506 1741 5591; baseline 0.011 -34"><span class='ocrx_word' id='word_1_477' title='bbox 161 5506 347 5571; x_wconf 83' lang='grc' dir='ltr'>ουσίας</span> <span class='ocrx_word' id='word_1_478' title='bbox 377 5509 544 5564; x_wconf 87' lang='grc' dir='ltr'>αὐτοῦ</span> <span class='ocrx_word' id='word_1_479' title='bbox 574 5515 895 5588; x_wconf 81' lang='grc' dir='ltr'>γενομένης,</span> <span class='ocrx_word' id='word_1_480' title='bbox 946 5518 1008 5570; x_wconf 92' lang='grc' dir='ltr'>οὐ</span> <span class='ocrx_word' id='word_1_481' title='bbox 1041 5517 1345 5591; x_wconf 86' lang='grc' dir='ltr'>δεησόμεθα</span> <span class='ocrx_word' id='word_1_482' title='bbox 1391 5506 1666 5585; x_wconf 73' lang='grc' dir='ltr'>ἐξετάζειν</span> <span class='ocrx_word' id='word_1_483' title='bbox 1682 5506 1741 5574; x_wconf 79' lang='grc' dir='ltr'>εἰ</span> 
     </span>
    </p>
   </div>
   <div class='ocr_carea' id='block_1_64' title="bbox 162 5591 1744 5674">
    <p class='ocr_par' dir='ltr' id='par_1_64' title="bbox 162 5591 1744 5674">
     <span class='ocr_line' id='line_1_64' title="bbox 162 5591 1744 5674; baseline 0.012 -34"><span class='ocrx_word' id='word_1_484' title='bbox 162 5591 495 5674; x_wconf 81' lang='grc' dir='ltr'>παρεγένετο</span> <span class='ocrx_word' id='word_1_485' title='bbox 521 5596 549 5648; x_wconf 86' lang='lat'>6</span> <span class='ocrx_word' id='word_1_486' title='bbox 580 5596 834 5667; x_wconf 84' lang='grc' dir='ltr'>Χριστός.</span> <span class='ocrx_word' id='word_1_487' title='bbox 871 5600 1032 5655; x_wconf 84' lang='grc' dir='ltr'>Ἀλλά</span> <span class='ocrx_word' id='word_1_488' title='bbox 1067 5602 1129 5655; x_wconf 90' lang='grc' dir='ltr'>τὸ</span> <span class='ocrx_word' id='word_1_489' title='bbox 1164 5600 1493 5674; x_wconf 78' lang='grc' dir='ltr'>ζητούμενον</span> <span class='ocrx_word' id='word_1_490' title='bbox 1530 5604 1744 5659; x_wconf 82' lang='grc' dir='ltr'>οὐδέπω</span> 
     </span>
    </p>
   </div>
   <div class='ocr_carea' id='block_1_65' title="bbox 162 5672 1738 5759">
    <p class='ocr_par' dir='ltr' id='par_1_65' title="bbox 162 5672 1738 5759">
     <span class='ocr_line' id='line_1_65' title="bbox 162 5672 1738 5759; baseline 0.013 -37"><span class='ocrx_word' id='word_1_491' title='bbox 162 5672 257 5759; x_wconf 70' lang='grc' dir='ltr'>καὶ</span> <span class='ocrx_word' id='word_1_492' title='bbox 279 5672 375 5759; x_wconf 78' lang='grc' dir='ltr'>νῦν</span> <span class='ocrx_word' id='word_1_493' title='bbox 414 5676 737 5759; x_wconf 79' lang='grc' dir='ltr'>είρήκαμεν,</span> <span class='ocrx_word' id='word_1_494' title='bbox 797 5685 847 5736; x_wconf 79' lang='grc' dir='ltr'>εἰ</span> <span class='ocrx_word' id='word_1_495' title='bbox 894 5684 1033 5756; x_wconf 77' lang='grc' dir='ltr'>μετὰ</span> <span class='ocrx_word' id='word_1_496' title='bbox 1080 5684 1174 5739; x_wconf 82' lang='grc' dir='ltr'>τοῦ</span> <span class='ocrx_word' id='word_1_497' title='bbox 1220 5672 1464 5759; x_wconf 82' lang='grc' dir='ltr'>σταυροῦ</span> <span class='ocrx_word' id='word_1_498' title='bbox 1498 5686 1738 5759; x_wconf 70' lang='grc' dir='ltr'>ἔρχεται.</span> 
     </span>
    </p>
   </div>
   <div class='ocr_carea' id='block_1_66' title="bbox 164 5754 1736 5843">
    <p class='ocr_par' dir='ltr' id='par_1_66' title="bbox 164 5754 1736 5843">
     <span class='ocr_line' id='line_1_66' title="bbox 164 5754 1736 5843; baseline 0.013 -36"><span class='ocrx_word' id='word_1_499' title='bbox 164 5754 359 5810; x_wconf 71' lang='grc' dir='ltr'>’Δκοῦε</span> <span class='ocrx_word' id='word_1_500' title='bbox 395 5757 576 5813; x_wconf 86' lang='grc' dir='ltr'>τοίνυν</span> <span class='ocrx_word' id='word_1_501' title='bbox 629 5764 722 5817; x_wconf 80' lang='grc' dir='ltr'>καὶ</span> <span class='ocrx_word' id='word_1_502' title='bbox 759 5754 917 5821; x_wconf 82' lang='grc' dir='ltr'>τοῦτο</span> <span class='ocrx_word' id='word_1_503' title='bbox 972 5768 1158 5840; x_wconf 81' lang='grc' dir='ltr'>σαφῶς</span> <span class='ocrx_word' id='word_1_504' title='bbox 1216 5754 1384 5825; x_wconf 84' lang='grc' dir='ltr'>αὐτοῦ</span> <span class='ocrx_word' id='word_1_505' title='bbox 1433 5754 1736 5843; x_wconf 67' lang='grc' dir='ltr'>δηλοῦντος.</span> 
     </span>
    </p>
   </div>
   <div class='ocr_carea' id='block_1_67' title="bbox 1100 321 2378 409">
    <p class='ocr_par' dir='ltr' id='par_1_67' title="bbox 1100 321 2378 409">
     <span class='ocr_line' id='line_1_67' title="bbox 1100 321 2378 409; baseline -0.003 -27"><span class='ocrx_word' id='word_1_506' title='bbox 1100 324 1192 382; x_wconf 84' lang='lat' dir='ltr'>DE</span> <span class='ocrx_word' id='word_1_507' title='bbox 1228 322 1461 383; x_wconf 70' lang='lat' dir='ltr'><strong>CRUCE</strong></span> <span class='ocrx_word' id='word_1_508' title='bbox 1501 322 1589 379; x_wconf 83' lang='lat' dir='ltr'>ET</span> <span class='ocrx_word' id='word_1_509' title='bbox 1624 321 1977 382; x_wconf 76' lang='lat' dir='ltr'>LATRONE.</span> <span class='ocrx_word' id='word_1_510' title='bbox 2021 322 2257 384; x_wconf 74' lang='lat' dir='ltr'>HOMIL.</span> <span class='ocrx_word' id='word_1_511' title='bbox 2292 324 2378 409; x_wconf 70' lang='grc' dir='ltr'>ΙΙ.⁸</span> 
     </span>
    </p>
   </div>
   <div class='ocr_carea' id='block_1_68' title="bbox 3341 330 3450 387">
    <p class='ocr_par' dir='ltr' id='par_1_68' title="bbox 3341 330 3450 387">
     <span class='ocr_line' id='line_1_68' title="bbox 3341 330 3450 387; baseline 0 0"><span class='ocrx_word' id='word_1_512' title='bbox 3341 330 3450 387; x_wconf 70' lang='grc'><strong>416</strong></span> 
     </span>
    </p>
   </div>
   <div class='ocr_carea' id='block_1_69' title="bbox 1871 436 3449 515">
    <p class='ocr_par' dir='ltr' id='par_1_69' title="bbox 1871 436 3449 515">
     <span class='ocr_line' id='line_1_69' title="bbox 1871 436 3449 515; baseline 0.004 -18"><span class='ocrx_word' id='word_1_513' title='bbox 1871 443 2031 509; x_wconf 82' lang='grc' dir='ltr'>Τότε,</span> <span class='ocrx_word' id='word_1_514' title='bbox 2067 442 2222 515; x_wconf 81' lang='grc' dir='ltr'>φησὶ,</span> <span class='ocrx_word' id='word_1_515' title='bbox 2254 443 2555 511; x_wconf 77' lang='grc' dir='ltr'>τουτέστιν,</span> <span class='ocrx_word' id='word_1_516' title='bbox 2583 443 2714 498; x_wconf 82' lang='grc' dir='ltr'>ὅταν</span> <span class='ocrx_word' id='word_1_517' title='bbox 2734 436 3005 515; x_wconf 78' lang='grc' dir='ltr'>ἔρχωμαι,</span> <span class='ocrx_word' id='word_1_518' title='bbox 3046 446 3077 497; x_wconf 86' lang='grc' dir='ltr'><em>ὁ</em></span> <span class='ocrx_word' id='word_1_519' title='bbox 3112 443 3283 511; x_wconf 69' lang='grc' dir='ltr'>ἣλιος</span> <span class='ocrx_word' id='word_1_520' title='bbox 3309 459 3449 502; x_wconf 84' lang='grc' dir='ltr'>σκο-</span> 
     </span>
    </p>
   </div>
   <div class='ocr_carea' id='block_1_70' title="bbox 1863 524 3449 596">
    <p class='ocr_par' dir='ltr' id='par_1_70' title="bbox 1863 524 3449 596">
     <span class='ocr_line' id='line_1_70' title="bbox 1863 524 3449 596; baseline 0.003 -17"><span class='ocrx_word' id='word_1_521' title='bbox 1863 526 2236 595; x_wconf 82' lang='grc' dir='ltr'>τισθήσεται,</span> <span class='ocrx_word' id='word_1_522' title='bbox 2269 525 2369 579; x_wconf 79' lang='grc' dir='ltr'>καί</span> <span class='ocrx_word' id='word_1_523' title='bbox 2400 527 2440 593; x_wconf 75' lang='grc' dir='ltr'><strong><em>ἡ</em></strong></span> <span class='ocrx_word' id='word_1_524' title='bbox 2465 525 2698 596; x_wconf 70' lang='grc' dir='ltr'>σελήνη</span> <span class='ocrx_word' id='word_1_525' title='bbox 2724 530 2796 582; x_wconf 88' lang='grc' dir='ltr'>οὐ</span> <span class='ocrx_word' id='word_1_526' title='bbox 2821 526 3081 579; x_wconf 87' lang='grc' dir='ltr'>δώσειτό</span> <span class='ocrx_word' id='word_1_527' title='bbox 3102 524 3317 595; x_wconf 75' lang='grc' dir='ltr'>φέγγος</span> <span class='ocrx_word' id='word_1_528' title='bbox 3348 531 3449 583; x_wconf 87' lang='grc' dir='ltr'>αὐ-</span> 
     </span>
    </p>
   </div>
   <div class='ocr_carea' id='block_1_71' title="bbox 1863 608 3444 681">
    <p class='ocr_par' dir='ltr' id='par_1_71' title="bbox 1863 608 3444 681">
     <span class='ocr_line' id='line_1_71' title="bbox 1863 608 3444 681; baseline 0.001 -19"><span class='ocrx_word' id='word_1_529' title='bbox 1863 608 1994 677; x_wconf 75' lang='grc' dir='ltr'>τῆς.</span> <span class='ocrx_word' id='word_1_530' title='bbox 2020 609 2265 680; x_wconf 87' lang='grc' dir='ltr'>Τοσαύτη</span> <span class='ocrx_word' id='word_1_531' title='bbox 2288 609 2396 681; x_wconf 84' lang='grc' dir='ltr'>γάρ</span> <span class='ocrx_word' id='word_1_532' title='bbox 2417 609 2569 664; x_wconf 73' lang='grc' dir='ltr'>ἔσται</span> <span class='ocrx_word' id='word_1_533' title='bbox 2589 610 2682 665; x_wconf 86' lang='grc' dir='ltr'>τοῦ</span> <span class='ocrx_word' id='word_1_534' title='bbox 2718 608 2894 680; x_wconf 90' lang='grc' dir='ltr'>φωτὸς</span> <span class='ocrx_word' id='word_1_535' title='bbox 2919 609 3042 662; x_wconf 86' lang='grc' dir='ltr'>τότε</span> <span class='ocrx_word' id='word_1_536' title='bbox 3079 611 3112 679; x_wconf 81' lang='grc' dir='ltr'>ἡ</span> <span class='ocrx_word' id='word_1_537' title='bbox 3147 610 3444 681; x_wconf 81' lang='grc' dir='ltr'>ὑπερϐολὴ,</span> 
     </span>
    </p>
   </div>
   <div class='ocr_carea' id='block_1_72' title="bbox 1860 690 3447 765">
    <p class='ocr_par' dir='ltr' id='par_1_72' title="bbox 1860 690 3447 765">
     <span class='ocr_line' id='line_1_72' title="bbox 1860 690 3447 765; baseline 0.003 -22"><span class='ocrx_word' id='word_1_538' title='bbox 1860 690 1938 756; x_wconf 83' lang='grc' dir='ltr'>ὡς</span> <span class='ocrx_word' id='word_1_539' title='bbox 1963 692 2057 745; x_wconf 79' lang='grc' dir='ltr'>καὶ</span> <span class='ocrx_word' id='word_1_540' title='bbox 2086 693 2155 747; x_wconf 79' lang='grc' dir='ltr'>τά</span> <span class='ocrx_word' id='word_1_541' title='bbox 2194 693 2464 762; x_wconf 87' lang='grc' dir='ltr'>φανότατα</span> <span class='ocrx_word' id='word_1_542' title='bbox 2498 692 2674 765; x_wconf 80' lang='grc' dir='ltr'>ἄστρα</span> <span class='ocrx_word' id='word_1_543' title='bbox 2713 690 3181 764; x_wconf 83' lang='grc' dir='ltr'>ἀποκρύπτεσθαι.</span> <span class='ocrx_word' id='word_1_544' title='bbox 3237 691 3348 745; x_wconf 82' lang='grc' dir='ltr'>Καί</span> <span class='ocrx_word' id='word_1_545' title='bbox 3391 695 3447 747; x_wconf 82' lang='grc' dir='ltr'>οὶ</span> 
     </span>
    </p>
   </div>
   <div class='ocr_carea' id='block_1_73' title="bbox 1860 774 3447 848">
    <p class='ocr_par' dir='ltr' id='par_1_73' title="bbox 1860 774 3447 848">
     <span class='ocr_line' id='line_1_73' title="bbox 1860 774 3447 848; baseline -0.003 -17"><span class='ocrx_word' id='word_1_546' title='bbox 1860 776 2114 844; x_wconf 75' lang='grc' dir='ltr'>ἀστέρες</span> <span class='ocrx_word' id='word_1_547' title='bbox 2142 776 2273 845; x_wconf 76' lang='grc' dir='ltr'>γὰρ,</span> <span class='ocrx_word' id='word_1_548' title='bbox 2319 778 2453 848; x_wconf 83' lang='grc' dir='ltr'>φησί</span> <span class='ocrx_word' id='word_1_549' title='bbox 2472 815 2487 839; x_wconf 89' lang='grc'>,</span> <span class='ocrx_word' id='word_1_550' title='bbox 2517 777 2867 841; x_wconf 82' lang='grc' dir='ltr'>πεσοῦνται,</span> <span class='ocrx_word' id='word_1_551' title='bbox 2915 775 3011 829; x_wconf 82' lang='grc' dir='ltr'>καὶ</span> <span class='ocrx_word' id='word_1_552' title='bbox 3055 774 3211 828; x_wconf 84' lang='grc' dir='ltr'>οὕτω</span> <span class='ocrx_word' id='word_1_553' title='bbox 3237 774 3304 827; x_wconf 80' lang='grc' dir='ltr'>τὸ</span> <span class='ocrx_word' id='word_1_554' title='bbox 3329 790 3447 841; x_wconf 86' lang='grc' dir='ltr'>ση-</span> 
     </span>
    </p>
   </div>
   <div class='ocr_carea' id='block_1_74' title="bbox 1854 856 3447 929">
    <p class='ocr_par' dir='ltr' id='par_1_74' title="bbox 1854 856 3447 929">
     <span class='ocr_line' id='line_1_74' title="bbox 1854 856 3447 929; baseline -0.001 -17"><span class='ocrx_word' id='word_1_555' title='bbox 1854 858 2028 929; x_wconf 81' lang='grc' dir='ltr'>μεῖον</span> <span class='ocrx_word' id='word_1_556' title='bbox 2062 859 2400 928; x_wconf 77' lang='grc' dir='ltr'>φανήσεται</span> <span class='ocrx_word' id='word_1_557' title='bbox 2440 860 2546 913; x_wconf 90' lang='grc' dir='ltr'>τοῦ</span> <span class='ocrx_word' id='word_1_558' title='bbox 2585 860 2723 914; x_wconf 82' lang='grc' dir='ltr'>Υιοῦ</span> <span class='ocrx_word' id='word_1_559' title='bbox 2755 860 2863 914; x_wconf 87' lang='grc' dir='ltr'>τοῦ</span> <span class='ocrx_word' id='word_1_560' title='bbox 2911 857 3223 925; x_wconf 81' lang='grc' dir='ltr'>ἀνθρώπου</span> <span class='ocrx_word' id='word_1_561' title='bbox 3251 858 3322 911; x_wconf 82' lang='grc' dir='ltr'>ἐν</span> <span class='ocrx_word' id='word_1_562' title='bbox 3365 856 3447 923; x_wconf 83' lang='grc' dir='ltr'>τῷ</span> 
     </span>
    </p>
   </div>
   <div class='ocr_carea' id='block_1_75' title="bbox 1859 939 3442 1015">
    <p class='ocr_par' dir='ltr' id='par_1_75' title="bbox 1859 939 3442 1015">
     <span class='ocr_line' id='line_1_75' title="bbox 1859 939 3442 1015; baseline -0.001 -21"><span class='ocrx_word' id='word_1_563' title='bbox 1859 940 2114 1010; x_wconf 81' lang='grc' dir='ltr'>οὐρανῷ.</span> <span class='ocrx_word' id='word_1_564' title='bbox 2153 939 2306 1007; x_wconf 80' lang='grc' dir='ltr'>Εἶδες</span> <span class='ocrx_word' id='word_1_565' title='bbox 2345 943 2487 1014; x_wconf 88' lang='grc' dir='ltr'>πόση</span> <span class='ocrx_word' id='word_1_566' title='bbox 2514 945 2547 1013; x_wconf 81' lang='grc' dir='ltr'><strong>ἡ</strong></span> <span class='ocrx_word' id='word_1_567' title='bbox 2578 943 2852 1015; x_wconf 78' lang='grc' dir='ltr'>ὑπερϐολὴ</span> <span class='ocrx_word' id='word_1_568' title='bbox 2879 943 2972 996; x_wconf 89' lang='grc' dir='ltr'>τοῦ</span> <span class='ocrx_word' id='word_1_569' title='bbox 3016 940 3268 1013; x_wconf 89' lang='grc' dir='ltr'>σημείου.</span> <span class='ocrx_word' id='word_1_570' title='bbox 3301 942 3442 1012; x_wconf 90' lang='grc' dir='ltr'>πόση</span> 
     </span>
    </p>
   </div>
   <div class='ocr_carea' id='block_1_76' title="bbox 1860 1022 3444 1098">
    <p class='ocr_par' dir='ltr' id='par_1_76' title="bbox 1860 1022 3444 1098">
     <span class='ocr_line' id='line_1_76' title="bbox 1860 1022 3444 1098; baseline -0.001 -21"><span class='ocrx_word' id='word_1_571' title='bbox 1860 1025 2175 1096; x_wconf 81' lang='grc' dir='ltr'>φαιδρότης,</span> <span class='ocrx_word' id='word_1_572' title='bbox 2205 1027 2347 1098; x_wconf 80' lang='grc' dir='ltr'>πόση</span> <span class='ocrx_word' id='word_1_573' title='bbox 2369 1027 2705 1098; x_wconf 85' lang='grc' dir='ltr'>λαμπηδών;</span> <span class='ocrx_word' id='word_1_574' title='bbox 2754 1027 2813 1080; x_wconf 80' lang='grc'>’0</span> <span class='ocrx_word' id='word_1_575' title='bbox 2836 1027 2987 1096; x_wconf 77' lang='grc' dir='ltr'>ἥλιος</span> <span class='ocrx_word' id='word_1_576' title='bbox 3029 1022 3360 1088; x_wconf 84' lang='grc' dir='ltr'>σκοτίζεται,</span> <span class='ocrx_word' id='word_1_577' title='bbox 3408 1026 3444 1094; x_wconf 75' lang='grc' dir='ltr'><strong>ἡ</strong></span> 
     </span>
    </p>
   </div>
   <div class='ocr_carea' id='block_1_77' title="bbox 1860 1105 3445 1182">
    <p class='ocr_par' dir='ltr' id='par_1_77' title="bbox 1860 1105 3445 1182">
     <span class='ocr_line' id='line_1_77' title="bbox 1860 1105 3445 1182; baseline -0.001 -22"><span class='ocrx_word' id='word_1_578' title='bbox 1860 1107 2058 1179; x_wconf 87' lang='grc' dir='ltr'>σελήνη</span> <span class='ocrx_word' id='word_1_579' title='bbox 2099 1110 2162 1162; x_wconf 94' lang='grc' dir='ltr'>οὐ</span> <span class='ocrx_word' id='word_1_580' title='bbox 2186 1110 2388 1178; x_wconf 87' lang='grc' dir='ltr'>φαίνει,</span> <span class='ocrx_word' id='word_1_581' title='bbox 2437 1110 2504 1164; x_wconf 76' lang='grc' dir='ltr'>τά</span> <span class='ocrx_word' id='word_1_582' title='bbox 2532 1111 2706 1182; x_wconf 83' lang='grc' dir='ltr'>ἀστρα</span> <span class='ocrx_word' id='word_1_583' title='bbox 2739 1110 2958 1163; x_wconf 75' lang='grc' dir='ltr'>πίπτειο</span> <span class='ocrx_word' id='word_1_584' title='bbox 2989 1109 3166 1161; x_wconf 75' lang='grc' dir='ltr'>ἐκεῖνο</span> <span class='ocrx_word' id='word_1_585' title='bbox 3192 1108 3249 1160; x_wconf 79' lang='grc' dir='ltr'>δὲ</span> <span class='ocrx_word' id='word_1_586' title='bbox 3285 1105 3445 1176; x_wconf 79' lang='grc' dir='ltr'>μόνον</span> 
     </span>
    </p>
   </div>
   <div class='ocr_carea' id='block_1_78' title="bbox 1859 1188 3445 1266">
    <p class='ocr_par' dir='ltr' id='par_1_78' title="bbox 1859 1188 3445 1266">
     <span class='ocr_line' id='line_1_78' title="bbox 1859 1188 3445 1266; baseline -0.001 -23"><span class='ocrx_word' id='word_1_587' title='bbox 1859 1190 2130 1260; x_wconf 88' lang='grc' dir='ltr'>φαίνεται,</span> <span class='ocrx_word' id='word_1_588' title='bbox 2154 1193 2242 1245; x_wconf 81' lang='grc' dir='ltr'>ἵνα</span> <span class='ocrx_word' id='word_1_589' title='bbox 2290 1192 2467 1266; x_wconf 85' lang='grc' dir='ltr'>μάθῃς</span> <span class='ocrx_word' id='word_1_590' title='bbox 2505 1195 2587 1247; x_wconf 83' lang='grc' dir='ltr'>ὅτι</span> <span class='ocrx_word' id='word_1_591' title='bbox 2621 1195 2714 1247; x_wconf 68' lang='grc' dir='ltr'>καὶ</span> <span class='ocrx_word' id='word_1_592' title='bbox 2751 1193 2978 1264; x_wconf 85' lang='grc' dir='ltr'>σελήνης</span> <span class='ocrx_word' id='word_1_593' title='bbox 3007 1190 3305 1260; x_wconf 85' lang='grc' dir='ltr'>φανότερον</span> <span class='ocrx_word' id='word_1_594' title='bbox 3349 1188 3445 1242; x_wconf 72' lang='grc' dir='ltr'>καὶ</span> 
     </span>
    </p>
   </div>
   <div class='ocr_carea' id='block_1_79' title="bbox 1857 1271 3446 1346">
    <p class='ocr_par' dir='ltr' id='par_1_79' title="bbox 1857 1271 3446 1346">
     <span class='ocr_line' id='line_1_79' title="bbox 1857 1271 3446 1346; baseline -0.001 -22"><span class='ocrx_word' id='word_1_595' title='bbox 1857 1271 2011 1342; x_wconf 79' lang='grc' dir='ltr'>ἡλίου</span> <span class='ocrx_word' id='word_1_596' title='bbox 2044 1273 2394 1346; x_wconf 86' lang='grc' dir='ltr'>φαιδρότερόν</span> <span class='ocrx_word' id='word_1_597' title='bbox 2415 1278 2549 1332; x_wconf 70' lang='grc' dir='ltr'>ἐστι.</span> <span class='ocrx_word' id='word_1_598' title='bbox 2582 1275 2848 1346; x_wconf 82' lang='grc' dir='ltr'>Καθάπερ</span> <span class='ocrx_word' id='word_1_599' title='bbox 2875 1275 2984 1346; x_wconf 72' lang='grc' dir='ltr'>γαρ</span> <span class='ocrx_word' id='word_1_600' title='bbox 3015 1273 3278 1345; x_wconf 86' lang='grc' dir='ltr'>βασιλέως</span> <span class='ocrx_word' id='word_1_601' title='bbox 3330 1273 3446 1324; x_wconf 88' lang='grc' dir='ltr'>εἰσ-</span> 
     </span>
    </p>
   </div>
   <div class='ocr_carea' id='block_1_80' title="bbox 1857 1354 3443 1430">
    <p class='ocr_par' dir='ltr' id='par_1_80' title="bbox 1857 1354 3443 1430">
     <span class='ocr_line' id='line_1_80' title="bbox 1857 1354 3443 1430; baseline -0.002 -20"><span class='ocrx_word' id='word_1_602' title='bbox 1857 1355 2052 1420; x_wconf 78' lang='grc' dir='ltr'>ιόντος,</span> <span class='ocrx_word' id='word_1_603' title='bbox 2085 1357 2154 1411; x_wconf 86' lang='grc' dir='ltr'>τά</span> <span class='ocrx_word' id='word_1_604' title='bbox 2178 1358 2516 1429; x_wconf 81' lang='grc' dir='ltr'>στρατόπεδα</span> <span class='ocrx_word' id='word_1_605' title='bbox 2538 1359 2989 1430; x_wconf 89' lang='grc' dir='ltr'>προλαμϐάνοντα</span> <span class='ocrx_word' id='word_1_606' title='bbox 3022 1356 3090 1410; x_wconf 87' lang='grc' dir='ltr'>τά</span> <span class='ocrx_word' id='word_1_607' title='bbox 3116 1358 3319 1426; x_wconf 89' lang='grc' dir='ltr'>σημεῖα</span> <span class='ocrx_word' id='word_1_608' title='bbox 3342 1354 3443 1423; x_wconf 78' lang='grc' dir='ltr'>φέ-</span> 
     </span>
    </p>
   </div>
   <div class='ocr_carea' id='block_1_81' title="bbox 1860 1437 3441 1514">
    <p class='ocr_par' dir='ltr' id='par_1_81' title="bbox 1860 1437 3441 1514">
     <span class='ocr_line' id='line_1_81' title="bbox 1860 1437 3441 1514; baseline -0.001 -22"><span class='ocrx_word' id='word_1_609' title='bbox 1860 1452 1945 1510; x_wconf 85' lang='grc' dir='ltr'>ρει</span> <span class='ocrx_word' id='word_1_610' title='bbox 1965 1440 2058 1493; x_wconf 74' lang='grc' dir='ltr'>ὲπὶ</span> <span class='ocrx_word' id='word_1_611' title='bbox 2080 1439 2189 1493; x_wconf 85' lang='grc' dir='ltr'>τῶν</span> <span class='ocrx_word' id='word_1_612' title='bbox 2208 1439 2396 1512; x_wconf 79' lang='grc' dir='ltr'>ὤμων,</span> <span class='ocrx_word' id='word_1_613' title='bbox 2422 1443 2518 1495; x_wconf 82' lang='grc' dir='ltr'>καὶ</span> <span class='ocrx_word' id='word_1_614' title='bbox 2543 1441 2907 1514; x_wconf 84' lang='grc' dir='ltr'>προαγγέλλει</span> <span class='ocrx_word' id='word_1_615' title='bbox 2936 1439 3029 1493; x_wconf 86' lang='grc' dir='ltr'>τοῦ</span> <span class='ocrx_word' id='word_1_616' title='bbox 3058 1438 3321 1509; x_wconf 84' lang='grc' dir='ltr'>βασιλέως</span> <span class='ocrx_word' id='word_1_617' title='bbox 3339 1437 3441 1509; x_wconf 81' lang='grc' dir='ltr'>τὴν</span> 
     </span>
    </p>
   </div>
   <div class='ocr_carea' id='block_1_82' title="bbox 1854 1518 3446 1596">
    <p class='ocr_par' dir='ltr' id='par_1_82' title="bbox 1854 1518 3446 1596">
     <span class='ocr_line' id='line_1_82' title="bbox 1854 1518 3446 1596; baseline -0.001 -23"><span class='ocrx_word' id='word_1_618' title='bbox 1854 1518 2091 1576; x_wconf 70' lang='grc' dir='ltr'>εἴσοδον·</span> <span class='ocrx_word' id='word_1_619' title='bbox 2114 1522 2258 1577; x_wconf 76' lang='grc' dir='ltr'>οὕτω</span> <span class='ocrx_word' id='word_1_620' title='bbox 2278 1524 2372 1577; x_wconf 91' lang='grc' dir='ltr'>τοῦ</span> <span class='ocrx_word' id='word_1_621' title='bbox 2399 1525 2497 1596; x_wconf 82' lang='grc' dir='ltr'>τῆς</span> <span class='ocrx_word' id='word_1_622' title='bbox 2524 1525 2753 1588; x_wconf 84' lang='grc' dir='ltr'>κτίσεως</span> <span class='ocrx_word' id='word_1_623' title='bbox 2776 1523 3046 1578; x_wconf 86' lang='grc' dir='ltr'>Δεσπότου</span> <span class='ocrx_word' id='word_1_624' title='bbox 3085 1520 3446 1575; x_wconf 83' lang='grc' dir='ltr'>καταϐαίνον-</span> 
     </span>
    </p>
   </div>
   <div class='ocr_carea' id='block_1_83' title="bbox 1855 1603 3439 1680">
    <p class='ocr_par' dir='ltr' id='par_1_83' title="bbox 1855 1603 3439 1680">
     <span class='ocr_line' id='line_1_83' title="bbox 1855 1603 3439 1680; baseline -0.002 -22"><span class='ocrx_word' id='word_1_625' title='bbox 1855 1620 1949 1667; x_wconf 86' lang='grc' dir='ltr'>τος</span> <span class='ocrx_word' id='word_1_626' title='bbox 2002 1607 2067 1658; x_wconf 83' lang='grc' dir='ltr'>ὲκ</span> <span class='ocrx_word' id='word_1_627' title='bbox 2106 1604 2216 1660; x_wconf 86' lang='grc' dir='ltr'>τῶν</span> <span class='ocrx_word' id='word_1_628' title='bbox 2270 1607 2536 1678; x_wconf 82' lang='grc' dir='ltr'>οὐρανῶν,</span> <span class='ocrx_word' id='word_1_629' title='bbox 2575 1608 2946 1680; x_wconf 82' lang='grc' dir='ltr'>προλαμϐάνει</span> <span class='ocrx_word' id='word_1_630' title='bbox 2982 1607 3051 1659; x_wconf 76' lang='grc' dir='ltr'>τὰ</span> <span class='ocrx_word' id='word_1_631' title='bbox 3107 1603 3439 1676; x_wconf 85' lang='grc' dir='ltr'>στρατόπεδα</span> 
     </span>
    </p>
   </div>
   <div class='ocr_carea' id='block_1_84' title="bbox 1855 1686 3444 1761">
    <p class='ocr_par' dir='ltr' id='par_1_84' title="bbox 1855 1686 3444 1761">
     <span class='ocr_line' id='line_1_84' title="bbox 1855 1686 3444 1761; baseline 0 -23"><span class='ocrx_word' id='word_1_632' title='bbox 1855 1686 1965 1738; x_wconf 87' lang='grc' dir='ltr'>τῶν</span> <span class='ocrx_word' id='word_1_633' title='bbox 1994 1687 2242 1757; x_wconf 88' lang='grc' dir='ltr'>ἀγγέλων</span> <span class='ocrx_word' id='word_1_634' title='bbox 2276 1691 2371 1743; x_wconf 77' lang='grc' dir='ltr'>καὶ</span> <span class='ocrx_word' id='word_1_635' title='bbox 2398 1690 2506 1744; x_wconf 84' lang='grc' dir='ltr'>τῶν</span> <span class='ocrx_word' id='word_1_636' title='bbox 2532 1691 2888 1761; x_wconf 83' lang='grc' dir='ltr'>ἀρχαγγέλων</span> <span class='ocrx_word' id='word_1_637' title='bbox 2913 1689 2975 1743; x_wconf 88' lang='grc' dir='ltr'>τὸ</span> <span class='ocrx_word' id='word_1_638' title='bbox 3017 1692 3241 1759; x_wconf 86' lang='grc' dir='ltr'>σημεῖον</span> <span class='ocrx_word' id='word_1_639' title='bbox 3269 1688 3444 1740; x_wconf 76' lang='grc' dir='ltr'>έκεῖνο</span> 
     </span>
    </p>
   </div>
   <div class='ocr_carea' id='block_1_85' title="bbox 1861 1767 3442 1844">
    <p class='ocr_par' dir='ltr' id='par_1_85' title="bbox 1861 1767 3442 1844">
     <span class='ocr_line' id='line_1_85' title="bbox 1861 1767 3442 1844; baseline -0.001 -23"><span class='ocrx_word' id='word_1_640' title='bbox 1861 1767 2218 1838; x_wconf 74' lang='grc' dir='ltr'>βαστάζοντα,</span> <span class='ocrx_word' id='word_1_641' title='bbox 2251 1772 2346 1824; x_wconf 79' lang='grc' dir='ltr'>καὶ</span> <span class='ocrx_word' id='word_1_642' title='bbox 2391 1772 2491 1842; x_wconf 82' lang='grc' dir='ltr'>τὴν</span> <span class='ocrx_word' id='word_1_643' title='bbox 2525 1774 2810 1844; x_wconf 83' lang='grc' dir='ltr'>βασιλικὴν</span> <span class='ocrx_word' id='word_1_644' title='bbox 2844 1772 3048 1826; x_wconf 78' lang='grc' dir='ltr'>εἴσοδον</span> <span class='ocrx_word' id='word_1_645' title='bbox 3093 1773 3224 1841; x_wconf 81' lang='grc' dir='ltr'>ἡμῖν</span> <span class='ocrx_word' id='word_1_646' title='bbox 3258 1770 3442 1836; x_wconf 82' lang='grc' dir='ltr'>ἀπαγ-</span> 
     </span>
    </p>
   </div>
   <div class='ocr_carea' id='block_1_86' title="bbox 1859 1850 3441 1926">
    <p class='ocr_par' dir='ltr' id='par_1_86' title="bbox 1859 1850 3441 1926">
     <span class='ocr_line' id='line_1_86' title="bbox 1859 1850 3441 1926; baseline 0.001 -25"><span class='ocrx_word' id='word_1_647' title='bbox 1859 1850 2135 1919; x_wconf 86' lang='grc' dir='ltr'>γέλλοντα.</span> <span class='ocrx_word' id='word_1_648' title='bbox 2173 1854 2330 1920; x_wconf 87' lang='grc' dir='ltr'>Τότε,</span> <span class='ocrx_word' id='word_1_649' title='bbox 2357 1857 2512 1926; x_wconf 74' lang='grc' dir='ltr'>φησὶ,</span> <span class='ocrx_word' id='word_1_650' title='bbox 2555 1857 2653 1909; x_wconf 76' lang='grc' dir='ltr'>καί</span> <span class='ocrx_word' id='word_1_651' title='bbox 2686 1860 2745 1910; x_wconf 77' lang='grc' dir='ltr'>αἱ</span> <span class='ocrx_word' id='word_1_652' title='bbox 2782 1856 3069 1923; x_wconf 81' lang='grc' dir='ltr'>δυνάμεις</span> <span class='ocrx_word' id='word_1_653' title='bbox 3100 1852 3221 1905; x_wconf 80' lang='grc' dir='ltr'>τῶν</span> <span class='ocrx_word' id='word_1_654' title='bbox 3260 1853 3441 1917; x_wconf 82' lang='grc' dir='ltr'>οὐρα-</span> 
     </span>
    </p>
   </div>
   <div class='ocr_carea' id='block_1_87' title="bbox 1857 1932 3443 2008">
    <p class='ocr_par' dir='ltr' id='par_1_87' title="bbox 1857 1932 3443 2008">
     <span class='ocr_line' id='line_1_87' title="bbox 1857 1932 3443 2008; baseline -0.002 -22"><span class='ocrx_word' id='word_1_655' title='bbox 1857 1932 1981 1986; x_wconf 78' lang='grc' dir='ltr'>νῶν</span> <span class='ocrx_word' id='word_1_656' title='bbox 2009 1936 2497 2003; x_wconf 74' lang='grc' dir='ltr'>σαλευθήσονται</span> <span class='ocrx_word' id='word_1_657' title='bbox 2522 1976 2537 1998; x_wconf 85' lang='grc'>,</span> <span class='ocrx_word' id='word_1_658' title='bbox 2592 1939 2721 2008; x_wconf 69' lang='grc' dir='ltr'>περὶ</span> <span class='ocrx_word' id='word_1_659' title='bbox 2755 1937 2863 1991; x_wconf 86' lang='grc' dir='ltr'>τῶν</span> <span class='ocrx_word' id='word_1_660' title='bbox 2921 1936 3166 2001; x_wconf 87' lang='grc' dir='ltr'>ἀγγέλων</span> <span class='ocrx_word' id='word_1_661' title='bbox 3197 1932 3291 1985; x_wconf 70' lang='grc' dir='ltr'>καὶ</span> <span class='ocrx_word' id='word_1_662' title='bbox 3333 1932 3443 1984; x_wconf 83' lang='grc' dir='ltr'>τῶν</span> 
     </span>
    </p>
   </div>
   <div class='ocr_carea' id='block_1_88' title="bbox 1856 2013 3445 2087">
    <p class='ocr_par' dir='ltr' id='par_1_88' title="bbox 1856 2013 3445 2087">
     <span class='ocr_line' id='line_1_88' title="bbox 1856 2013 3445 2087; baseline -0.001 -18"><span class='ocrx_word' id='word_1_663' title='bbox 1856 2016 2214 2087; x_wconf 84' lang='grc' dir='ltr'>άρχαγγέλων</span> <span class='ocrx_word' id='word_1_664' title='bbox 2262 2017 2455 2086; x_wconf 87' lang='grc' dir='ltr'>λέγων,</span> <span class='ocrx_word' id='word_1_665' title='bbox 2488 2019 2584 2070; x_wconf 72' lang='grc' dir='ltr'>καὶ</span> <span class='ocrx_word' id='word_1_666' title='bbox 2614 2020 2805 2069; x_wconf 83' lang='grc' dir='ltr'>πασῶν</span> <span class='ocrx_word' id='word_1_667' title='bbox 2833 2015 2942 2067; x_wconf 83' lang='grc' dir='ltr'>τῶν</span> <span class='ocrx_word' id='word_1_668' title='bbox 2989 2014 3236 2085; x_wconf 87' lang='grc' dir='ltr'>ἀοράτων</span> <span class='ocrx_word' id='word_1_669' title='bbox 3285 2013 3445 2067; x_wconf 77' lang='grc' dir='ltr'>δυνάρ</span> 
     </span>
    </p>
   </div>
   <div class='ocr_carea' id='block_1_89' title="bbox 1862 2095 3445 2170">
    <p class='ocr_par' dir='ltr' id='par_1_89' title="bbox 1862 2095 3445 2170">
     <span class='ocr_line' id='line_1_89' title="bbox 1862 2095 3445 2170; baseline -0.001 -20"><span class='ocrx_word' id='word_1_670' title='bbox 1862 2116 2008 2169; x_wconf 88' lang='grc' dir='ltr'>μεων</span> <span class='ocrx_word' id='word_1_671' title='bbox 2031 2116 2044 2129; x_wconf 91' lang='grc'><strong>·</strong></span> <span class='ocrx_word' id='word_1_672' title='bbox 2072 2102 2274 2170; x_wconf 86' lang='grc' dir='ltr'>τρόμος</span> <span class='ocrx_word' id='word_1_673' title='bbox 2303 2100 2414 2170; x_wconf 75' lang='grc' dir='ltr'>γὰρ</span> <span class='ocrx_word' id='word_1_674' title='bbox 2439 2099 2636 2163; x_wconf 81' lang='grc' dir='ltr'>αὐτοὺς</span> <span class='ocrx_word' id='word_1_675' title='bbox 2656 2098 2909 2169; x_wconf 71' lang='grc' dir='ltr'>λήψεται,</span> <span class='ocrx_word' id='word_1_676' title='bbox 2950 2098 3044 2150; x_wconf 81' lang='grc' dir='ltr'>καί</span> <span class='ocrx_word' id='word_1_677' title='bbox 3084 2096 3246 2167; x_wconf 81' lang='grc' dir='ltr'>φόϐος</span> <span class='ocrx_word' id='word_1_678' title='bbox 3276 2095 3445 2160; x_wconf 83' lang='grc' dir='ltr'>πολὺς</span> 
     </span>
    </p>
   </div>
   <div class='ocr_carea' id='block_1_90' title="bbox 1859 2178 3445 2251">
    <p class='ocr_par' dir='ltr' id='par_1_90' title="bbox 1859 2178 3445 2251">
     <span class='ocr_line' id='line_1_90' title="bbox 1859 2178 3445 2251; baseline -0.002 -16"><span class='ocrx_word' id='word_1_679' title='bbox 1859 2182 1955 2235; x_wconf 76' lang='grc' dir='ltr'>καὶ</span> <span class='ocrx_word' id='word_1_680' title='bbox 1982 2182 2208 2251; x_wconf 85' lang='grc' dir='ltr'>ἀγωνία.</span> <span class='ocrx_word' id='word_1_681' title='bbox 2247 2182 2401 2245; x_wconf 88' lang='grc' dir='ltr'>Τίνος</span> <span class='ocrx_word' id='word_1_682' title='bbox 2430 2181 2488 2234; x_wconf 80' lang='grc' dir='ltr'>δὲ</span> <span class='ocrx_word' id='word_1_683' title='bbox 2507 2182 2715 2245; x_wconf 70' lang='grc' dir='ltr'>ἕνεκεν,</span> <span class='ocrx_word' id='word_1_684' title='bbox 2743 2180 2864 2234; x_wconf 84' lang='grc' dir='ltr'>εἰπέ</span> <span class='ocrx_word' id='word_1_685' title='bbox 2892 2197 3013 2250; x_wconf 89' lang='grc' dir='ltr'>μοι,</span> <span class='ocrx_word' id='word_1_686' title='bbox 3045 2183 3138 2232; x_wconf 77' lang='grc' dir='ltr'>καὶ</span> <span class='ocrx_word' id='word_1_687' title='bbox 3187 2180 3242 2230; x_wconf 87' lang='grc' dir='ltr'>αί</span> <span class='ocrx_word' id='word_1_688' title='bbox 3283 2178 3445 2232; x_wconf 78' lang='grc' dir='ltr'>δυνάο</span> 
     </span>
    </p>
   </div>
   <div class='ocr_carea' id='block_1_91' title="bbox 1862 2259 3443 2335">
    <p class='ocr_par' dir='ltr' id='par_1_91' title="bbox 1862 2259 3443 2335">
     <span class='ocr_line' id='line_1_91' title="bbox 1862 2259 3443 2335; baseline -0.003 -17"><span class='ocrx_word' id='word_1_689' title='bbox 1862 2281 1982 2335; x_wconf 90' lang='grc' dir='ltr'>μεις</span> <span class='ocrx_word' id='word_1_690' title='bbox 2013 2266 2221 2318; x_wconf 77' lang='grc' dir='ltr'>ἐκεῖναι</span> <span class='ocrx_word' id='word_1_691' title='bbox 2248 2266 2306 2317; x_wconf 82' lang='grc' dir='ltr'>ὲν</span> <span class='ocrx_word' id='word_1_692' title='bbox 2336 2263 2488 2334; x_wconf 80' lang='grc' dir='ltr'>φόϐῳ</span> <span class='ocrx_word' id='word_1_693' title='bbox 2526 2263 2961 2333; x_wconf 76' lang='grc' dir='ltr'>καθεστήκασινς</span> <span class='ocrx_word' id='word_1_694' title='bbox 2996 2262 3254 2323; x_wconf 76' lang='grc' dir='ltr'>Εἰκότως.</span> <span class='ocrx_word' id='word_1_695' title='bbox 3278 2259 3443 2314; x_wconf 74' lang='grc' dir='ltr'>Φοϐε-</span> 
     </span>
    </p>
   </div>
   <div class='ocr_carea' id='block_1_92' title="bbox 1861 2343 3445 2419">
    <p class='ocr_par' dir='ltr' id='par_1_92' title="bbox 1861 2343 3445 2419">
     <span class='ocr_line' id='line_1_92' title="bbox 1861 2343 3445 2419; baseline -0.003 -18"><span class='ocrx_word' id='word_1_696' title='bbox 1861 2348 1955 2419; x_wconf 90' lang='grc' dir='ltr'>ρὸν</span> <span class='ocrx_word' id='word_1_697' title='bbox 1982 2346 2135 2403; x_wconf 75' lang='grc' dir='ltr'>ἔσται</span> <span class='ocrx_word' id='word_1_698' title='bbox 2172 2349 2297 2401; x_wconf 86' lang='grc' dir='ltr'>τότε</span> <span class='ocrx_word' id='word_1_699' title='bbox 2328 2348 2391 2401; x_wconf 91' lang='grc' dir='ltr'>τὸ</span> <span class='ocrx_word' id='word_1_700' title='bbox 2418 2348 2790 2419; x_wconf 87' lang='grc' dir='ltr'>δικαστήριον,</span> <span class='ocrx_word' id='word_1_701' title='bbox 2825 2347 3013 2401; x_wconf 83' lang='grc' dir='ltr'>ἆπασα</span> <span class='ocrx_word' id='word_1_702' title='bbox 3045 2347 3077 2416; x_wconf 84' lang='grc' dir='ltr'>ή</span> <span class='ocrx_word' id='word_1_703' title='bbox 3104 2344 3212 2397; x_wconf 79' lang='grc' dir='ltr'>τῶν</span> <span class='ocrx_word' id='word_1_704' title='bbox 3239 2343 3445 2417; x_wconf 86' lang='grc' dir='ltr'>ἀνθρώ-</span> 
     </span>
    </p>
   </div>
   <div class='ocr_carea' id='block_1_93' title="bbox 1858 2428 3444 2504">
    <p class='ocr_par' dir='ltr' id='par_1_93' title="bbox 1858 2428 3444 2504">
     <span class='ocr_line' id='line_1_93' title="bbox 1858 2428 3444 2504; baseline -0.003 -17"><span class='ocrx_word' id='word_1_705' title='bbox 1858 2451 1977 2487; x_wconf 85' lang='grc' dir='ltr'>πων</span> <span class='ocrx_word' id='word_1_706' title='bbox 2001 2432 2164 2503; x_wconf 86' lang='grc' dir='ltr'>φύσις</span> <span class='ocrx_word' id='word_1_707' title='bbox 2193 2431 2375 2503; x_wconf 86' lang='grc' dir='ltr'>μέλλει</span> <span class='ocrx_word' id='word_1_708' title='bbox 2408 2431 2694 2504; x_wconf 86' lang='grc' dir='ltr'>κρίνεσθαι</span> <span class='ocrx_word' id='word_1_709' title='bbox 2719 2432 2813 2486; x_wconf 65' lang='grc' dir='ltr'>κοιλ⁵</span> <span class='ocrx_word' id='word_1_710' title='bbox 2832 2430 3063 2493; x_wconf 85' lang='grc' dir='ltr'>εὐθύνας</span> <span class='ocrx_word' id='word_1_711' title='bbox 3093 2429 3314 2498; x_wconf 82' lang='grc' dir='ltr'>ὑπέχειν</span> <span class='ocrx_word' id='word_1_712' title='bbox 3346 2428 3444 2482; x_wconf 77' lang='grc' dir='ltr'>καὶ</span> 
     </span>
    </p>
   </div>
   <div class='ocr_carea' id='block_1_94' title="bbox 1859 2510 3441 2588">
    <p class='ocr_par' dir='ltr' id='par_1_94' title="bbox 1859 2510 3441 2588">
     <span class='ocr_line' id='line_1_94' title="bbox 1859 2510 3441 2588; baseline -0.004 -19"><span class='ocrx_word' id='word_1_713' title='bbox 1859 2517 2227 2588; x_wconf 87' lang='grc' dir='ltr'>παρίστασθαι</span> <span class='ocrx_word' id='word_1_714' title='bbox 2286 2514 2491 2586; x_wconf 85' lang='grc' dir='ltr'>βήματι</span> <span class='ocrx_word' id='word_1_715' title='bbox 2550 2513 2787 2585; x_wconf 82' lang='grc' dir='ltr'>φοϐερῷ.</span> <span class='ocrx_word' id='word_1_716' title='bbox 2826 2513 2890 2568; x_wconf 88' lang='grc' dir='ltr'>Τί</span> <span class='ocrx_word' id='word_1_717' title='bbox 2939 2514 3139 2584; x_wconf 83' lang='grc' dir='ltr'>δήποτε</span> <span class='ocrx_word' id='word_1_718' title='bbox 3178 2511 3235 2563; x_wconf 84' lang='grc' dir='ltr'>δὲ</span> <span class='ocrx_word' id='word_1_719' title='bbox 3271 2510 3367 2565; x_wconf 64' lang='grc' dir='ltr'>καὶ¹</span> <span class='ocrx_word' id='word_1_720' title='bbox 3389 2511 3441 2564; x_wconf 81' lang='grc' dir='ltr'>οί</span> 
     </span>
    </p>
   </div>
   <div class='ocr_carea' id='block_1_95' title="bbox 1858 2594 3441 2670">
    <p class='ocr_par' dir='ltr' id='par_1_95' title="bbox 1858 2594 3441 2670">
     <span class='ocr_line' id='line_1_95' title="bbox 1858 2594 3441 2670; baseline -0.004 -18"><span class='ocrx_word' id='word_1_721' title='bbox 1858 2600 2081 2668; x_wconf 85' lang='grc' dir='ltr'>ἀγγελοι</span> <span class='ocrx_word' id='word_1_722' title='bbox 2121 2599 2243 2653; x_wconf 89' lang='grc' dir='ltr'>τότε</span> <span class='ocrx_word' id='word_1_723' title='bbox 2273 2597 2560 2670; x_wconf 85' lang='grc' dir='ltr'>τρέμουσι,</span> <span class='ocrx_word' id='word_1_724' title='bbox 2614 2598 2706 2652; x_wconf 74' lang='grc' dir='ltr'>καὶ</span> <span class='ocrx_word' id='word_1_725' title='bbox 2759 2597 2817 2650; x_wconf 87' lang='grc' dir='ltr'>αί</span> <span class='ocrx_word' id='word_1_726' title='bbox 2861 2594 3144 2667; x_wconf 87' lang='grc' dir='ltr'>ἀσώματοι</span> <span class='ocrx_word' id='word_1_727' title='bbox 3182 2594 3441 2664; x_wconf 86' lang='grc' dir='ltr'>δυνάμεις</span> 
     </span>
    </p>
   </div>
   <div class='ocr_carea' id='block_1_96' title="bbox 1858 2676 3446 2751">
    <p class='ocr_par' dir='ltr' id='par_1_96' title="bbox 1858 2676 3446 2751">
     <span class='ocr_line' id='line_1_96' title="bbox 1858 2676 3446 2751; baseline -0.004 -16"><span class='ocrx_word' id='word_1_728' title='bbox 1858 2683 2064 2738; x_wconf 78' lang='grc' dir='ltr'>ἐκεῖναι</span> <span class='ocrx_word' id='word_1_729' title='bbox 2086 2681 2416 2747; x_wconf 85' lang='grc' dir='ltr'>δεδοίκασιν;</span> <span class='ocrx_word' id='word_1_730' title='bbox 2438 2680 2561 2733; x_wconf 79' lang='grc' dir='ltr'>οὐδὲ</span> <span class='ocrx_word' id='word_1_731' title='bbox 2585 2680 2696 2751; x_wconf 81' lang='grc' dir='ltr'>γάρ</span> <span class='ocrx_word' id='word_1_732' title='bbox 2720 2683 2919 2734; x_wconf 76' lang='grc' dir='ltr'>ἐκεῖνοι</span> <span class='ocrx_word' id='word_1_733' title='bbox 2970 2677 3219 2750; x_wconf 86' lang='grc' dir='ltr'>μέλλουσι</span> <span class='ocrx_word' id='word_1_734' title='bbox 3257 2676 3446 2747; x_wconf 84' lang='grc' dir='ltr'>κρίνε-</span> 
     </span>
    </p>
   </div>
   <div class='ocr_carea' id='block_1_97' title="bbox 1858 2759 3442 2839">
    <p class='ocr_par' dir='ltr' id='par_1_97' title="bbox 1858 2759 3442 2839">
     <span class='ocr_line' id='line_1_97' title="bbox 1858 2759 3442 2839; baseline -0.004 -20"><span class='ocrx_word' id='word_1_735' title='bbox 1858 2766 2004 2821; x_wconf 92' lang='grc' dir='ltr'>σθαι.</span> <span class='ocrx_word' id='word_1_736' title='bbox 2031 2765 2296 2839; x_wconf 82' lang='grc' dir='ltr'>Καθάπερ</span> <span class='ocrx_word' id='word_1_737' title='bbox 2326 2766 2582 2820; x_wconf 79' lang='grc' dir='ltr'>δικαστοῦ</span> <span class='ocrx_word' id='word_1_738' title='bbox 2612 2766 2739 2830; x_wconf 81' lang='grc' dir='ltr'>τούς</span> <span class='ocrx_word' id='word_1_739' title='bbox 2772 2763 3108 2826; x_wconf 84' lang='grc' dir='ltr'>ὑπευθύνους</span> <span class='ocrx_word' id='word_1_740' title='bbox 3143 2759 3442 2816; x_wconf 85' lang='grc' dir='ltr'>καταδικά-</span> 
     </span>
    </p>
   </div>
   <div class='ocr_carea' id='block_1_98' title="bbox 1856 2843 3438 2925">
    <p class='ocr_par' dir='ltr' id='par_1_98' title="bbox 1856 2843 3438 2925">
     <span class='ocr_line' id='line_1_98' title="bbox 1856 2843 3438 2925; baseline -0.005 -21"><span class='ocrx_word' id='word_1_741' title='bbox 1856 2850 2074 2917; x_wconf 83' lang='grc' dir='ltr'>ζοντος,</span> <span class='ocrx_word' id='word_1_742' title='bbox 2118 2850 2211 2904; x_wconf 75' lang='grc' dir='ltr'>καὶ</span> <span class='ocrx_word' id='word_1_743' title='bbox 2254 2851 2337 2919; x_wconf 72' lang='grc' dir='ltr'>ἐφ’</span> <span class='ocrx_word' id='word_1_744' title='bbox 2379 2849 2584 2922; x_wconf 82' lang='grc' dir='ltr'>ὐψηλοῦ</span> <span class='ocrx_word' id='word_1_745' title='bbox 2621 2849 2715 2902; x_wconf 92' lang='grc' dir='ltr'>τοῦ</span> <span class='ocrx_word' id='word_1_746' title='bbox 2768 2849 3008 2920; x_wconf 83' lang='grc' dir='ltr'>βήματος</span> <span class='ocrx_word' id='word_1_747' title='bbox 3051 2843 3438 2925; x_wconf 80' lang='grc' dir='ltr'>καθεζομένου,</span> 
     </span>
    </p>
   </div>
   <div class='ocr_carea' id='block_1_99' title="bbox 1857 2927 3441 3005">
    <p class='ocr_par' dir='ltr' id='par_1_99' title="bbox 1857 2927 3441 3005">
     <span class='ocr_line' id='line_1_99' title="bbox 1857 2927 3441 3005; baseline -0.006 -16"><span class='ocrx_word' id='word_1_748' title='bbox 1857 2935 1977 3005; x_wconf 74' lang='grc' dir='ltr'>οὐχὶ</span> <span class='ocrx_word' id='word_1_749' title='bbox 2008 2935 2057 2986; x_wconf 89' lang='grc' dir='ltr'>οἱ</span> <span class='ocrx_word' id='word_1_750' title='bbox 2085 2933 2376 2987; x_wconf 88' lang='grc' dir='ltr'>ὐπεύθυνοι</span> <span class='ocrx_word' id='word_1_751' title='bbox 2406 2934 2588 3003; x_wconf 88' lang='grc' dir='ltr'>μόνον,</span> <span class='ocrx_word' id='word_1_752' title='bbox 2620 2932 2756 2986; x_wconf 89' lang='grc' dir='ltr'>άλλά</span> <span class='ocrx_word' id='word_1_753' title='bbox 2783 2933 2877 2985; x_wconf 66' lang='grc' dir='ltr'>καὶ</span> <span class='ocrx_word' id='word_1_754' title='bbox 2909 2933 2958 2984; x_wconf 86' lang='grc' dir='ltr'>οί</span> <span class='ocrx_word' id='word_1_755' title='bbox 2985 2930 3084 3001; x_wconf 80' lang='grc' dir='ltr'>τῆς</span> <span class='ocrx_word' id='word_1_756' title='bbox 3110 2927 3318 2993; x_wconf 82' lang='grc' dir='ltr'>τάξεως</span> <span class='ocrx_word' id='word_1_757' title='bbox 3342 2927 3441 2980; x_wconf 85' lang='grc' dir='ltr'>αὐ·</span> 
     </span>
    </p>
   </div>
   <div class='ocr_carea' id='block_1_100' title="bbox 1854 3011 3441 3087">
    <p class='ocr_par' dir='ltr' id='par_1_100' title="bbox 1854 3011 3441 3087">
     <span class='ocr_line' id='line_1_100' title="bbox 1854 3011 3441 3087; baseline -0.004 -18"><span class='ocrx_word' id='word_1_758' title='bbox 1854 3019 1957 3087; x_wconf 82' lang='grc' dir='ltr'>τῆς</span> <span class='ocrx_word' id='word_1_759' title='bbox 1986 3015 2356 3086; x_wconf 85' lang='grc' dir='ltr'>παρεστῶτες,</span> <span class='ocrx_word' id='word_1_760' title='bbox 2390 3019 2440 3069; x_wconf 75' lang='lat' dir='ltr'><strong>0E</strong></span> <span class='ocrx_word' id='word_1_761' title='bbox 2475 3016 2641 3087; x_wconf 80' lang='grc' dir='ltr'>μηδὲν</span> <span class='ocrx_word' id='word_1_762' title='bbox 2681 3017 2896 3078; x_wconf 75' lang='grc' dir='ltr'>ἑαυτοῖς</span> <span class='ocrx_word' id='word_1_763' title='bbox 2945 3011 3264 3075; x_wconf 80' lang='grc' dir='ltr'>συνειδότες,</span> <span class='ocrx_word' id='word_1_764' title='bbox 3292 3011 3441 3080; x_wconf 77' lang='grc' dir='ltr'>ὅμως</span> 
     </span>
    </p>
   </div>
   <div class='ocr_carea' id='block_1_101' title="bbox 1854 3093 3438 3171">
    <p class='ocr_par' dir='ltr' id='par_1_101' title="bbox 1854 3093 3438 3171">
     <span class='ocr_line' id='line_1_101' title="bbox 1854 3093 3438 3171; baseline -0.006 -17"><span class='ocrx_word' id='word_1_765' title='bbox 1854 3100 2126 3154; x_wconf 83' lang='grc' dir='ltr'>δεδοίκασι</span> <span class='ocrx_word' id='word_1_766' title='bbox 2148 3100 2244 3153; x_wconf 72' lang='grc' dir='ltr'>καὶ</span> <span class='ocrx_word' id='word_1_767' title='bbox 2274 3101 2555 3171; x_wconf 82' lang='grc' dir='ltr'>φρίττουσι</span> <span class='ocrx_word' id='word_1_768' title='bbox 2591 3100 2682 3153; x_wconf 72' lang='grc' dir='ltr'>διὰ</span> <span class='ocrx_word' id='word_1_769' title='bbox 2701 3100 2794 3154; x_wconf 88' lang='grc' dir='ltr'>τὸν</span> <span class='ocrx_word' id='word_1_770' title='bbox 2826 3098 2988 3169; x_wconf 89' lang='grc' dir='ltr'>φόϐον</span> <span class='ocrx_word' id='word_1_771' title='bbox 3019 3095 3116 3150; x_wconf 89' lang='grc' dir='ltr'>τοῦ</span> <span class='ocrx_word' id='word_1_772' title='bbox 3147 3093 3400 3149; x_wconf 85' lang='grc' dir='ltr'>δικαστοῦ</span> <span class='ocrx_word' id='word_1_773' title='bbox 3420 3109 3438 3127; x_wconf 79' lang='grc' dir='ltr'><strong><em>ο</em></strong></span> 
     </span>
    </p>
   </div>
   <div class='ocr_carea' id='block_1_102' title="bbox 1853 3177 3443 3254">
    <p class='ocr_par' dir='ltr' id='par_1_102' title="bbox 1853 3177 3443 3254">
     <span class='ocr_line' id='line_1_102' title="bbox 1853 3177 3443 3254; baseline -0.004 -18"><span class='ocrx_word' id='word_1_774' title='bbox 1853 3183 1998 3237; x_wconf 82' lang='grc' dir='ltr'>οῦτω</span> <span class='ocrx_word' id='word_1_775' title='bbox 2024 3182 2116 3236; x_wconf 84' lang='grc' dir='ltr'>καὶ</span> <span class='ocrx_word' id='word_1_776' title='bbox 2140 3183 2283 3249; x_wconf 87' lang='grc' dir='ltr'>τότε,</span> <span class='ocrx_word' id='word_1_777' title='bbox 2313 3184 2414 3253; x_wconf 76' lang='grc' dir='ltr'>τῆς</span> <span class='ocrx_word' id='word_1_778' title='bbox 2441 3182 2660 3253; x_wconf 87' lang='grc' dir='ltr'>φύσεως</span> <span class='ocrx_word' id='word_1_779' title='bbox 2692 3184 2790 3253; x_wconf 81' lang='grc' dir='ltr'>τῆς</span> <span class='ocrx_word' id='word_1_780' title='bbox 2816 3183 3092 3254; x_wconf 85' lang='grc' dir='ltr'>ἡμετέρας</span> <span class='ocrx_word' id='word_1_781' title='bbox 3114 3177 3443 3252; x_wconf 87' lang='grc' dir='ltr'>κρινομένης</span> 
     </span>
    </p>
   </div>
   <div class='ocr_carea' id='block_1_103' title="bbox 1854 3262 3438 3339">
    <p class='ocr_par' dir='ltr' id='par_1_103' title="bbox 1854 3262 3438 3339">
     <span class='ocr_line' id='line_1_103' title="bbox 1854 3262 3438 3339; baseline -0.003 -17"><span class='ocrx_word' id='word_1_782' title='bbox 1854 3268 1950 3322; x_wconf 73' lang='grc' dir='ltr'>καὶ</span> <span class='ocrx_word' id='word_1_783' title='bbox 1979 3268 2089 3321; x_wconf 83' lang='grc' dir='ltr'>τῶν</span> <span class='ocrx_word' id='word_1_784' title='bbox 2120 3267 2611 3339; x_wconf 87' lang='grc' dir='ltr'>πλημμελημάτων</span> <span class='ocrx_word' id='word_1_785' title='bbox 2639 3267 2740 3330; x_wconf 73' lang='grc' dir='ltr'>τὰς</span> <span class='ocrx_word' id='word_1_786' title='bbox 2760 3266 2989 3328; x_wconf 82' lang='grc' dir='ltr'>εὐθύνας</span> <span class='ocrx_word' id='word_1_787' title='bbox 3009 3262 3438 3333; x_wconf 80' lang='grc' dir='ltr'>ἀπαιτουμένης,</span> 
     </span>
    </p>
   </div>
   <div class='ocr_carea' id='block_1_104' title="bbox 1854 3343 3441 3423">
    <p class='ocr_par' dir='ltr' id='par_1_104' title="bbox 1854 3343 3441 3423">
     <span class='ocr_line' id='line_1_104' title="bbox 1854 3343 3441 3423; baseline -0.006 -19"><span class='ocrx_word' id='word_1_788' title='bbox 1854 3353 1949 3404; x_wconf 74' lang='grc' dir='ltr'>καὶ</span> <span class='ocrx_word' id='word_1_789' title='bbox 1976 3353 2026 3405; x_wconf 87' lang='grc' dir='ltr'>οί</span> <span class='ocrx_word' id='word_1_790' title='bbox 2068 3351 2235 3423; x_wconf 84' lang='grc' dir='ltr'>μηδὲν</span> <span class='ocrx_word' id='word_1_791' title='bbox 2268 3350 2569 3413; x_wconf 78' lang='grc' dir='ltr'>συνειδότες</span> <span class='ocrx_word' id='word_1_792' title='bbox 2606 3352 2819 3413; x_wconf 78' lang='grc' dir='ltr'>ἑαυτοῖς</span> <span class='ocrx_word' id='word_1_793' title='bbox 2843 3347 3086 3417; x_wconf 82' lang='grc' dir='ltr'>ἄγγελοι,</span> <span class='ocrx_word' id='word_1_794' title='bbox 3118 3346 3212 3401; x_wconf 76' lang='grc' dir='ltr'>καὶ</span> <span class='ocrx_word' id='word_1_795' title='bbox 3245 3346 3301 3398; x_wconf 84' lang='grc' dir='ltr'>αἱ</span> <span class='ocrx_word' id='word_1_796' title='bbox 3337 3343 3441 3396; x_wconf 85' lang='grc' dir='ltr'>λοι-</span> 
     </span>
    </p>
   </div>
   <div class='ocr_carea' id='block_1_105' title="bbox 1854 3425 3439 3505">
    <p class='ocr_par' dir='ltr' id='par_1_105' title="bbox 1854 3425 3439 3505">
     <span class='ocr_line' id='line_1_105' title="bbox 1854 3425 3439 3505; baseline -0.007 -17"><span class='ocrx_word' id='word_1_797' title='bbox 1854 3435 1954 3488; x_wconf 76' lang='grc' dir='ltr'>παὶ</span> <span class='ocrx_word' id='word_1_798' title='bbox 1982 3434 2240 3505; x_wconf 86' lang='grc' dir='ltr'>δυνάμεις</span> <span class='ocrx_word' id='word_1_799' title='bbox 2262 3432 2530 3486; x_wconf 83' lang='grc' dir='ltr'>δεδοίκασι</span> <span class='ocrx_word' id='word_1_800' title='bbox 2560 3433 2654 3487; x_wconf 78' lang='grc' dir='ltr'>καὶ</span> <span class='ocrx_word' id='word_1_801' title='bbox 2677 3432 2945 3503; x_wconf 82' lang='grc' dir='ltr'>τρέμουσι</span> <span class='ocrx_word' id='word_1_802' title='bbox 2968 3430 3055 3485; x_wconf 81' lang='grc' dir='ltr'>διά</span> <span class='ocrx_word' id='word_1_803' title='bbox 3081 3429 3179 3500; x_wconf 88' lang='grc' dir='ltr'>τὴν</span> <span class='ocrx_word' id='word_1_804' title='bbox 3210 3425 3439 3497; x_wconf 79' lang='grc' dir='ltr'>ἀπειλὴν</span> 
     </span>
    </p>
   </div>
   <div class='ocr_carea' id='block_1_106' title="bbox 1852 3508 3429 3587">
    <p class='ocr_par' dir='ltr' id='par_1_106' title="bbox 1852 3508 3429 3587">
     <span class='ocr_line' id='line_1_106' title="bbox 1852 3508 3429 3587; baseline -0.006 -16"><span class='ocrx_word' id='word_1_805' title='bbox 1852 3518 1947 3571; x_wconf 90' lang='grc' dir='ltr'>τοῦ</span> <span class='ocrx_word' id='word_1_806' title='bbox 2000 3515 2273 3574; x_wconf 86' lang='grc' dir='ltr'>δικαστοῦ.</span> <span class='ocrx_word' id='word_1_807' title='bbox 2338 3516 2500 3570; x_wconf 79' lang='grc' dir='ltr'>Ἀλλὰ</span> <span class='ocrx_word' id='word_1_808' title='bbox 2542 3516 2700 3570; x_wconf 83' lang='grc' dir='ltr'>τοῦτο</span> <span class='ocrx_word' id='word_1_809' title='bbox 2736 3516 2836 3587; x_wconf 78' lang='grc' dir='ltr'>μὲν</span> <span class='ocrx_word' id='word_1_810' title='bbox 2875 3515 3146 3585; x_wconf 75' lang='grc' dir='ltr'>ἔγνωμενο</span> <span class='ocrx_word' id='word_1_811' title='bbox 3181 3511 3328 3574; x_wconf 89' lang='grc' dir='ltr'>τίνος</span> <span class='ocrx_word' id='word_1_812' title='bbox 3370 3508 3429 3563; x_wconf 75' lang='grc' dir='ltr'>δὲ</span> 
     </span>
    </p>
   </div>
   <div class='ocr_carea' id='block_1_107' title="bbox 1851 3592 3439 3672">
    <p class='ocr_par' dir='ltr' id='par_1_107' title="bbox 1851 3592 3439 3672">
     <span class='ocr_line' id='line_1_107' title="bbox 1851 3592 3439 3672; baseline -0.005 -18"><span class='ocrx_word' id='word_1_813' title='bbox 1851 3601 2037 3655; x_wconf 70' lang='grc' dir='ltr'>ἕνεκεν</span> <span class='ocrx_word' id='word_1_814' title='bbox 2056 3602 2150 3654; x_wconf 70' lang='grc' dir='ltr'>καὶ</span> <span class='ocrx_word' id='word_1_815' title='bbox 2172 3600 2261 3654; x_wconf 86' lang='grc' dir='ltr'>διὰ</span> <span class='ocrx_word' id='word_1_816' title='bbox 2284 3600 2339 3652; x_wconf 88' lang='grc' dir='ltr'>τί</span> <span class='ocrx_word' id='word_1_817' title='bbox 2366 3600 2508 3671; x_wconf 78' lang='grc' dir='ltr'>ἔχων</span> <span class='ocrx_word' id='word_1_818' title='bbox 2521 3601 2611 3653; x_wconf 86' lang='grc' dir='ltr'>τὸν</span> <span class='ocrx_word' id='word_1_819' title='bbox 2643 3599 2875 3672; x_wconf 87' lang='grc' dir='ltr'>σταυρὸν</span> <span class='ocrx_word' id='word_1_820' title='bbox 2901 3598 3121 3669; x_wconf 76' lang='grc' dir='ltr'>ἔρχεται</span> <span class='ocrx_word' id='word_1_821' title='bbox 3141 3612 3157 3662; x_wconf 85' lang='grc'>;</span> <span class='ocrx_word' id='word_1_822' title='bbox 3182 3592 3439 3650; x_wconf 80' lang='grc' dir='ltr'>Μάνθανε</span> 
     </span>
    </p>
   </div>
   <div class='ocr_carea' id='block_1_108' title="bbox 1852 3676 3439 3756">
    <p class='ocr_par' dir='ltr' id='par_1_108' title="bbox 1852 3676 3439 3756">
     <span class='ocr_line' id='line_1_108' title="bbox 1852 3676 3439 3756; baseline -0.006 -18"><span class='ocrx_word' id='word_1_823' title='bbox 1852 3685 1948 3737; x_wconf 81' lang='grc' dir='ltr'>καὶ</span> <span class='ocrx_word' id='word_1_824' title='bbox 1971 3683 2161 3737; x_wconf 88' lang='grc' dir='ltr'>τούτου</span> <span class='ocrx_word' id='word_1_825' title='bbox 2191 3684 2289 3753; x_wconf 82' lang='grc' dir='ltr'>τὴν</span> <span class='ocrx_word' id='word_1_826' title='bbox 2311 3682 2515 3737; x_wconf 79' lang='grc' dir='ltr'>αἰτίαν.</span> <span class='ocrx_word' id='word_1_827' title='bbox 2545 3684 2661 3737; x_wconf 83' lang='grc' dir='ltr'>Ἵνα</span> <span class='ocrx_word' id='word_1_828' title='bbox 2688 3682 2796 3756; x_wconf 84' lang='grc' dir='ltr'>γάρ</span> <span class='ocrx_word' id='word_1_829' title='bbox 2822 3683 2887 3735; x_wconf 85' lang='grc' dir='ltr'>δι’</span> <span class='ocrx_word' id='word_1_830' title='bbox 2913 3680 3092 3734; x_wconf 81' lang='grc' dir='ltr'>αὐτῶν</span> <span class='ocrx_word' id='word_1_831' title='bbox 3129 3678 3236 3733; x_wconf 83' lang='grc' dir='ltr'>τῶν</span> <span class='ocrx_word' id='word_1_832' title='bbox 3263 3676 3439 3746; x_wconf 73' lang='grc' dir='ltr'>ἔργων</span> 
     </span>
    </p>
   </div>
   <div class='ocr_carea' id='block_1_109' title="bbox 1856 3760 3437 3839">
    <p class='ocr_par' dir='ltr' id='par_1_109' title="bbox 1856 3760 3437 3839">
     <span class='ocr_line' id='line_1_109' title="bbox 1856 3760 3437 3839; baseline -0.006 -17"><span class='ocrx_word' id='word_1_833' title='bbox 1856 3767 2100 3839; x_wconf 89' lang='grc' dir='ltr'>μάθωσιν</span> <span class='ocrx_word' id='word_1_834' title='bbox 2126 3767 2176 3820; x_wconf 80' lang='grc' dir='ltr'>οἱ</span> <span class='ocrx_word' id='word_1_835' title='bbox 2208 3765 2625 3838; x_wconf 87' lang='grc' dir='ltr'>σταυρώσαντες</span> <span class='ocrx_word' id='word_1_836' title='bbox 2646 3767 2747 3837; x_wconf 83' lang='grc' dir='ltr'>τὴν</span> <span class='ocrx_word' id='word_1_837' title='bbox 2784 3765 2990 3822; x_wconf 83' lang='grc' dir='ltr'>οἰκείαν</span> <span class='ocrx_word' id='word_1_838' title='bbox 3023 3760 3437 3833; x_wconf 85' lang='grc' dir='ltr'>ἀγνωμοσύνην,</span> 
     </span>
    </p>
   </div>
   <div class='ocr_carea' id='block_1_110' title="bbox 1852 3842 3441 3929">
    <p class='ocr_par' dir='ltr' id='par_1_110' title="bbox 1852 3842 3441 3929">
     <span class='ocr_line' id='line_1_110' title="bbox 1852 3842 3441 3929; baseline -0.006 -25"><span class='ocrx_word' id='word_1_839' title='bbox 1852 3851 1942 3904; x_wconf 82' lang='grc' dir='ltr'>διὰ</span> <span class='ocrx_word' id='word_1_840' title='bbox 1962 3851 2123 3929; x_wconf 71' lang='grc' dir='ltr'>τοῦτο</span> <span class='ocrx_word' id='word_1_841' title='bbox 2154 3851 2319 3903; x_wconf 86' lang='grc' dir='ltr'>αὐτὸν</span> <span class='ocrx_word' id='word_1_842' title='bbox 2348 3850 2439 3902; x_wconf 91' lang='grc' dir='ltr'>τὸν</span> <span class='ocrx_word' id='word_1_843' title='bbox 2473 3848 2692 3918; x_wconf 74' lang='grc' dir='ltr'>ἔλεγχον</span> <span class='ocrx_word' id='word_1_844' title='bbox 2722 3846 3069 3929; x_wconf 15' lang='grc' dir='ltr'>τῆςλμανίας</span> <span class='ocrx_word' id='word_1_845' title='bbox 3099 3846 3284 3929; x_wconf 81' lang='grc' dir='ltr'>αὐτοῖς</span> <span class='ocrx_word' id='word_1_846' title='bbox 3331 3842 3441 3929; x_wconf 48' lang='lat'>60(-</span> 
     </span>
    </p>
   </div>
   <div class='ocr_carea' id='block_1_111' title="bbox 1851 3923 3440 4004">
    <p class='ocr_par' dir='ltr' id='par_1_111' title="bbox 1851 3923 3440 4004">
     <span class='ocr_line' id='line_1_111' title="bbox 1851 3923 3440 4004; baseline -0.008 -16"><span class='ocrx_word' id='word_1_847' title='bbox 1851 3923 2176 3988; x_wconf 60' lang='grc' dir='ltr'>κνυσι.’Καὶ</span> <span class='ocrx_word' id='word_1_848' title='bbox 2204 3933 2293 3986; x_wconf 82' lang='grc' dir='ltr'>ἵνα</span> <span class='ocrx_word' id='word_1_849' title='bbox 2328 3930 2507 4004; x_wconf 85' lang='grc' dir='ltr'>μάθῃς</span> <span class='ocrx_word' id='word_1_850' title='bbox 2538 3931 2619 3983; x_wconf 84' lang='grc' dir='ltr'>ὃτι</span> <span class='ocrx_word' id='word_1_851' title='bbox 2652 3930 2741 3983; x_wconf 86' lang='grc' dir='ltr'>διά</span> <span class='ocrx_word' id='word_1_852' title='bbox 2770 3927 2929 3982; x_wconf 90' lang='grc' dir='ltr'>τοῦτο</span> <span class='ocrx_word' id='word_1_853' title='bbox 2957 3928 3117 3981; x_wconf 87' lang='grc' dir='ltr'>αὐτὸν</span> <span class='ocrx_word' id='word_1_854' title='bbox 3152 3927 3329 3997; x_wconf 80' lang='grc' dir='ltr'>φέρει,</span> <span class='ocrx_word' id='word_1_855' title='bbox 3352 3923 3440 3977; x_wconf 83' lang='grc' dir='ltr'>ἵνα</span> 
     </span>
    </p>
   </div>
   <div class='ocr_carea' id='block_1_112' title="bbox 1852 4007 3438 4086">
    <p class='ocr_par' dir='ltr' id='par_1_112' title="bbox 1852 4007 3438 4086">
     <span class='ocr_line' id='line_1_112' title="bbox 1852 4007 3438 4086; baseline -0.007 -15"><span class='ocrx_word' id='word_1_856' title='bbox 1852 4015 2034 4071; x_wconf 85' lang='grc' dir='ltr'>αὐτῶν</span> <span class='ocrx_word' id='word_1_857' title='bbox 2059 4015 2392 4086; x_wconf 82' lang='grc' dir='ltr'>καθάψηται,</span> <span class='ocrx_word' id='word_1_858' title='bbox 2425 4013 2589 4067; x_wconf 85' lang='grc' dir='ltr'>ἀκουε</span> <span class='ocrx_word' id='word_1_859' title='bbox 2622 4012 2783 4067; x_wconf 89' lang='grc' dir='ltr'>πάλιν</span> <span class='ocrx_word' id='word_1_860' title='bbox 2813 4011 2979 4065; x_wconf 88' lang='grc' dir='ltr'>αὐτοῦ</span> <span class='ocrx_word' id='word_1_861' title='bbox 3024 4009 3120 4065; x_wconf 91' lang='grc' dir='ltr'>τοῦ</span> <span class='ocrx_word' id='word_1_862' title='bbox 3150 4007 3438 4076; x_wconf 77' lang='grc' dir='ltr'>εὐαγγελι-</span> 
     </span>
    </p>
   </div>
   <div class='ocr_carea' id='block_1_113' title="bbox 1854 4089 3439 4168">
    <p class='ocr_par' dir='ltr' id='par_1_113' title="bbox 1854 4089 3439 4168">
     <span class='ocr_line' id='line_1_113' title="bbox 1854 4089 3439 4168; baseline -0.006 -15"><span class='ocrx_word' id='word_1_863' title='bbox 1854 4098 1981 4153; x_wconf 82' lang='grc' dir='ltr'>στοῦ</span> <span class='ocrx_word' id='word_1_864' title='bbox 2015 4098 2266 4168; x_wconf 90' lang='grc' dir='ltr'>λέγοντος</span> <span class='ocrx_word' id='word_1_865' title='bbox 2284 4114 2300 4130; x_wconf 76' lang='grc' dir='ltr'><strong>ο</strong></span> <span class='ocrx_word' id='word_1_866' title='bbox 2352 4098 2491 4152; x_wconf 79' lang='grc' dir='ltr'>Τότε</span> <span class='ocrx_word' id='word_1_867' title='bbox 2520 4096 2859 4166; x_wconf 70' lang='grc' dir='ltr'>φανήσεται</span> <span class='ocrx_word' id='word_1_868' title='bbox 2908 4094 2977 4149; x_wconf 82' lang='grc' dir='ltr'>τὸ</span> <span class='ocrx_word' id='word_1_869' title='bbox 3027 4091 3281 4163; x_wconf 80' lang='grc' dir='ltr'>σημεῖον</span> <span class='ocrx_word' id='word_1_870' title='bbox 3331 4089 3439 4144; x_wconf 81' lang='grc' dir='ltr'>τοῦ</span> 
     </span>
    </p>
   </div>
   <div class='ocr_carea' id='block_1_114' title="bbox 1857 4170 3439 4249">
    <p class='ocr_par' dir='ltr' id='par_1_114' title="bbox 1857 4170 3439 4249">
     <span class='ocr_line' id='line_1_114' title="bbox 1857 4170 3439 4249; baseline -0.008 -12"><span class='ocrx_word' id='word_1_871' title='bbox 1857 4181 1996 4237; x_wconf 82' lang='grc' dir='ltr'>Υἱοῦ</span> <span class='ocrx_word' id='word_1_872' title='bbox 2016 4181 2124 4236; x_wconf 87' lang='grc' dir='ltr'>τοῦ</span> <span class='ocrx_word' id='word_1_873' title='bbox 2145 4179 2481 4249; x_wconf 79' lang='grc' dir='ltr'>ἀνθρώπου,</span> <span class='ocrx_word' id='word_1_874' title='bbox 2504 4179 2604 4234; x_wconf 78' lang='grc' dir='ltr'>καί</span> <span class='ocrx_word' id='word_1_875' title='bbox 2634 4179 2927 4247; x_wconf 74' lang='grc' dir='ltr'>κόψονται</span> <span class='ocrx_word' id='word_1_876' title='bbox 2946 4175 3138 4233; x_wconf 80' lang='grc' dir='ltr'>πᾶσαι</span> <span class='ocrx_word' id='word_1_877' title='bbox 3162 4178 3222 4231; x_wconf 71' lang='lat' dir='ltr'>al</span> <span class='ocrx_word' id='word_1_878' title='bbox 3250 4170 3439 4244; x_wconf 71' lang='grc' dir='ltr'>φυλαί</span> 
     </span>
    </p>
   </div>
   <div class='ocr_carea' id='block_1_115' title="bbox 1849 4254 3436 4337">
    <p class='ocr_par' dir='ltr' id='par_1_115' title="bbox 1849 4254 3436 4337">
     <span class='ocr_line' id='line_1_115' title="bbox 1849 4254 3436 4337; baseline -0.005 -18"><span class='ocrx_word' id='word_1_879' title='bbox 1849 4264 1962 4335; x_wconf 83' lang='grc' dir='ltr'>τῆς</span> <span class='ocrx_word' id='word_1_880' title='bbox 2010 4264 2145 4337; x_wconf 69' lang='grc' dir='ltr'>γῆς,</span> <span class='ocrx_word' id='word_1_881' title='bbox 2183 4263 2475 4335; x_wconf 84' lang='grc' dir='ltr'>βλέπουσαι</span> <span class='ocrx_word' id='word_1_882' title='bbox 2513 4262 2604 4317; x_wconf 90' lang='grc' dir='ltr'>τὸν</span> <span class='ocrx_word' id='word_1_883' title='bbox 2648 4263 2978 4334; x_wconf 87' lang='grc' dir='ltr'>κατήγορον,</span> <span class='ocrx_word' id='word_1_884' title='bbox 3035 4260 3131 4315; x_wconf 75' lang='grc' dir='ltr'>καὶ</span> <span class='ocrx_word' id='word_1_885' title='bbox 3176 4254 3436 4328; x_wconf 77' lang='grc' dir='ltr'>ἐπιγινώ-</span> 
     </span>
    </p>
   </div>
   <div class='ocr_carea' id='block_1_116' title="bbox 1852 4342 3440 4421">
    <p class='ocr_par' dir='ltr' id='par_1_116' title="bbox 1852 4342 3440 4421">
     <span class='ocr_line' id='line_1_116' title="bbox 1852 4342 3440 4421; baseline -0.006 -17"><span class='ocrx_word' id='word_1_886' title='bbox 1852 4360 2081 4404; x_wconf 81' lang='grc' dir='ltr'>σκουσαι</span> <span class='ocrx_word' id='word_1_887' title='bbox 2104 4348 2165 4403; x_wconf 87' lang='grc' dir='ltr'>τὸ</span> <span class='ocrx_word' id='word_1_888' title='bbox 2186 4350 2512 4421; x_wconf 85' lang='grc' dir='ltr'>ἁμάρτημα.</span> <span class='ocrx_word' id='word_1_889' title='bbox 2538 4347 2651 4402; x_wconf 71' lang='grc' dir='ltr'>Καὶ</span> <span class='ocrx_word' id='word_1_890' title='bbox 2673 4348 2725 4400; x_wconf 88' lang='grc' dir='ltr'>τί</span> <span class='ocrx_word' id='word_1_891' title='bbox 2743 4342 3064 4417; x_wconf 76' lang='grc' dir='ltr'>θαυμάζεις,</span> <span class='ocrx_word' id='word_1_892' title='bbox 3089 4345 3138 4398; x_wconf 82' lang='grc' dir='ltr'>εί</span> <span class='ocrx_word' id='word_1_893' title='bbox 3161 4343 3253 4397; x_wconf 89' lang='grc' dir='ltr'>τὸν</span> <span class='ocrx_word' id='word_1_894' title='bbox 3278 4358 3440 4395; x_wconf 84' lang='grc' dir='ltr'>σταυ-</span> 
     </span>
    </p>
   </div>
   <div class='ocr_carea' id='block_1_117' title="bbox 1851 4422 3436 4506">
    <p class='ocr_par' dir='ltr' id='par_1_117' title="bbox 1851 4422 3436 4506">
     <span class='ocr_line' id='line_1_117' title="bbox 1851 4422 3436 4506; baseline -0.008 -17"><span class='ocrx_word' id='word_1_895' title='bbox 1851 4432 1945 4506; x_wconf 72' lang='grc' dir='ltr'>ρὸν</span> <span class='ocrx_word' id='word_1_896' title='bbox 1970 4433 2151 4506; x_wconf 82' lang='grc' dir='ltr'>φέρων</span> <span class='ocrx_word' id='word_1_897' title='bbox 2181 4432 2433 4503; x_wconf 79' lang='grc' dir='ltr'>έρχεταις</span> <span class='ocrx_word' id='word_1_898' title='bbox 2478 4431 2617 4486; x_wconf 85' lang='grc' dir='ltr'>αὐτά</span> <span class='ocrx_word' id='word_1_899' title='bbox 2646 4432 2717 4485; x_wconf 82' lang='grc' dir='ltr'>τὰ</span> <span class='ocrx_word' id='word_1_900' title='bbox 2749 4430 3042 4500; x_wconf 86' lang='grc' dir='ltr'>τραύματα</span> <span class='ocrx_word' id='word_1_901' title='bbox 3088 4426 3206 4497; x_wconf 85' lang='grc' dir='ltr'>μεθ’</span> <span class='ocrx_word' id='word_1_902' title='bbox 3240 4422 3436 4480; x_wconf 72' lang='grc' dir='ltr'>ἑαυτοῦ</span> 
     </span>
    </p>
   </div>
   <div class='ocr_carea' id='block_1_118' title="bbox 1850 4509 3437 4589">
    <p class='ocr_par' dir='ltr' id='par_1_118' title="bbox 1850 4509 3437 4589">
     <span class='ocr_line' id='line_1_118' title="bbox 1850 4509 3437 4589; baseline -0.003 -21"><span class='ocrx_word' id='word_1_903' title='bbox 1850 4516 2034 4589; x_wconf 84' lang='grc' dir='ltr'>φέρων</span> <span class='ocrx_word' id='word_1_904' title='bbox 2057 4516 2295 4588; x_wconf 79' lang='grc' dir='ltr'>ἔρχεται.</span> <span class='ocrx_word' id='word_1_905' title='bbox 2335 4514 2507 4570; x_wconf 86' lang='grc' dir='ltr'>Πόθεν</span> <span class='ocrx_word' id='word_1_906' title='bbox 2534 4515 2714 4587; x_wconf 81' lang='grc' dir='ltr'>δῆλον,</span> <span class='ocrx_word' id='word_1_907' title='bbox 2747 4515 2830 4569; x_wconf 83' lang='grc' dir='ltr'>ὅτι</span> <span class='ocrx_word' id='word_1_908' title='bbox 2865 4512 3004 4568; x_wconf 86' lang='grc' dir='ltr'>αὐτά</span> <span class='ocrx_word' id='word_1_909' title='bbox 3043 4512 3112 4566; x_wconf 86' lang='grc' dir='ltr'>τά</span> <span class='ocrx_word' id='word_1_910' title='bbox 3143 4509 3437 4582; x_wconf 81' lang='grc' dir='ltr'>τραύματα</span> 
     </span>
    </p>
   </div>
   <div class='ocr_carea' id='block_1_119' title="bbox 1851 4592 3433 4670">
    <p class='ocr_par' dir='ltr' id='par_1_119' title="bbox 1851 4592 3433 4670">
     <span class='ocr_line' id='line_1_119' title="bbox 1851 4592 3433 4670; baseline -0.006 -17"><span class='ocrx_word' id='word_1_911' title='bbox 1851 4600 2006 4669; x_wconf 86' lang='grc' dir='ltr'>φέρει</span> <span class='ocrx_word' id='word_1_912' title='bbox 2032 4598 2151 4670; x_wconf 87' lang='grc' dir='ltr'>μεθ’</span> <span class='ocrx_word' id='word_1_913' title='bbox 2185 4597 2381 4652; x_wconf 77' lang='grc' dir='ltr'>ἑαυτοῦ</span> <span class='ocrx_word' id='word_1_914' title='bbox 2406 4614 2423 4665; x_wconf 88' lang='grc'><strong>;</strong></span> <span class='ocrx_word' id='word_1_915' title='bbox 2457 4598 2654 4651; x_wconf 82' lang='grc' dir='ltr'>’Δκουε</span> <span class='ocrx_word' id='word_1_916' title='bbox 2710 4595 2805 4652; x_wconf 85' lang='grc' dir='ltr'>τοῦ</span> <span class='ocrx_word' id='word_1_917' title='bbox 2834 4596 3116 4668; x_wconf 84' lang='grc' dir='ltr'>προφήτου</span> <span class='ocrx_word' id='word_1_918' title='bbox 3143 4592 3393 4661; x_wconf 86' lang='grc' dir='ltr'>λέγοντος</span> <span class='ocrx_word' id='word_1_919' title='bbox 3416 4605 3433 4621; x_wconf 80' lang='grc'><strong><em>⁸</em></strong></span> 
     </span>
    </p>
   </div>
   <div class='ocr_carea' id='block_1_120' title="bbox 1852 4673 3436 4753">
    <p class='ocr_par' dir='ltr' id='par_1_120' title="bbox 1852 4673 3436 4753">
     <span class='ocr_line' id='line_1_120' title="bbox 1852 4673 3436 4753; baseline -0.006 -16"><span class='ocrx_word' id='word_1_920' title='bbox 1852 4684 2143 4753; x_wconf 78' lang='grc' dir='ltr'>Ὄψονται</span> <span class='ocrx_word' id='word_1_921' title='bbox 2172 4683 2261 4749; x_wconf 83' lang='grc' dir='ltr'>είς</span> <span class='ocrx_word' id='word_1_922' title='bbox 2285 4681 2359 4736; x_wconf 81' lang='grc' dir='ltr'>ὃν</span> <span class='ocrx_word' id='word_1_923' title='bbox 2394 4680 2826 4749; x_wconf 74' lang='grc' dir='ltr'>ἐξεκέντησαν.</span> <span class='ocrx_word' id='word_1_924' title='bbox 2866 4678 3136 4748; x_wconf 78' lang='grc' dir='ltr'>Καθάπερ</span> <span class='ocrx_word' id='word_1_925' title='bbox 3185 4677 3298 4746; x_wconf 80' lang='grc' dir='ltr'>γὰρ</span> <span class='ocrx_word' id='word_1_926' title='bbox 3341 4673 3436 4728; x_wconf 68' lang='grc' dir='ltr'>ἐπὶ</span> 
     </span>
    </p>
   </div>
   <div class='ocr_carea' id='block_1_121' title="bbox 1849 4758 3439 4836">
    <p class='ocr_par' dir='ltr' id='par_1_121' title="bbox 1849 4758 3439 4836">
     <span class='ocr_line' id='line_1_121' title="bbox 1849 4758 3439 4836; baseline -0.006 -16"><span class='ocrx_word' id='word_1_927' title='bbox 1849 4766 1942 4820; x_wconf 88' lang='grc' dir='ltr'>τοῦ</span> <span class='ocrx_word' id='word_1_928' title='bbox 1976 4765 2150 4836; x_wconf 82' lang='grc' dir='ltr'>Θωμᾶ</span> <span class='ocrx_word' id='word_1_929' title='bbox 2182 4765 2428 4835; x_wconf 73' lang='grc' dir='ltr'>ἐποίησε,</span> <span class='ocrx_word' id='word_1_930' title='bbox 2463 4763 2787 4835; x_wconf 83' lang='grc' dir='ltr'>βουλόμενος</span> <span class='ocrx_word' id='word_1_931' title='bbox 2810 4763 2914 4835; x_wconf 77' lang='grc' dir='ltr'>τὴν</span> <span class='ocrx_word' id='word_1_932' title='bbox 2937 4762 3197 4816; x_wconf 86' lang='grc' dir='ltr'>ἀπιστίαν</span> <span class='ocrx_word' id='word_1_933' title='bbox 3217 4758 3439 4832; x_wconf 69' lang='grc' dir='ltr'>διορθῶν</span> 
     </span>
    </p>
   </div>
   <div class='ocr_carea' id='block_1_122' title="bbox 1849 4842 3436 4922">
    <p class='ocr_par' dir='ltr' id='par_1_122' title="bbox 1849 4842 3436 4922">
     <span class='ocr_line' id='line_1_122' title="bbox 1849 4842 3436 4922; baseline -0.006 -17"><span class='ocrx_word' id='word_1_934' title='bbox 1849 4866 1939 4905; x_wconf 88' lang='grc' dir='ltr'>σαι</span> <span class='ocrx_word' id='word_1_935' title='bbox 1962 4848 2056 4903; x_wconf 88' lang='grc' dir='ltr'>τοῦ</span> <span class='ocrx_word' id='word_1_936' title='bbox 2082 4847 2325 4922; x_wconf 86' lang='grc' dir='ltr'>μαθητοῦ</span> <span class='ocrx_word' id='word_1_937' title='bbox 2348 4890 2364 4914; x_wconf 94' lang='grc'>,</span> <span class='ocrx_word' id='word_1_938' title='bbox 2404 4849 2498 4903; x_wconf 75' lang='grc' dir='ltr'>καὶ</span> <span class='ocrx_word' id='word_1_939' title='bbox 2520 4848 2719 4916; x_wconf 74' lang='grc' dir='ltr'>ἔδειξεν</span> <span class='ocrx_word' id='word_1_940' title='bbox 2752 4844 2902 4918; x_wconf 83' lang='grc' dir='ltr'>αὐτῷ</span> <span class='ocrx_word' id='word_1_941' title='bbox 2940 4847 3064 4910; x_wconf 84' lang='grc' dir='ltr'>τούς</span> <span class='ocrx_word' id='word_1_942' title='bbox 3090 4844 3297 4908; x_wconf 85' lang='grc' dir='ltr'>τύπους</span> <span class='ocrx_word' id='word_1_943' title='bbox 3327 4842 3436 4897; x_wconf 85' lang='grc' dir='ltr'>τῶν</span> 
     </span>
    </p>
   </div>
   <div class='ocr_carea' id='block_1_123' title="bbox 1846 4925 3436 5006">
    <p class='ocr_par' dir='ltr' id='par_1_123' title="bbox 1846 4925 3436 5006">
     <span class='ocr_line' id='line_1_123' title="bbox 1846 4925 3436 5006; baseline -0.006 -18"><span class='ocrx_word' id='word_1_944' title='bbox 1846 4933 2014 5006; x_wconf 74' lang='grc' dir='ltr'>ἥλων,</span> <span class='ocrx_word' id='word_1_945' title='bbox 2043 4932 2138 4987; x_wconf 83' lang='grc' dir='ltr'>καὶ</span> <span class='ocrx_word' id='word_1_946' title='bbox 2165 4932 2307 4986; x_wconf 78' lang='grc' dir='ltr'>αὐτά</span> <span class='ocrx_word' id='word_1_947' title='bbox 2328 4931 2395 4986; x_wconf 73' lang='grc' dir='ltr'>τά</span> <span class='ocrx_word' id='word_1_948' title='bbox 2422 4932 2738 5004; x_wconf 87' lang='grc' dir='ltr'>τραύματα,</span> <span class='ocrx_word' id='word_1_949' title='bbox 2771 4931 2867 4985; x_wconf 79' lang='grc' dir='ltr'>καὶ</span> <span class='ocrx_word' id='word_1_950' title='bbox 2892 4929 3063 4998; x_wconf 87' lang='grc' dir='ltr'>λέγει,</span> <span class='ocrx_word' id='word_1_951' title='bbox 3097 4928 3249 5000; x_wconf 73' lang='grc'><strong>[419]</strong></span> <span class='ocrx_word' id='word_1_952' title='bbox 3277 4925 3436 4980; x_wconf 62' lang='grc' dir='ltr'>Βάλε</span> 
     </span>
    </p>
   </div>
   <div class='ocr_carea' id='block_1_124' title="bbox 1846 5007 3433 5084">
    <p class='ocr_par' dir='ltr' id='par_1_124' title="bbox 1846 5007 3433 5084">
     <span class='ocr_line' id='line_1_124' title="bbox 1846 5007 3433 5084; baseline -0.006 -13"><span class='ocrx_word' id='word_1_953' title='bbox 1846 5017 1955 5071; x_wconf 84' lang='grc' dir='ltr'>τὸν</span> <span class='ocrx_word' id='word_1_954' title='bbox 1983 5015 2290 5070; x_wconf 71' lang='grc' dir='ltr'>δάκτυλόν</span> <span class='ocrx_word' id='word_1_955' title='bbox 2317 5030 2455 5080; x_wconf 91' lang='grc' dir='ltr'>σου,</span> <span class='ocrx_word' id='word_1_956' title='bbox 2484 5015 2581 5068; x_wconf 76' lang='grc' dir='ltr'>καὶ</span> <span class='ocrx_word' id='word_1_957' title='bbox 2606 5012 2750 5084; x_wconf 71' lang='grc' dir='ltr'>φέρε</span> <span class='ocrx_word' id='word_1_958' title='bbox 2781 5012 2899 5082; x_wconf 79' lang='grc' dir='ltr'>τὴν</span> <span class='ocrx_word' id='word_1_959' title='bbox 2922 5010 3092 5083; x_wconf 77' lang='grc' dir='ltr'>χεῖρά</span> <span class='ocrx_word' id='word_1_960' title='bbox 3136 5026 3253 5065; x_wconf 87' lang='grc' dir='ltr'>σου</span> <span class='ocrx_word' id='word_1_961' title='bbox 3271 5049 3287 5073; x_wconf 92' lang='grc'>,</span> <span class='ocrx_word' id='word_1_962' title='bbox 3333 5007 3433 5061; x_wconf 70' lang='grc' dir='ltr'>καὶ</span> 
     </span>
    </p>
   </div>
   <div class='ocr_carea' id='block_1_125' title="bbox 1849 5092 3435 5170">
    <p class='ocr_par' dir='ltr' id='par_1_125' title="bbox 1849 5092 3435 5170">
     <span class='ocr_line' id='line_1_125' title="bbox 1849 5092 3435 5170; baseline -0.008 -14"><span class='ocrx_word' id='word_1_963' title='bbox 1849 5101 1961 5164; x_wconf 74' lang='grc' dir='ltr'>ἴδε,</span> <span class='ocrx_word' id='word_1_964' title='bbox 1988 5098 2079 5154; x_wconf 85' lang='grc' dir='ltr'>ὅτι</span> <span class='ocrx_word' id='word_1_965' title='bbox 2108 5099 2344 5170; x_wconf 82' lang='grc' dir='ltr'>πνεῦμα</span> <span class='ocrx_word' id='word_1_966' title='bbox 2383 5097 2583 5167; x_wconf 77' lang='grc' dir='ltr'>σάρκα</span> <span class='ocrx_word' id='word_1_967' title='bbox 2627 5098 2728 5151; x_wconf 77' lang='grc' dir='ltr'>καί</span> <span class='ocrx_word' id='word_1_968' title='bbox 2771 5097 2959 5151; x_wconf 80' lang='grc' dir='ltr'>ὀστέα</span> <span class='ocrx_word' id='word_1_969' title='bbox 3001 5099 3112 5149; x_wconf 78' lang='grc' dir='ltr'>οὐκ</span> <span class='ocrx_word' id='word_1_970' title='bbox 3147 5095 3293 5163; x_wconf 80' lang='grc' dir='ltr'>ἔχει,</span> <span class='ocrx_word' id='word_1_971' title='bbox 3345 5092 3435 5144; x_wconf 76' lang='grc' dir='ltr'>ἴνα</span> 
     </span>
    </p>
   </div>
   <div class='ocr_carea' id='block_1_126' title="bbox 1846 5174 3431 5258">
    <p class='ocr_par' dir='ltr' id='par_1_126' title="bbox 1846 5174 3431 5258">
     <span class='ocr_line' id='line_1_126' title="bbox 1846 5174 3431 5258; baseline -0.009 -18"><span class='ocrx_word' id='word_1_972' title='bbox 1846 5183 1996 5258; x_wconf 83' lang='grc' dir='ltr'>δείξῃ</span> <span class='ocrx_word' id='word_1_973' title='bbox 2022 5183 2193 5256; x_wconf 82' lang='grc' dir='ltr'>αὐτῷ,</span> <span class='ocrx_word' id='word_1_974' title='bbox 2222 5183 2304 5237; x_wconf 83' lang='grc' dir='ltr'>ὅτι</span> <span class='ocrx_word' id='word_1_975' title='bbox 2327 5179 2546 5254; x_wconf 86' lang='grc' dir='ltr'>ἀληθῶς</span> <span class='ocrx_word' id='word_1_976' title='bbox 2574 5181 2775 5255; x_wconf 80' lang='grc' dir='ltr'>ἀνέστη</span> <span class='ocrx_word' id='word_1_977' title='bbox 2794 5195 2810 5211; x_wconf 83' lang='grc'><em>’</em></span> <span class='ocrx_word' id='word_1_978' title='bbox 2843 5180 2985 5234; x_wconf 75' lang='grc' dir='ltr'>οὕτω</span> <span class='ocrx_word' id='word_1_979' title='bbox 3016 5180 3109 5232; x_wconf 76' lang='grc' dir='ltr'>καὶ</span> <span class='ocrx_word' id='word_1_980' title='bbox 3130 5177 3252 5230; x_wconf 82' lang='grc' dir='ltr'>τότε</span> <span class='ocrx_word' id='word_1_981' title='bbox 3277 5174 3431 5244; x_wconf 82' lang='grc' dir='ltr'>φέρει</span> 
     </span>
    </p>
   </div>
   <div class='ocr_carea' id='block_1_127' title="bbox 1846 5258 3431 5342">
    <p class='ocr_par' dir='ltr' id='par_1_127' title="bbox 1846 5258 3431 5342">
     <span class='ocr_line' id='line_1_127' title="bbox 1846 5258 3431 5342; baseline -0.009 -19"><span class='ocrx_word' id='word_1_982' title='bbox 1846 5268 1915 5323; x_wconf 79' lang='grc' dir='ltr'>τὰ</span> <span class='ocrx_word' id='word_1_983' title='bbox 1946 5268 2237 5342; x_wconf 83' lang='grc' dir='ltr'>τραύματα</span> <span class='ocrx_word' id='word_1_984' title='bbox 2260 5267 2355 5322; x_wconf 79' lang='grc' dir='ltr'>καί</span> <span class='ocrx_word' id='word_1_985' title='bbox 2391 5267 2484 5321; x_wconf 87' lang='grc' dir='ltr'>τὸν</span> <span class='ocrx_word' id='word_1_986' title='bbox 2509 5266 2770 5338; x_wconf 88' lang='grc' dir='ltr'>σταυρὸν,</span> <span class='ocrx_word' id='word_1_987' title='bbox 2812 5266 2898 5320; x_wconf 76' lang='grc' dir='ltr'>ἵνα</span> <span class='ocrx_word' id='word_1_988' title='bbox 2937 5262 3122 5325; x_wconf 88' lang='grc' dir='ltr'>αὐτοῖς</span> <span class='ocrx_word' id='word_1_989' title='bbox 3144 5258 3313 5330; x_wconf 81' lang='grc' dir='ltr'>δείξῃ,</span> <span class='ocrx_word' id='word_1_990' title='bbox 3347 5259 3431 5342; x_wconf 70' lang='grc' dir='ltr'>δτι</span> 
     </span>
    </p>
   </div>
   <div class='ocr_carea' id='block_1_128' title="bbox 1848 5340 3431 5429">
    <p class='ocr_par' dir='ltr' id='par_1_128' title="bbox 1848 5340 3431 5429">
     <span class='ocr_line' id='line_1_128' title="bbox 1848 5340 3431 5429; baseline -0.008 -23"><span class='ocrx_word' id='word_1_991' title='bbox 1848 5340 2010 5417; x_wconf 86' lang='grc' dir='ltr'>αὐτός</span> <span class='ocrx_word' id='word_1_992' title='bbox 2047 5352 2194 5405; x_wconf 74' lang='grc' dir='ltr'>ἐστιν</span> <span class='ocrx_word' id='word_1_993' title='bbox 2217 5352 2421 5415; x_wconf 80' lang='grc' dir='ltr'>ἐκεῖνος</span> <span class='ocrx_word' id='word_1_994' title='bbox 2449 5352 2478 5404; x_wconf 90' lang='lat'>6</span> <span class='ocrx_word' id='word_1_995' title='bbox 2501 5348 2857 5422; x_wconf 89' lang='grc' dir='ltr'>σταυρωθείς.</span> <span class='ocrx_word' id='word_1_996' title='bbox 2887 5342 3197 5429; x_wconf 11' lang='grc' dir='ltr'>Μέγαχάρα</span> <span class='ocrx_word' id='word_1_997' title='bbox 3228 5340 3431 5429; x_wconf 50' lang='grc' dir='ltr'>ἀγαθὸν</span> 
     </span>
    </p>
   </div>
   <div class='ocr_carea' id='block_1_129' title="bbox 1847 5423 3430 5506">
    <p class='ocr_par' dir='ltr' id='par_1_129' title="bbox 1847 5423 3430 5506">
     <span class='ocr_line' id='line_1_129' title="bbox 1847 5423 3430 5506; baseline -0.008 -17"><span class='ocrx_word' id='word_1_998' title='bbox 1847 5436 1943 5489; x_wconf 74' lang='grc' dir='ltr'>καὶ</span> <span class='ocrx_word' id='word_1_999' title='bbox 1972 5436 2259 5506; x_wconf 90' lang='grc' dir='ltr'>σωτήριον,</span> <span class='ocrx_word' id='word_1_1000' title='bbox 2307 5434 2403 5489; x_wconf 77' lang='grc' dir='ltr'>καὶ</span> <span class='ocrx_word' id='word_1_1001' title='bbox 2448 5432 2748 5505; x_wconf 81' lang='grc' dir='ltr'>τεκμήριον</span> <span class='ocrx_word' id='word_1_1002' title='bbox 2787 5423 3016 5501; x_wconf 71' lang='grc' dir='ltr'>ἐναργὲς</span> <span class='ocrx_word' id='word_1_1003' title='bbox 3040 5425 3140 5498; x_wconf 82' lang='grc' dir='ltr'>τῆς</span> <span class='ocrx_word' id='word_1_1004' title='bbox 3165 5423 3260 5480; x_wconf 88' lang='grc' dir='ltr'>τοῦ</span> <span class='ocrx_word' id='word_1_1005' title='bbox 3293 5423 3430 5478; x_wconf 81' lang='grc' dir='ltr'>Θεοῦ</span> 
     </span>
    </p>
   </div>
   <div class='ocr_carea' id='block_1_130' title="bbox 1850 5518 2280 5591">
    <p class='ocr_par' dir='ltr' id='par_1_130' title="bbox 1850 5518 2280 5591">
     <span class='ocr_line' id='line_1_130' title="bbox 1850 5518 2280 5591; baseline 0.007 -20"><span class='ocrx_word' id='word_1_1006' title='bbox 1850 5518 2280 5591; x_wconf 87' lang='grc' dir='ltr'>φιλανθρωπίας.</span> 
     </span>
    </p>
   </div>
   <div class='ocr_carea' id='block_1_131' title="bbox 1917 5675 3429 5755">
    <p class='ocr_par' dir='ltr' id='par_1_131' title="bbox 1917 5675 3429 5755">
     <span class='ocr_line' id='line_1_131' title="bbox 1917 5675 3429 5755; baseline -0.005 -16"><span class='ocrx_word' id='word_1_1007' title='bbox 1917 5690 1978 5739; x_wconf 84' lang='grc' dir='ltr'>ε’.</span> <span class='ocrx_word' id='word_1_1008' title='bbox 1999 5683 2213 5739; x_wconf 80' lang='grc' dir='ltr'>Μᾶλλον</span> <span class='ocrx_word' id='word_1_1009' title='bbox 2241 5684 2299 5738; x_wconf 76' lang='grc' dir='ltr'>δὲ</span> <span class='ocrx_word' id='word_1_1010' title='bbox 2330 5684 2429 5755; x_wconf 85' lang='grc' dir='ltr'>οὐχ</span> <span class='ocrx_word' id='word_1_1011' title='bbox 2452 5685 2480 5737; x_wconf 93' lang='lat'>6</span> <span class='ocrx_word' id='word_1_1012' title='bbox 2520 5680 2752 5753; x_wconf 77' lang='grc' dir='ltr'>σταυρὸς</span> <span class='ocrx_word' id='word_1_1013' title='bbox 2784 5682 2964 5755; x_wconf 80' lang='grc' dir='ltr'>μόνον,</span> <span class='ocrx_word' id='word_1_1014' title='bbox 2989 5679 3125 5735; x_wconf 81' lang='grc' dir='ltr'>ἀλλὰ</span> <span class='ocrx_word' id='word_1_1015' title='bbox 3160 5679 3259 5735; x_wconf 67' lang='grc' dir='ltr'>καὶ</span> <span class='ocrx_word' id='word_1_1016' title='bbox 3289 5675 3429 5732; x_wconf 67' lang='grc' dir='ltr'>αὐτά</span> 
     </span>
    </p>
   </div>
   <div class='ocr_carea' id='block_1_132' title="bbox 1846 5763 3428 5842">
    <p class='ocr_par' dir='ltr' id='par_1_132' title="bbox 1846 5763 3428 5842">
     <span class='ocr_line' id='line_1_132' title="bbox 1846 5763 3428 5842; baseline -0.006 -15"><span class='ocrx_word' id='word_1_1017' title='bbox 1846 5771 1914 5827; x_wconf 86' lang='grc' dir='ltr'>τά</span> <span class='ocrx_word' id='word_1_1018' title='bbox 1964 5772 2183 5842; x_wconf 79' lang='grc' dir='ltr'>ῥήματα</span> <span class='ocrx_word' id='word_1_1019' title='bbox 2208 5768 2278 5822; x_wconf 81' lang='grc' dir='ltr'>τά</span> <span class='ocrx_word' id='word_1_1020' title='bbox 2330 5768 2422 5821; x_wconf 73' lang='grc' dir='ltr'>ἐπὶ</span> <span class='ocrx_word' id='word_1_1021' title='bbox 2480 5769 2572 5823; x_wconf 87' lang='grc' dir='ltr'>τοῦ</span> <span class='ocrx_word' id='word_1_1022' title='bbox 2628 5769 2861 5842; x_wconf 84' lang='grc' dir='ltr'>σταυροῦ</span> <span class='ocrx_word' id='word_1_1023' title='bbox 2925 5766 3197 5824; x_wconf 78' lang='grc' dir='ltr'>δείκνυσιν</span> <span class='ocrx_word' id='word_1_1024' title='bbox 3268 5763 3428 5819; x_wconf 87' lang='grc' dir='ltr'>αὐτοῦ</span> 
     </span>
    </p>
   </div>
  </div>
