3906 6224
455 319 564 376 415

450 432 550 503 τὴν
583 430 790 500 ἄφατον
813 432 1242 505 φιλανθρωπίαν.
1258 439 1369 491 Καὶ
1397 438 1562 493 ἄκουε
1592 439 1772 495 αὐτῶν
1798 440 1907 496 τῶν
1937 444 2036 514 ρη-

453 515 663 582 μάτων.
692 514 1065 586 Παρεστώτων
1104 516 1212 589 γὰρ
1246 520 1426 573 αὐτῶν
1457 522 1565 574 τῶν
1608 525 2039 594 σταυρωσάντων

454 596 653 668 καὶτῷ
683 597 839 668 θυμῷ
877 596 1129 664 ζεόντων,
1170 601 1383 670 Πάτερ,
1428 606 1612 673 φησὶν,
1643 605 1794 674 άςςες
1834 606 2040 672 αὐτοῖς

450 679 569 747 τὴν
591 680 882 749 ἁμαρτίαν
903 682 1129 750 ταύτην
1146 699 1161 713 ·
1185 686 1256 737 οὺ
1283 686 1393 753 γὰρ
1418 686 1619 743 οἴδασι
1652 689 1707 741 τί
1732 689 2036 743 ποιοῦσιν.

452 758 608 826 Εἶδες
650 763 1054 834 φιλανθρωπίαν
1112 767 1416 834 Δεσπότου;
1456 770 1873 841 σταυρούμενος,
1900 773 2037 842 ὑπὲρ

451 846 561 897 τῶν
591 844 964 914 σταυρούντων
1015 850 1317 919 παρεκάλει
1338 868 1351 881 ·
1384 852 1560 905 καίτοι
1587 855 1785 906 ἐκεῖνοι
1807 853 2036 923 ἐχλεύα-

452 928 545 992 ζον
588 926 682 978 καὶ
726 926 971 998 διέσυρον
1016 930 1179 983 αύτὸν
1231 931 1496 1001 λέγοντες·
1552 938 1622 988 Εἰ
1666 936 1799 1001 Υίός
1833 932 1892 989 εἴ
1918 936 2024 989 τοῦ

455 1009 627 1073 Θεοῦ,
686 1009 971 1079 κατάϐηθι
1024 1014 1143 1067 ἀπὸ
1189 1016 1297 1070 τοῦ
1325 1020 1615 1085 σταιροῦ.
1650 1020 1760 1072 Καὶ
1818 1019 1923 1088 μὴν
1951 1018 2038 1072 διὰ

451 1092 610 1146 τοῦτο
638 1094 700 1146 ού
726 1095 1044 1148 καταϐαίνει
1094 1097 1203 1150 ἀπὸ
1230 1098 1322 1151 τοῦ
1372 1099 1631 1165 σταυροῦ,
1693 1101 1879 1172 ἐπειδὴ
1912 1101 2039 1164 Υἱός

453 1175 571 1228 ἐστι
606 1176 700 1228 τοῦ
744 1177 912 1231 Θεοῦ·
960 1178 1049 1232 διὰ
1077 1180 1236 1233 τοῦτο
1265 1184 1372 1253 γὰρ
1417 1178 1601 1253 ἦλθεν,
1631 1184 1717 1238 ἵνα
1752 1186 2035 1255 σταυρωθῇ

456 1257 597 1330 ὑπὲρ
643 1259 818 1329 ἡμῶν.
860 1262 1210 1327 Καταϐάτω,
1236 1266 1422 1333 φησὶν,
1445 1266 1565 1319 ἀπὸ
1598 1266 1705 1319 τοῦ
1747 1267 2034 1335 σταυροῦ,

455 1340 561 1396 ινα
606 1340 853 1411 ἴδωμεν,
902 1343 1001 1397 καὶ
1046 1349 1465 1416 πιστεύσωμεν
1502 1351 1589 1414 είς
1641 1349 1848 1403 αὐτόν.
1894 1349 2038 1418 Ὅρα

454 1423 840 1493 ἀναισχυντίας
870 1426 1093 1498 ῥήματα
1127 1428 1221 1481 καὶ
1271 1430 1576 1500 προφάσεις
1614 1428 1891 1493 ἀπιστίας.
1927 1428 2035 1482 Τοῦ

456 1508 761 1578 καταϐῆναι
788 1509 895 1562 ἀπὸ
922 1510 1016 1563 τοῦ
1053 1511 1286 1584 σταυροῦ
1324 1512 1507 1583 μεῖζον
1534 1513 1788 1583 ἐποίησε,
1813 1512 1908 1566 καὶ
1935 1513 2038 1565 ούκ

456 1590 803 1656 ἐπίστευσαν,
831 1593 926 1646 καὶ
955 1592 1051 1647 νῦν
1081 1594 1319 1664 λέγουσι·
1352 1595 1581 1649 Κατάϐα
1613 1595 1722 1648 ἀπὸ
1752 1594 1844 1648 τοῦ
1872 1612 2037 1649 σταυ-

461 1671 580 1742 ροῦ,
616 1675 710 1727 καὶ
762 1675 1126 1748 πιστεύσομέν
1175 1695 1277 1731 σοι.
1314 1678 1421 1731 Τοῦ
1455 1679 1562 1748 γάρ
1597 1676 1902 1748 καταϐῆναι
1930 1677 2038 1731 ἀπὸ

456 1756 552 1809 τοῦ
595 1758 831 1830 σταυροῦ
878 1760 1013 1815 πολὺ
1070 1761 1252 1833 μεῖζον
1290 1758 1358 1833 ἦν
1392 1761 1453 1814 τὸ
1500 1761 1689 1832 νεκρὸν
1718 1760 2062 1831 άναστῆναι,·

455 1839 553 1893 τοῦ
585 1840 735 1895 λίθου
768 1845 1119 1916 ἐπικειμένου
1148 1845 1226 1916 τῷ
1250 1847 1406 1915 τάφῳ
1426 1862 1440 1875 ·
1475 1843 1570 1897 τοῦ
1598 1843 1901 1913 καταϐῆναι
1932 1842 2040 1895 ἀπὸ

456 1923 552 1977 τοῦ
591 1926 826 1994 σταυροῦ
866 1928 1002 1981 πολὺ
1043 1930 1228 1999 μεῖζον
1267 1924 1337 1997 ἦν
1377 1929 1749 1997 τετραήμερον
1783 1926 1912 1978 ὄντα
1942 1924 2034 1978 τὸν

456 2005 706 2075 Λάζαρον
725 2006 959 2078 κειρίαις
981 2011 1158 2078 ἐνειλη
1167 2008 1440 2079 μ[μ]ένον,
1458 2011 1594 2079 μετὰ
1608 2010 1819 2063 τούτων
1838 2009 2038 2077 ἐξαγα-

458 2091 580 2155 γεῖν
606 2089 671 2140 ἐκ
704 2087 800 2142 τοῦ
850 2088 1139 2159 μνημείου.
1187 2085 1343 2153 Εἶδες
1389 2091 1576 2154 ἀνοίας
1617 2093 1871 2161 ρἡατας
1901 2087 2040 2155 εἶδες

462 2168 665 2240 μανίας
696 2171 1037 2242 ύπερϐολήνς
1068 2170 1202 2225 ἀλλά
1234 2172 1532 2244 προσέχετε
1565 2172 1704 2243 μετὰ
1733 2173 2037 2244 ἀκριϐείας,

459 2251 785 2323 παρακαλῶ,
823 2253 910 2307 ’ίνα
948 2254 1127 2323 εἰδῆτε
1158 2254 1294 2308 Θεοῦ
1327 2255 1736 2326 φιλανθρωπίαν
1764 2255 2038 2326 ὑπερϐάλ-

461 2332 684 2400 λουσαν,
711 2336 808 2389 καὶ
839 2334 956 2399 πῶς
997 2336 1134 2409 αὐτῇ
1159 2340 1223 2408 τῇ
1275 2337 1432 2409 ἀνοίᾳ
1473 2336 1654 2392 αὐτῶν
1685 2339 1906 2409 ἀφορμῇ
1943 2338 2038 2390 κέ-

457 2435 660 2489 χρηται
696 2420 778 2483 είς
814 2418 1145 2491 συγγνώμην
1196 2423 1225 2474 6
1262 2422 1515 2494 Χριστός.
1558 2421 1750 2491 Πάτερ
1772 2463 1786 2483 ,
1834 2421 1996 2491 φησὶν
2022 2460 2038 2487 ,

458 2499 610 2568 άφες
638 2501 840 2568 αὐτοῖς
860 2500 976 2570 τὴν
1005 2504 1298 2573 ἁμαρτίαν
1316 2519 1330 2533 ·
1362 2506 1434 2558 οὐ
1462 2504 1570 2574 γὰρ
1600 2504 1800 2558 οἴδασι
1834 2504 1891 2556 τί
1916 2519 2041 2556 ποι-

458 2581 619 2637 οῦσι.
639 2583 934 2653 Μονονουχὶ
953 2584 1062 2655 γάρ
1087 2584 1243 2638 ’τοῦτο
1263 2585 1429 2657 δηλοῖ,
1456 2586 1521 2640 δι’
1547 2579 1621 2640 ὧν
1643 2604 1715 2657 φη
1725 2603 1827 2638 σιν·
1857 2586 2041 2656 Ἀνόη-

458 2663 544 2716 τοί
578 2666 712 2724 εἱσι.
756 2667 852 2717 καὶ
902 2666 1186 2733 ἀγνοοῦσιν
1219 2666 1247 2720 6
1282 2668 1600 2739 πράττουσι.
1636 2670 1893 2720 Κάκεῖνοι
1941 2667 2041 2737 μὲν

461 2745 667 2813 ελεγον·
705 2749 770 2799 El
802 2745 933 2813 Υίὸς
947 2748 1002 2800 εί
1027 2747 1132 2801 τοῦ
1156 2749 1324 2814 Θεοῦ,
1343 2747 1553 2802 σῶσον
1571 2751 1833 2802 σεαυτόν
1850 2765 1863 2779 ·
1882 2749 2043 2814 αύτὸς

459 2829 519 2883 δέ
552 2828 884 2894 ἐσπούδαζεν
910 2830 1057 2894 ὅπως
1086 2832 1328 2895 ἐκείνους
1350 2831 1500 2903 σώσῃ
1521 2832 1646 2894 τοὺς
1683 2829 2041 2895 ὀνειδίζοντας

459 2912 613 2984 αὐτῷ
643 2913 738 2966 καὶ
783 2913 1183 2984 κωμῳδοῦντας
1227 2917 1322 2970 καὶ
1351 2915 1812 2987 λοιδορουμένους.
1856 2918 2042 2985 ’Ἄφες

459 2996 689 3062 αὐτοῖς,
710 2997 865 3066 φησὶ,
893 2996 1008 3065 τὴν
1026 2997 1319 3067 ἁμαρτίαν
1337 2999 1587 3065 ταύτην·
1610 3000 1683 3052 οὐ
1710 2999 1817 3068 γὰρ
1842 2998 2042 3052 οἴδασι

460 3081 521 3134 τί
555 3081 819 3149 ποιοῦσι.
856 3079 922 3132 Τί
960 3076 1089 3147 οῦνς
1123 3082 1335 3152 ἀφῆκεν
1365 3081 1551 3146 αὐτοῖς
1592 3082 1694 3153 τὴν
1730 3081 2038 3151 ἀμαρτίαν;

476 3162 683 3233 Ἀφῆκε
705 3166 818 3227 τοῖς
840 3163 1184 3235 βουλομένοις
1208 3164 1308 3236 τὴν
1340 3165 1626 3236 μετάνοιαν
1649 3165 2040 3231 ἐπιδείξασθαι.

463 3243 577 3297 Καὶ
598 3248 646 3298 εί
682 3245 756 3318 μὴ
779 3247 991 3316 ἀφῆκεν
1015 3248 1199 3310 αὐτοῖς
1225 3248 1322 3316 τὴν
1348 3247 1645 3320 ἁμαρτίαν,
1678 3248 1779 3302 ούκ
1802 3250 1868 3302 ἂν
1896 3247 2044 3303 Παῦο

398 3397 408 3407 .
459 3332 556 3392 λος
602 3327 900 3391 ἀπόστολος
946 3328 1195 3396 ἐγένετο·
1244 3330 1293 3381 ει
1334 3330 1409 3400 μὴ
1452 3330 1665 3400 ἀφῆκεν
1720 3329 1903 3394 αὐτοῖς
1945 3330 2043 3402 τὴν

469 3410 765 3481 ἁμαρτίαν,
797 3410 897 3463 ούκ
922 3410 987 3463 ἂν
1021 3410 1223 3475 εὐθέως
1255 3409 1541 3483 τρισχίλιοι
1573 3412 1667 3465 καὶ
1696 3414 2045 3484 πεντακισχί-

463 3492 588 3559 λιοι,
621 3493 722 3546 οὐκ
759 3493 823 3547 ἂν
852 3495 909 3548 αί
955 3493 1147 3548 πολλαὶ
1179 3495 1438 3566 μυριάδες
1475 3494 1586 3549 τῶν
1619 3496 1891 3550 Ἰουδαίων
1921 3497 2043 3551 ἐπί-

467 3593 702 3630 στευσαν
757 3576 1004 3648 ὕστερον.
1051 3578 1314 3631 Ἄκουσον
1346 3579 1457 3650 γὰρ
1499 3578 1551 3631 τί
1597 3596 1730 3649 φησι
1764 3580 1902 3652 πρὸς
1950 3582 2044 3636 τὸν

466 3658 678 3713 Παῦλον
709 3659 965 3722 Ἰάκωϐος
991 3661 1048 3712 ἐν
1072 3660 1335 3731 Ἰεροσολύ
1343 3675 1494 3731 μοις·
1516 3664 1778 3731 Θεωρεῖς,
1795 3663 2042 3732 ἀδελφέ,

467 3744 652 3795 πόσαι
698 3739 985 3811 μυριάδες
1042 3741 1161 3795 είσί
1208 3740 1327 3796 τῶν
1367 3748 1853 3800 πεπιστευκότων
1895 3748 2044 3801 Ἰου-

466 3825 672 3880 δαίων.

536 3905 924 3978 Μιμησώμεθα
968 3906 1188 3968 τοίνυν,
1239 3908 1576 3980 παρακαλῶ,
1605 3910 1701 3965 καὶ
1747 3912 1906 3983 ἡμεῖς
1951 3910 2043 3965 τὸν

466 3991 774 4061 Δεσπότην,
816 3991 911 4043 καὶ
948 3990 1089 4061 ὑπὲρ
1127 3990 1234 4045 τῶν
1274 3991 1483 4063 ἐχθρῶν
1529 3993 1836 4065 εὐχώμεθα.
1865 3993 2043 4065 Ἀπερ

467 4073 592 4144 χθὲς
624 4071 928 4144 παρῄνεσα,
956 4071 1129 4126 ταῦτα
1149 4075 1241 4126 καὶ
1264 4073 1359 4128 νῦν
1385 4075 1546 4130 πάλιν
1574 4077 1823 4149 παραινῶ
1841 4093 1855 4107 ·
1887 4076 2044 4141 εἰδὼς

465 4156 560 4211 τοῦ
596 4155 1018 4227 κατορθώματος
1045 4156 1106 4209 τὸ
1146 4156 1394 4228 μέγεθος,
1425 4160 1662 4231 μίμησαί
1695 4178 1787 4214 σου
1825 4160 1917 4215 τὸν
1944 4163 2042 4214 Δε-

469 4239 674 4310 σπότην
698 4255 711 4269 ·
747 4241 954 4301 ἐκεῖνος
979 4239 1327 4310 ἐσταυροῦτο,
1351 4244 1446 4295 καὶ
1464 4242 1605 4312 ὑπὲρ
1623 4243 1728 4297 τῶν
1752 4243 2044 4314 σταυροῦν-

466 4339 576 4376 των
610 4321 929 4393 παρεκάλει.
960 4322 1068 4374 Καὶ
1095 4322 1212 4386 πῶς
1243 4322 1497 4395 δύναμαι,
1528 4326 1680 4397 φησὶ,
1716 4326 1806 4381 τὸν
1840 4326 2044 4381 Δεσπό-

466 4421 568 4478 την
595 4403 972 4477 μιμήσασθαι;
1014 4404 1113 4458 Ἃν
1143 4403 1351 4476 ἐθέλῃς.
1382 4407 1638 4461 δύνασαι·
1669 4411 1717 4462 εί
1756 4410 1830 4481 μὴ
1857 4406 1925 4482 ἦν
1950 4409 2044 4463 δυ-

466 4490 647 4555 νατὸν,
692 4490 794 4543 οὐκ
835 4488 901 4542 ἂν
938 4487 1110 4556 ἔλεγε·
1156 4488 1385 4543 Μάθετε
1419 4492 1519 4545 ἀπ’
1551 4491 1697 4561 ἐμοῦ
1731 4490 1823 4545 ὅτι
1854 4492 2043 4560 πρᾶός

467 4575 584 4642 ειμι
635 4574 737 4630 καὶ
767 4571 1048 4639 ταπεινὸς
1093 4571 1169 4642 τῇ
1210 4573 1459 4643 καρδίᾳ·
1510 4577 1559 4629 εί
1591 4575 1666 4647 μὴ
1698 4576 1920 4630 δυνατὸν
1972 4574 2042 4650 ἦν

469 4656 738 4730 ἀνθρώπῳ
763 4658 1127 4730 μιμήσασθαι,
1160 4657 1260 4711 οὐκ
1293 4657 1359 4711 ἂν
1387 4660 1416 4711 6
1440 4657 1650 4723 Παῦλος
1673 4656 1820 4714 εἷπε·
1855 4661 2043 4730 Μιμη-

468 4742 568 4797 ταί
584 4760 704 4811 μου
720 4742 978 4812 γίνεσθε,
999 4740 1193 4806 καθὼς
1212 4741 1369 4810 κάγὼ
1383 4742 1658 4810 Χριστοῦ.
1682 4742 1826 4814 Πλὴν
1847 4743 1960 4796 ἀλλ’
1978 4745 2039 4797 ού

470 4824 650 4895 βούλει
687 4822 1033 4895 μιμήσασθαι
1076 4824 1169 4878 τὸν
1202 4826 1515 4895 Δεσπότην;
1549 4824 1789 4897 μίμησαί
1827 4843 1921 4880 σου
1951 4826 2040 4881 τὸν

469 4906 625 4982 [420]
664 4908 982 4973 σύνδουλον,
1021 4907 1113 4963 τὸν
1159 4909 1430 4978 Στέφανον
1459 4908 1636 4977 λέγω,
1686 4908 1778 4962 τὸν
1827 4908 2040 4979 πρῶτον

466 4994 759 5060 ἀνοίξαντα
804 4992 904 5057 τάς
954 4993 1049 5048 τοῦ
1090 4993 1395 5065 μαρτυρίου
1446 4993 1651 5065 θύρας·
1704 4995 1913 5057 ἐκεῖνος
1949 4993 2040 5047 τὸν

466 5076 745 5147 Δεσπότην
774 5076 1104 5147 ἐμιμήσατο.
1141 5077 1409 5148 Καθάπερ
1442 5076 1552 5148 γὰρ
1579 5076 1607 5128 6
1637 5076 1913 5148 Δεσπότης
1947 5094 2042 5147 με-

467 5160 604 5227 ταξὺ
637 5159 747 5214 τῶν
777 5158 1151 5231 σταυροῦντων
1197 5160 1360 5214 αὐτὸν
1393 5158 1740 5231 κρεμάμενος
1765 5157 1911 5231 ’ὑπὲρ
1932 5161 2039 5214 τῶν

470 5244 846 5315 σταυρούντων
878 5242 1209 5313 παρεκάλει,
1238 5241 1380 5297 οὕτω
1408 5243 1503 5297 καὶ
1545 5244 1574 5297 6
1618 5242 1800 5307 δοῦλος
1836 5244 2037 5314 μεταξὺ

466 5327 580 5383 τῶν
606 5327 935 5392 λιθαζόντων
960 5325 1058 5393 ὢν,
1087 5325 1410 5397 βαλλόμενος
1432 5326 1535 5379 ὑπὸ
1564 5325 1799 5390 πάντων,
1826 5327 2039 5392 καὶτὰς

467 5409 693 5479 νιφάδας
710 5410 817 5464 τῶν
830 5410 992 5464 λίθων
1006 5410 1310 5481 δεχόμενος,
1326 5408 1423 5470 τὰς
1437 5408 1626 5471 ὀδύνας
1646 5409 1743 5472 τὰς
1757 5410 1822 5463 ἐκ
1834 5410 2038 5464 τούτων

466 5494 755 5565 γινομένας
770 5494 927 5563 ἀφεὶς
944 5493 1113 5562 ἔλεγε·
1139 5494 1333 5561 Κύριε,
1352 5490 1436 5561 μὴ
1455 5492 1694 5559 στήσῃς
1707 5493 1909 5559 αὐτοῖς
1926 5493 2041 5563 τὴν

467 5578 760 5648 ἁμαρτίαν
805 5578 1047 5645 ταύτην.
1072 5573 1221 5641 Εἶδες
1270 5575 1386 5639 πῶς
1427 5575 1554 5639 Υἱὸς
1586 5574 1909 5644 διαλέγεται,
1944 5579 2038 5632 καὶ

468 5661 586 5724 πῶς
629 5661 812 5727 δοῦλος
855 5659 1102 5730 εῦχεταις
1150 5662 1358 5724 ἐκεῖνος
1410 5658 1595 5729 λέγει·
1624 5659 1850 5730 Πάτερ,
1886 5663 2038 5731 ἄφες

460 5739 674 5810 ἀὐτοῖς
717 5742 831 5815 τὴν
881 5744 1170 5816 ἁμαρτίαν
1203 5744 1460 5814 ταύτην·
1494 5745 1566 5800 οὺ
1599 5744 1709 5814 γὰρ
1752 5742 1948 5801 οἴδασι
1979 5748 2038 5803 τί

1137 324 1197 381 S.
1229 322 1515 382 JOANNIS
1551 325 2039 384 CHRYSOSTOMI

2141 324 2410 388 RCHIEP.
2452 327 2994 388 CONSTANTINOP.

3605 320 3705 377 HG

2142 444 2452 498 ποιοῦσιν·
2485 439 2638 508 οὗτος
2676 445 2842 511 λέγει·
2889 442 3086 509 Κύριε,
3117 442 3203 510 μὴ
3232 440 3472 509 στήσῃς
3512 441 3714 508 αὐτοῖς

2138 526 2256 594 τὴν
2279 527 2572 595 ἁμαρτίαν
2621 528 2867 593 ταύτην.
2910 524 3021 578 Καὶ
3061 525 3147 577 ἴνα
3188 523 3364 595 μάθῃς
3407 524 3490 577 ὅτι
3516 525 3718 580 ἐσπου-

2138 609 2418 680 δασμένως
2450 608 2611 661 τοῦτο
2631 611 2794 673 ποιεί,
2835 608 2934 677 οὐχ
2970 606 3158 670 ἁπλῶς
3191 606 3412 677 ηὔξατο,
3441 606 3563 660 οὐδὲ
3620 608 3720 676 ἀφ-

2139 690 2494 761 ωσιωμένως,
2530 691 2649 744 οὐδὲ
2691 689 2883 751 ἑστὼς.
2917 689 3051 743 άλλά
3093 689 3205 753 θεὶς
3230 689 3299 742 τὰ
3319 690 3544 758 γόνατα,
3583 688 3721 759 μετά

2140 773 2504 839 κατανύξεως,
2547 774 2684 845 μετὰ
2717 772 2916 845 πολλῆς
2966 774 3064 843 τῆς
3108 772 3469 844 συμπαθείας.
3523 772 3719 825 Βούλει

2142 880 2224 917 σοι
2278 864 2437 930 δείξω
2487 864 2580 916 καὶ
2627 863 2784 918 ἄλλον
2833 862 3113 915 σύνδουλον
3159 862 3377 933 μείζονα
3426 861 3720 932 εὐχόμενον

2140 950 2304 1023 εὐχὴν
2334 951 2473 1023 ὑπὲρ
2500 950 2606 1003 τῶν
2629 949 2838 1022 ἐχθρῶν
2861 966 2874 1014 ;
2905 950 3067 1004 ἄκουε
3098 947 3191 1001 τοῦ
3217 947 3487 1018 μακαρίου
3507 947 3721 1002 Παύλου

2138 1037 2422 1104 λέγοντος·
2462 1037 2603 1109 μετὰ
2641 1037 2749 1108 γάρ
2800 1037 2861 1089 τὸ
2910 1038 3079 1089 εἰπεῖν
3132 1035 3232 1089 ὅσα
3270 1034 3576 1098 πέπονθεν,
3637 1037 3718 1089 ὅτι

2138 1126 2426 1192 Πεντάκις
2470 1125 2926 1193 τεσσαράκοντα
2972 1124 3132 1192 παρὰ
3173 1123 3322 1193 μίαν
3372 1123 3534 1192 παρὰ
3574 1125 3722 1178 Ἰου-

2139 1214 2323 1268 δαίων
2339 1213 2581 1279 ἔλαϐον,
2594 1212 2720 1281 τρὶς
2742 1208 3163 1280 ἑρῤαϐδίσθην,
3182 1210 3345 1275 ἅπαξ
3359 1210 3714 1277 ἐλιθάσθην,

2138 1302 2264 1369 τρίς
2288 1301 2668 1372 ἐναυάγησα·
2705 1299 2798 1355 καὶ
2830 1299 3319 1373 ἀπαριθμήσασθαι
3361 1296 3451 1353 τὸν
3481 1299 3720 1371 ὀρμαθδν

2139 1388 2234 1443 καὶ
2258 1387 2357 1452 τὰς
2388 1388 2700 1455 ἐπιϐουλάς,
2730 1389 2796 1452 ἃς
2829 1390 2958 1459 παρ’
2992 1382 3171 1442 αὐτῶν
3201 1386 3321 1439 καθ’
3349 1387 3592 1456 ἑκάστην
3625 1386 3724 1439 ὕπ-

2140 1474 2344 1545 έμεινε,
2389 1475 2523 1547 φησὶ
2563 1476 2658 1529 καὶ
2699 1475 2892 1538 αύτός·
2924 1475 3217 1543 Ηὺχόμην
3264 1472 3535 1542 ἀνάθεμα
3571 1469 3725 1526 εἶναι

2139 1562 2323 1628 αὐτὸς
2352 1558 2467 1633 ἐγὼ
2496 1560 2615 1617 ἀπὸ
2648 1562 2905 1631 Χριστοῦ
2929 1558 3083 1630 ὑπὲρ
3123 1560 3241 1615 τῶν
3274 1557 3558 1629 ἀδελφῶν
3581 1577 3723 1629 μου,

2141 1642 2259 1704 τῶν
2304 1644 2617 1720 συγγενῶν
2654 1668 2776 1718 μου
2826 1648 2977 1701 κατὰ
3020 1641 3220 1716 σάρκα
3243 1688 3258 1711 ,
3308 1647 3529 1713 οἵτινές
3565 1651 3729 1701 εἰσιν

2153 1734 2528 1805 Ἰσραηλῖται.
2571 1735 2757 1799 Θέλεις
2782 1732 2877 1788 καὶ
2904 1734 3124 1805 ἐτέρους
3154 1734 3299 1794 ἰδεῖν.
3333 1736 3453 1805 ούχὶ
3483 1735 3594 1788 ἀπὸ
3624 1735 3724 1804 τῆς

2141 1824 2372 1893 Καινῆς,
2404 1822 2541 1878 ἀλλά
2583 1824 2678 1877 καὶ
2726 1820 2835 1877 ἀπὸ
2863 1822 2965 1892 τῆς
3003 1821 3267 1886 Παλαιᾶς,
3292 1821 3355 1875 τὸ
3402 1822 3537 1875 αὐτὸ
3570 1821 3730 1875 τοῦτο

2143 1906 2465 1977 ποιοῦντας;
2518 1908 2689 1965 Τοῦτο
2728 1911 2837 1983 γὰρ
2875 1910 3111 1981 μάλιστά
3138 1912 3255 1963 ἐστι
3297 1909 3358 1963 τὸ
3387 1910 3725 1981 θαυμαστὸν,

2140 2000 2267 2053 ὃταν
2306 1995 2355 2052 οί
2392 1999 2468 2070 μὴ
2489 1998 2871 2063 κελευσθέντες
2917 1998 3044 2062 τοὺς
3091 1998 3318 2069 ἐχθροὺς
3363 1998 3558 2067 φιλεῖν,
3611 1996 3727 2052 ἀλλ’

2140 2086 2416 2155 ὀφθαλμὸν
2461 2087 2584 2140 ἀντὶ
2632 2086 2913 2157 ὀφθαλμοῦ
2934 2124 2950 2150 ,
2984 2085 3078 2139 καὶ
3106 2085 3292 2139 ὀδόντα
3341 2086 3463 2139 ἀντὶ
3507 2085 3724 2150 ὀδόντος

2141 2171 2444 2235 ἐκϐάλλειν,
2472 2174 2567 2227 καὶ
2593 2177 2706 2238 τοῖς
2742 2174 2879 2236 ἴσοις
2920 2171 3244 2244 ἀμύνεσθαι,
3278 2166 3423 2227 οὗτοι
3459 2172 3599 2243 πρὸς
3628 2174 3727 2242 τὴν

2141 2258 2503 2331 ἀποστολικὴν
2555 2260 2803 2329 φθάσωσι
2858 2260 3125 2331 κορυφήν.
3180 2261 3445 2313 ’Ἄκουσον
3486 2256 3623 2327 γοῦν
3675 2258 3726 2310 τί

2141 2358 2274 2416 φησι
2325 2346 2571 2417 Μωῦσῆς
2624 2350 2653 2402 6
2704 2346 3092 2411 καταλευσθεὶς
3147 2345 3407 2410 πολλάκις
3457 2347 3566 2399 ὑπὸ
3618 2345 3725 2399 τῶν

2154 2430 2458 2486 Ἰουδαίων·
2507 2434 2578 2486 El
2627 2433 2746 2502 μὲν
2794 2431 2957 2501 ἀφῇς
2994 2432 3201 2499 αὐτοῖς
3241 2432 3356 2501 τὴν
3403 2432 3723 2501 ἁμαρτίαν.

2141 2518 2292 2588 άφες
2318 2537 2333 2551 ·
2364 2522 2419 2574 εί
2442 2518 2511 2573 δὲ
2527 2518 2638 2589 μὴ,
2655 2520 2809 2589 κάμὲ
2835 2518 3163 2587 ἐξάλειψω
3184 2520 3253 2573 ἐκ
3271 2518 3383 2587 τῆς
3405 2517 3633 2583 βίϐλου
3653 2514 3724 2587 ἧς

2141 2605 2434 2676 ἔγραψας.
2466 2608 2631 2677 Ὁρᾷς
2655 2606 2882 2661 ἕκαστον
2909 2607 3016 2661 τῶν
3039 2606 3261 2661 δικαίων
3288 2606 3385 2676 τὴν
3411 2605 3522 2659 τῶν
3552 2605 3722 2659 ἄλλων

2144 2693 2447 2763 ἀσφάλειαν
2469 2693 2576 2765 πρὸ
2605 2693 2706 2763 τῆς
2737 2694 2944 2757 οἰκείας
2970 2694 3244 2765 σωτηρίας
3270 2692 3553 2763 τιθέμενον
3575 2710 3589 2757 ;
3620 2693 3725 2744 0-3-

2145 2781 2236 2835 δὲν
2263 2782 2542 2852 ἥμαρτες·
2570 2779 2718 2843 τίνος
2750 2780 2935 2834 ’ἐνεκεν
2976 2781 3302 2849 κοινωνῆσαι
3338 2779 3516 2849 βούλει
3547 2778 3724 2833 αὐτῶν

2140 2868 2241 2938 τῆς
2267 2865 2567 2938 τιμωρίας;
2599 2867 2712 2920 Ούκ
2734 2866 3081 2937 αἰσθάνομαι,
3100 2868 3254 2939 φησὶ,
3280 2871 3380 2940 τῆς
3398 2867 3722 2937 εὐπραγίας,

2143 2954 2345 3025 ἐτέρων
2376 2953 2694 3024 πασχόντων
2725 2953 2931 3018 κακῶς.
2968 2955 3123 3007 Ἐστι
3148 2955 3204 3008 δὲ
3237 2955 3329 3007 καὶ
3372 2954 3460 3007 ἐτε
3471 2971 3562 3026 ρον
3591 2954 3721 3007 ἰδεῖν

2146 3042 2402 3113 τοιαύτην
2431 3040 2751 3112 ποιούμενον
2779 3044 2969 3114 εὐχήν.
2988 3040 3168 3095 Πολλά
3186 3042 3294 3115 γὰρ
3310 3042 3563 3113 ἐπίτηδες
3587 3060 3728 3114 παρ-

2145 3130 2262 3201 άγω
2281 3130 2349 3185 τὰ
2376 3131 2814 3203 παραδείγματα,
2833 3132 2921 3186 ἵνα
2946 3133 3050 3186 κᾶν
3077 3128 3249 3195 οὕτως
3260 3132 3487 3193 ἑαυτοὺς
3504 3128 3727 3202 διορθώ-

2147 3237 2347 3290 σωμεν,
2381 3221 2473 3273 καὶ
2500 3220 2561 3273 τὸ
2601 3219 2831 3294 χαλεπὸν
2860 3219 3017 3273 τοῦτο
3049 3220 3261 3290 νόσημα
3288 3220 3388 3290 τῆς
3415 3218 3596 3272 αὐτῶν
3621 3219 3725 3288 ψυ-

2145 3307 2247 3378 χῆς
2285 3306 2638 3379 ἐξορίσωμεν,
2669 3308 2732 3361 τὸ
2782 3306 3141 3379 κατεύχεσθαι
3186 3306 3329 3373 λέγω
3351 3306 3459 3360 τῶν
3489 3305 3722 3377 ἐχθρῶν.

2148 3396 2347 3448 ⁸Ἀκουε
2404 3396 2497 3449 καὶ
2536 3395 2632 3449 τοῦ
2670 3395 2938 3466 μακαρίου
2988 3395 3185 3458 Δαυτδ,
3242 3393 3404 3464 ¹ἡνίκα
3442 3392 3538 3446 τοῦ
3586 3390 3724 3446 Θεοῦ

2146 3483 2574 3557 παροξυνθέντος
2601 3485 2696 3538 καὶ
2724 3483 2953 3554 ἄγγελον
2980 3484 3400 3545 ἀποστείλαντος
3435 3482 3526 3535 τὸν
3553 3499 3726 3553 τιμωο

2151 3572 2454 3645 ρησόμενον
2478 3566 2539 3623 τὸ
2563 3570 2788 3641 πλῆθος,
2817 3571 2867 3624 τί
2895 3588 3081 3643 φησιν,
3119 3570 3262 3642 ὀρῶν
3290 3569 3477 3622 λοιπὸν
3508 3569 3726 3639 γυμνὴν

2144 3659 2243 3730 τὴν
2280 3656 2554 3730 ῥομφαίαν
2574 3657 2854 3712 δεικνύντα
2876 3659 2968 3711 τὸν
2995 3656 3225 3726 ἄγγελον
3256 3656 3350 3710 καὶ
3371 3657 3475 3725 τὴν
3506 3654 3724 3726 πληγὴν

2145 3749 2423 3818 ἐπιφέρειν
2451 3746 2742 3818 μέλλοντα·
2791 3746 2931 3817 Ἐγὼ
2965 3750 2998 3801 ό
3026 3745 3253 3814 ποιμὴν
3288 3744 3723 3811 ἐκακοποίησα,

2145 3835 2244 3891 καὶ
2292 3831 2457 3891 οὗτοι
2500 3834 2567 3887 τὸ
2598 3835 2877 3903 ποίμνιον
2918 3834 2978 3887 τί
3014 3833 3342 3898 ἐποίησαν;
3376 3831 3661 3885 Γενέσθω
3685 3829 3724 3897 ἠ

2145 3923 2272 3991 χείρ
2298 3937 2414 3976 σου
2442 3921 2534 3975 ἐπ’
2568 3920 2692 3990 ἐμὲ,
2730 3920 2831 3974 καὶ
2871 3919 2970 3973 ἐπὶ
3001 3919 3108 3972 τὸν
3148 3914 3316 3972 οἶκον
3352 3915 3459 3971 τοῦ
3496 3918 3726 3984 πατρός

2138 4026 2279 4078 μου.
2321 4009 2484 4079 Ὀρᾷς
2513 4008 2675 4061 πάλιν
2707 4006 2944 4076 συγγενῆ
2968 4004 3038 4059 τὰ
3065 4003 3496 4077 κατορθώματα;
3528 4003 3725 4056 Βούλει

2146 4113 2228 4149 σοι
2266 4095 2424 4163 δείξω
2474 4095 2568 4149 καὶ
2622 4095 2810 4166 ἕτερον
2840 4092 3000 4146 τοῦτο
3046 4092 3338 4159 ποιοῦντα;
3397 4091 3656 4162 Σαμουὴλ
3696 4093 3726 4145 6

2144 4184 2432 4255 προφήτης
2462 4180 2692 4253 ὑϐρίσθη
2726 4179 2879 4252 παρά
2905 4180 3013 4233 τῶν
3053 4179 3340 4245 Ἰουδαίων,
3371 4176 3721 4248 ἐξουθενὴθη,

2141 4268 2392 4340 ἠτιμώθη
2439 4267 2631 4330 οὕτως,
2661 4267 2737 4331 ὠς
2782 4266 2873 4320 τὸν
2914 4266 3048 4320 Θεὸν
3088 4267 3306 4338 θελῆσαι
3338 4266 3501 4320 αὐτὸν
3538 4280 3723 4335 παραυ

2146 4354 2851 4428 μυθήσασθαι.Προσέχετε,
2882 4353 3208 4424 παρακαλῶ,
3236 4352 3373 4425 μετά
3407 4351 3721 4424 ἀκριϐείας.

2142 4439 2277 4498 Εῐπε
2304 4441 2413 4514 γὰρ
2444 4443 2579 4515 πρὸς
2616 4441 2778 4496 αὐτὸν
2807 4443 2835 4494 6
2877 4440 3009 4505 Θεός
3028 4458 3042 4472 ·
3076 4443 3159 4496 Οὐ
3200 4440 3276 4495 σὲ
3314 4437 3719 4508 ἑξουθενήκα-

2142 4546 2267 4595 σιν,
2291 4532 2430 4586 ἀλλ’
2460 4530 2584 4600 ἐμέ.
2626 4529 2692 4583 Τί
2724 4523 2818 4582 οὖν
2847 4530 3052 4593 ἐκεῖνος
3081 4530 3111 4582 6
3146 4527 3535 4599 ἐξουθενηθεὶς,
3561 4524 3720 4598 [421]

2142 4620 2171 4671 6
2194 4617 2533 4689 ἀτιμασθεὶς,
2565 4617 2594 4670 6
2631 4614 3085 4687 καταφρονηθεὶς,
3111 4617 3140 4669 6
3172 4613 3484 4686 ύϐρισθείς;
3514 4614 3718 4667 Ἄκουε

2142 4707 2196 4761 τί
2224 4722 2420 4779 φησιν·
2460 4705 2623 4776 Ἐμοί
2666 4704 2735 4758 δὲ
2764 4705 2852 4775 μὴ
2887 4704 3117 4774 γένοιτο
3167 4701 3453 4773 ἁμαρτεῖν
3485 4701 3567 4767 τῷ
3599 4703 3721 4755 Κυ-

2133 4797 2246 4865 ρίῳ
2293 4795 2399 4851 τοῦ
2440 4794 2738 4849 διαλιπεῖν
2793 4793 3285 4863 προσευχόμενον
3324 4790 3478 4858 ὑπὲρ
3522 4788 3717 4860 ὑμῶν.

2148 4876 2448 4954 Ἀμαρτίαν
2486 4884 2733 4953 ἐνόμισεν
2767 4878 2906 4936 εἶναι
2937 4882 2997 4936 τὸ
3041 4882 3116 4953 μὴ
3146 4879 3543 4953 προσεύχεσθαι
3572 4878 3718 4952 ὑπὲρ

2138 4970 2248 5025 τῶν
2274 4971 2499 5042 ἐχθρῶν.
2519 4971 2611 5042 Μὴ
2637 4969 2846 5040 γένοιτό
2878 4987 2988 5040 μοι,
3012 4968 3196 5039 φησὶν,
3225 4968 3489 5039 ἁμαρτεῖν
3515 4965 3714 5032 οὕτως,

2139 5057 2215 5121 ὡς
2246 5059 2321 5130 μὴ
2352 5057 2753 5130 προσεύξασθαι
2781 5057 2920 5128 ὑπὲρ
2949 5057 3123 5127 ὑμῶν.
3163 5051 3314 5119 Εἶδες
3342 5056 3573 5108 ἕκαστον
3602 5053 3714 5107 τῶν

2140 5145 2384 5209 δικαίων,
2417 5146 2587 5217 πόσην
2613 5145 2801 5199 τούτου
2834 5143 2927 5198 τοῦ
2965 5143 3385 5215 κατορθώματος
3419 5144 3715 5212 ἐποιήσατο

2140 5233 2238 5305 τὴν
2258 5232 2597 5304 ἐπιμέλειαν,
2621 5231 2700 5303 τῷ
2727 5231 2973 5305 Δεσπότῃ
3001 5229 3450 5293 κατακολουθῶν;
3480 5230 3712 5299 ἰδωμεν

2140 5320 2320 5374 τοίνυν
2348 5319 2551 5373 ἄνωθεν
2582 5319 2651 5373 τὰ
2676 5318 2957 5389 είρημένα.
2997 5319 3054 5372 Ὀ
3084 5318 3358 5388 Δεσπότης
3382 5316 3564 5384 λέγει·
3598 5314 3710 5369 Πά-

2140 5423 2260 5475 τερ,
2294 5405 2445 5476 ἄφες
2473 5404 2677 5472 αὐτοῖς
2699 5404 2815 5474 τὴν
2842 5406 3157 5474 ἁμαρτίαν·
3189 5406 3262 5459 οὐ
3285 5404 3398 5473 γὰρ
3425 5403 3627 5457 οἴδασι
3652 5400 3712 5455 τί

2140 5494 2442 5549 ποιοῦσιν.
2473 5493 2531 5545 '0
2556 5492 2823 5562 Στέφανος
2847 5487 2968 5545 εἷπε
2988 5509 3000 5522 ·
3019 5493 3214 5560 Κύριε,
3236 5490 3323 5561 μὴ
3338 5489 3581 5558 στήσῃς
3604 5489 3709 5543 αὑ·

2139 5579 2265 5647 τοῖς
2294 5578 2412 5647 τὴν
2445 5579 2737 5649 ἁμαρτίαν
2768 5579 3013 5645 ταύτην.
3052 5577 3111 5631 '0
3155 5576 3367 5640 Παῦλος
3395 5575 3564 5644 λέγει·
3589 5576 3709 5631 Ηύ-

2138 5669 2338 5736 χόμην
2365 5656 2632 5735 ἀνάθεμα
2656 5661 2809 5719 εἶναι
2834 5664 3017 5729 αὐτὸς
3034 5661 3156 5734 ’ἐγὼ
3182 5663 3301 5718 ἀπὸ
3325 5662 3433 5716 τοῦ
3451 5659 3709 5730 Χριστοῦ

2138 5753 2294 5823 ὑπὲρ
2324 5750 2445 5808 τῶν
2466 5750 2747 5826 ἀδελφῶν
2768 5769 2910 5823 μου,
2930 5749 3050 5806 τῶν
3081 5747 3397 5821 συγγενῶν
3415 5765 3534 5819 μου
3562 5745 3713 5803 κατὰ
