3906 6224
89 369 222 423 H5

90 498 258 543 rant.
293 488 426 544 Audi
472 489 582 557 ipsa
614 487 817 540 verba:
848 479 1311 538 circumstantibus
1335 477 1476 530 enint
1514 473 1641 543 ipsis
1670 489 1698 523 a

90 580 310 644 quibus
335 579 617 635 cruciﬁxus
638 577 831 641 fuerat,
858 575 1040 643 iraque
1059 582 1109 625 ct
1134 571 1312 623 lurore
1333 564 1696 623 :cstuantibus,

95 667 297 733 Pater,
334 669 533 738 inquit,
569 669 773 738 ignosce
809 666 912 719 illis
952 672 1210 733 peccatum
1249 659 1390 712 hoc:
1430 673 1530 710 non
1569 654 1699 708 enim

93 761 319 825 sciunt,
349 759 467 829 quid
505 768 660 828 agant
693 756 849 828 (Luc.
871 755 960 809 ‘25.
990 751 1102 825 54).
1136 750 1293 804 Vides
1326 746 1700 816 benignitatem

100 851 377 904 Domini?
418 850 702 904 cruciﬁxus
737 863 831 916 pro
871 842 1300 912 crucifigentibus
1352 837 1573 901 orabat,
1604 836 1701 890 etsi

97 941 190 994 tili
227 939 624 995 subsannabant
645 950 696 992 et
717 936 1007 992 illudebant
1025 949 1144 988 cum
1167 933 1434 985 dicentes:
1455 928 1516 983 Si
1539 925 1584 980 F
1588 927 1704 980 ilius

100 1030 218 1085 Dei
241 1049 317 1096 es,
344 1030 589 1084 descende
609 1029 670 1081 de
693 1043 840 1080 cruce
864 1025 1071 1095 (Matth.
1097 1022 1187 1078 ‘27.
1217 1021 1330 1089 40).
1367 1019 1523 1088 Atqui
1579 1032 1702 1085 pro-

101 1132 247 1190 pter
275 1122 379 1176 hoc
406 1121 574 1190 ipsum
601 1133 704 1172 non
735 1116 1009 1171 descendit
1046 1115 1112 1168 de
1139 1128 1294 1167 cruce
1313 1153 1328 1177 ,
1356 1110 1499 1180 quod
1538 1109 1705 1163 Filius

101 1213 224 1267 Dei
255 1212 327 1267 sit
360 1229 374 1265 :
402 1211 520 1264 ideo
541 1208 682 1264 enim
704 1209 870 1270 venit,
899 1216 957 1260 ut
981 1202 1377 1273 cruciﬁgeretur
1405 1217 1500 1270 pro
1529 1199 1702 1253 nobis.

97 1303 441 1367 Descendat,
473 1302 622 1354 aiunt.
641 1341 655 1364 ,
685 1299 747 1353 de
770 1313 946 1356 cruce,
976 1305 1031 1349 ut
1060 1294 1315 1348 videamus
1354 1302 1399 1346 et
1441 1291 1704 1344 credamus

97 1399 161 1450 in
214 1412 331 1450 eum
363 1394 534 1465 (Ibid.
568 1403 615 1447 et
641 1389 767 1464 12).
795 1391 1009 1445 Intuere
1054 1387 1394 1456 impudentia:
1427 1385 1620 1444 verba.
1654 1392 1708 1437 et

97 1485 498 1540 excusationes
529 1480 936 1537 incredulitatis.
962 1478 1258 1534 Grandiora
1283 1476 1425 1542 fecit,
1452 1490 1610 1544 quam
1639 1474 1708 1526 sit

101 1578 418 1632 descensus
447 1575 515 1630 de
537 1588 714 1637 cruce,
741 1582 794 1626 ct
824 1586 928 1625 non
957 1568 1300 1624 crediderunt
1327 1584 1340 1620 :
1377 1577 1432 1620 et
1463 1580 1602 1618 nunc
1629 1563 1708 1617 di-

98 1677 252 1722 cunt
273 1709 288 1734 ,
320 1664 594 1721 Descende
627 1664 696 1718 de
733 1677 894 1718 cruce
914 1702 927 1726 ,
963 1669 1018 1715 et
1047 1659 1329 1714 credemus
1360 1660 1410 1711 in
1443 1666 1512 1710 te.
1547 1656 1708 1710 Multo

99 1759 298 1827 majus
324 1766 438 1811 erat
464 1765 730 1810 mortuum
766 1767 988 1822 surgere
1009 1767 1073 1805 ex
1101 1749 1366 1819 sepulcro,
1401 1747 1575 1815 lapide
1604 1746 1704 1800 im-

101 1851 320 1919 posito,
351 1864 509 1919 quam
531 1846 858 1903 descendere
883 1845 950 1899 de
982 1858 1141 1898 cruce
1171 1860 1184 1895 :
1213 1837 1379 1896 multo
1401 1840 1572 1909 majus
1594 1852 1710 1893 erat

99 1942 537 2008 quatriduanum
585 1938 842 1992 Lazarum
881 1935 1062 1990 fasciis
1097 1933 1431 1997 involutum,
1465 1948 1564 1986 una
1587 1949 1706 1987 cum

105 2035 231 2087 illis
257 2032 488 2088 educere
516 2047 580 2086 ex
611 2040 976 2085 monumento.
1022 2027 1206 2080 Vidisti
1235 2026 1476 2080 stultitia:
1507 2027 1706 2080 verba?

101 2126 305 2180 vidisti
337 2125 555 2180 insaniat
585 2120 1038 2191 magnitudinem?
1066 2119 1159 2173 sed
1179 2118 1456 2191 attendite,
1496 2132 1708 2181 moneo,

105 2218 433 2286 diligenter,
458 2222 516 2269 ut
534 2214 627 2268 Dei
659 2214 970 2267 immensam
1011 2189 1390 2279 benignitatem
1415 2223 1708 2277 cognosca-

105 2308 188 2360 tis
223 2324 238 2360 :
286 2314 342 2360 et
382 2303 650 2374 quomodo
676 2302 764 2356 illa
794 2301 906 2370 ipsa
939 2316 1124 2355 eorunt
1151 2299 1365 2354 vesania
1387 2340 1401 2362 ,
1429 2299 1671 2353 Christus
1692 2340 1706 2363 ,

103 2401 271 2454 velut
301 2401 580 2453 occasione
607 2398 676 2451 sit
713 2411 840 2450 usus
889 2395 955 2450 ad
995 2395 1225 2448 veniam.
1279 2392 1469 2456 Pater,
1509 2395 1709 2463 inquit,

104 2495 329 2562 ignosce
352 2491 456 2544 illis
477 2491 571 2542 hoc
593 2497 848 2558 peccatum
874 2503 892 2540 :
913 2503 1012 2540 non
1033 2486 1165 2539 enim
1185 2487 1351 2539 sciunt
1375 2485 1498 2556 quid
1519 2486 1711 2555 faciunt

110 2580 283 2649 (an.
311 2578 403 2633 25.
427 2579 537 2650 54).
571 2579 796 2631 Tantum
826 2592 930 2631 non
953 2576 1051 2630 ltoc
1083 2576 1298 2640 indicat,
1332 2576 1434 2630 Per
1459 2591 1597 2645 quat,
1628 2575 1712 2628 in-

108 2672 264 2740 quit,
299 2669 610 2739 insipientes
631 2679 785 2731 sunt,
816 2682 910 2736 per
931 2665 1117 2720 eadem
1149 2667 1395 2735 ignorant
1419 2708 1433 2729 ,
1463 2667 1604 2735 quod
1632 2666 1701 2719 fa-

113 2763 300 2816 ciunt.
331 2762 396 2815 Et
421 2761 492 2815 illi
523 2760 736 2829 quidem
766 2759 1031 2824 dicebant,
1060 2758 1122 2813 Si
1148 2757 1316 2812 Filius
1342 2756 1440 2812 Dei
1469 2776 1540 2825 es,
1572 2760 1712 2813 salva

112 2855 344 2922 teipsum
373 2850 583 2921 (Matth.
612 2851 701 2903 27.
725 2849 841 2919 40).
871 2849 987 2919 Ipse
1015 2864 1145 2903 vero
1171 2849 1425 2915 elaborat,
1447 2849 1713 2918 quomodo

118 2946 258 2998 illos
279 2943 506 2998 salvaret
525 2982 538 3005 ,
575 2942 692 2996 illos
719 2943 932 3011 inquam
952 2982 967 3007 ,
999 2958 1026 2994 a
1055 2941 1246 3009 quibus
1271 2942 1556 3012 opprobria
1587 2959 1712 3013 per—

112 3036 462 3106 petiebatur,
505 3033 842 3095 illudebatur,
875 3043 929 3086 et
961 3032 1216 3086 conviciis
1252 3031 1712 3101 proscindebatur.

117 3127 342 3180 Dimitte
370 3126 494 3192 illis,
524 3124 726 3192 inquit,
760 3123 853 3176 hoc
885 3131 1143 3190 peccatum
1168 3135 1187 3174 :
1217 3137 1318 3174 non
1356 3121 1488 3174 enim
1549 3122 1712 3175 sciunt

113 3217 252 3286 quid
282 3217 495 3285 faciunt.
527 3213 665 3279 Quid
689 3212 852 3281 ergo?
878 3228 1002 3264 num
1037 3210 1234 3264 dimisit
1267 3209 1371 3264 illis
1398 3222 1669 3279 peccatum
1691 3213 1716 3265 τ

123 3307 348 3362 Dimisit
373 3304 471 3370 eis,
497 3304 586 3372 qui
614 3301 978 3371 pmnitcntiam
1008 3301 1186 3355 subire
1213 3301 1474 3355 voluerint
1497 3318 1511 3354 :
1539 3302 1584 3356 si
1611 3318 1717 3355 non

119 3398 429 3454 remisisset
456 3395 560 3448 illis
594 3401 901 3463 peccatum,
945 3391 1143 3446 Paulus
1172 3407 1278 3445 non
1319 3391 1508 3446 fuisset
1547 3391 1719 3446 factus

120 3488 406 3561 apostolus
459 3503 473 3540 :
521 3485 564 3539 si
613 3499 720 3538 non
771 3483 1062 3537 remisisset
1109 3481 1216 3538 illis
1260 3493 1566 3551 peccatum,
1613 3499 1718 3538 non

123 3581 315 3636 statim
347 3578 445 3632 tria
473 3576 634 3630 millia
664 3586 716 3630 et
756 3574 989 3644 quinque
1019 3573 1181 3627 millia
1211 3589 1383 3644 neque
1413 3575 1592 3628 multa:
1621 3574 1718 3628 Ju-

121 3673 373 3728 datorutn
389 3667 654 3739 myriades
671 3675 854 3737 postea
871 3664 1239 3719 credidissent.
1271 3664 1408 3718 Audi
1429 3665 1570 3718 enim
1596 3664 1721 3732 quid

127 3761 368 3818 Jacobus
401 3757 750 3830 Jerosolymis
792 3755 936 3810 dicat
983 3755 1049 3810 ad
1083 3755 1306 3810 Paulum
1336 3773 1349 3807 :
1396 3753 1544 3808 Vides
1565 3797 1580 3820 ,
1611 3759 1720 3825 fra-

127 3867 244 3916 ter,
318 3859 435 3920 quot
502 3850 662 3902 millia
723 3847 1023 3902 Iudaeorum
1065 3854 1216 3912 sunt,
1283 3847 1366 3915 qui
1404 3847 1721 3899 crediderunt

129 3945 274 4014 (Act.
304 3941 393 3996 2t.
422 3940 538 4013 20).

209 4033 468 4102 Frequens
493 4034 626 4086 circa
647 4031 922 4085 orationem
952 4046 1044 4100 pro
1074 4029 1290 4083 inimicis
1337 4029 1636 4083 admonitio.
1654 4059 1725 4070 ~—

141 4126 419 4179 lmitemur
441 4123 599 4192 igitur
621 4131 675 4177 et
702 4136 799 4175 nos
825 4119 1126 4182 Dominum,
1154 4129 1209 4174 et
1227 4135 1321 4189 pro
1343 4120 1569 4174 inimicis
1601 4136 1723 4189 prc-

137 4229 345 4268 eemur.
377 4213 506 4280 Qua:
533 4211 647 4266 lteri
675 4210 878 4276 monui,
901 4210 1210 4264 eorumdctn
1239 4218 1293 4265 et
1319 4226 1460 4264 nunc
1488 4226 1722 4264 commo-

140 4303 372 4370 nefacio,
403 4303 580 4357 sciens
606 4301 858 4370 praeclare
888 4299 1011 4354 facti
1042 4300 1457 4368 magnitudinem
1478 4341 1494 4366 ,
1518 4301 1726 4354 imitare

141 4407 290 4448 tuuut
323 4394 627 4448 Dominum.
655 4392 747 4445 llle
767 4389 1193 4460 cruciﬁgebatur,
1217 4401 1270 4445 et
1295 4405 1390 4458 pro
1408 4391 1726 4461 cruciﬁgen-

143 4489 284 4542 tibus
311 4488 512 4541 orabat.
545 4485 610 4539 Et
638 4483 906 4554 quomodo
936 4498 1174 4552 possunt,
1207 4483 1413 4552 inquis,
1447 4485 1724 4537 Dominum

144 4578 374 4632 imitari?
415 4577 469 4633 Si
515 4578 686 4642 velis,
715 4587 867 4645 potes
917 4593 928 4628 :
967 4575 1010 4628 si
1057 4574 1170 4630 ﬁeri
1217 4590 1322 4628 non
1353 4584 1567 4642 posset,
1619 4592 1725 4629 non

142 4669 387 4732 dixisset,
420 4667 612 4721 Discite
632 4684 663 4719 a
702 4682 779 4718 me
806 4665 928 4736 quia
957 4666 1090 4718 mitis
1112 4681 1223 4718 sum
1261 4675 1305 4718 et
1344 4665 1546 4718 humilis
1578 4669 1729 4720 corde

145 4760 361 4830 (llatth.
387 4761 473 4814 11.
503 4760 598 4830 ‘29)
628 4777 640 4812 :
674 4760 719 4813 si
751 4759 910 4811 homo
937 4757 1131 4810 intitari
1163 4771 1268 4810 non
1298 4758 1587 4825 potuisset,
1621 4774 1724 4810 non

145 4854 364 4907 dixisset
402 4853 635 4906 Paulus:
679 4850 970 4902 Imitatorcs
1013 4849 1108 4902 mei
1156 4858 1341 4913 estote,
1386 4850 1514 4902 sicut
1556 4861 1602 4902 et
1639 4868 1728 4921 ego

148 4943 336 4999 tlhristi
362 4943 436 5016 (l.
459 4943 579 4998 Cor.
608 4944 693 4996 11.
725 4945 800 5009 1).
821 4943 1081 4996 Cancrum
1100 4943 1144 4996 si
1177 4941 1312 4994 nolis
1334 4941 1524 4994 imitari
1547 4942 1727 4997 Domi-

151 5053 294 5100 nunt,
319 5036 526 5091 imitare
540 5051 880 5100 conservum,
903 5033 1230 5103 Stephanum
1251 5031 1393 5098 dico,
1418 5035 1506 5102 qui
1526 5035 1730 5104 primus

154 5129 390 5199 martyrii
432 5127 574 5182 fores
611 5127 858 5196 aperuit:
903 5127 990 5180 ille
1023 5125 1302 5179 Dominum
1344 5124 1582 5178 imitatus
1624 5135 1724 5180 est.

152 5219 607 5285 Quemadmodum
654 5217 796 5273 enim
838 5217 1094 5271 Dominus
1134 5215 1271 5269 inter
1298 5229 1423 5278 eos,
1467 5231 1497 5268 a
1537 5217 1728 5284 quibus

149 5311 432 5364 crucifixus
459 5308 660 5373 fuerat,
703 5321 993 5376 suspensus
1025 5322 1118 5376 pro
1144 5305 1574 5374 crucifigentibus
1603 5320 1726 5358 ora-

155 5402 268 5466 bat;
299 5400 382 5455 sic
419 5410 472 5454 et
514 5415 701 5454 servus
742 5398 880 5452 inter
905 5413 1033 5460 eos,
1079 5412 1109 5449 a
1139 5395 1331 5464 quibus
1373 5394 1725 5462 lapidabatur,

153 5490 482 5558 constitutus,
506 5500 558 5544 et
590 5489 657 5542 ab
676 5489 820 5543 omni
855 5488 1006 5542 tttrba
1037 5487 1296 5556 lapidibus
1318 5487 1581 5555 appetitus
1601 5527 1616 5551 ,
1648 5487 1728 5540 la-

156 5584 409 5654 pidesque
473 5580 608 5633 nivis
649 5581 816 5633 instar
845 5581 1108 5632 irruentes
1134 5578 1435 5645 excipiens,
1477 5579 1728 5646 neglectis

157 5675 238 5742 qui
279 5673 400 5729 inde
427 5672 734 5728 oriebantur
759 5671 1060 5734 doloribus,
1095 5669 1303 5723 dicebat
1333 5687 1344 5722 :
1390 5669 1608 5725 Domine
1629 5712 1643 5733 ,
1667 5688 1729 5724 ne

157 5775 337 5822 statuas
363 5767 464 5821 illis
493 5764 585 5817 hoc
615 5773 868 5830 peccatum
899 5763 1032 5830 (Act.
1063 5765 1114 5815 'l.
1145 5762 1261 5833 59).
1292 5762 1498 5832 Vidisti,
1535 5764 1725 5833 quibus

483 5859 745 5916 PATROL.
794 5855 908 5914 Gn.
957 5856 1178 5916 XLIX.

1152 380 1239 436 DE
1275 375 1504 434 CRL‘CE
1545 373 1629 429 ΕΤ
1671 365 1988 425 LATRONE
2027 360 2255 423 llOlllL.
2297 359 2359 414 ll.

3289 344 3392 399 1ίῦ

1816 470 1996 524 verbis
2026 468 2188 523 Filius
2235 476 2431 530 utatur,
2481 476 2532 519 et
2580 463 2846 534 quomodo
2887 477 3074 517 servus
3117 471 3275 515 oret:
3311 460 3397 516 ille

1807 561 1955 624 dicit,
1978 559 2152 622 Pater,
2171 559 2364 612 dimitte
2385 557 2488 610 illis
2515 557 2609 610 hoc
2634 564 2890 625 peccatum
2910 569 2928 618 ;
2951 570 3050 606 non
3073 553 3208 607 enim
3235 552 3396 606 sciunt

1807 654 1930 718 quid
1955 653 2148 725 faciunt
2177 651 2329 723 (Luc.
2369 650 2460 704 25.
2493 649 2582 718 54)
2618 665 2630 701 :
2661 647 2746 701 hic
2775 645 2920 705 dicit.
2954 643 3037 698 Ne
3065 655 3257 698 statuas
3299 642 3399 695 illis

1811 754 1905 805 hoc
1933 762 2216 821 peccatum.
2252 749 2316 804 Et
2346 757 2404 802 ttt
2432 745 2695 814 intelligas
2725 743 2838 796 hate
2867 742 3014 796 illum
3041 739 3321 808 diligenter
3349 748 3402 791 et

1810 853 2054 898 accurate
2081 857 2256 913 agere,
2289 857 2392 895 non
2439 838 2750 908 simpliciter
2779 835 2984 898 orabat,
3031 847 3204 902 neque
3232 831 3402 884 obiter

1814 948 1866 990 et
1889 937 2102 999 leviter,
2149 950 2318 1004 neque
2347 942 2516 994 stans,
2548 929 2639 984 sed
2672 929 2855 996 positis
2881 925 3124 996 genibus,
3153 938 3274 978 cum
3303 922 3401 976 do-

1819 1030 1932 1082 lore
1962 1039 2016 1083 et
2043 1025 2453 1096 compunctione
2481 1033 2534 1077 et
2574 1037 2694 1076 cunt
2724 1019 2884 1073 multa
2914 1016 3400 1072 commiseratione.

1818 1119 1910 1173 \‘is
1941 1119 2030 1172 tibi
2061 1117 2339 1172 ostendam
2365 1125 2420 1171 et
2445 1116 2604 1169 alium
2633 1113 2884 1177 majorem
2913 1122 3228 1164 conservum
3258 1105 3404 1160 simi-

1812 1214 1938 1266 liter
1981 1225 2169 1280 prcces
2223 1225 2317 1278 pro
2364 1207 2591 1262 inimicis
2635 1202 2982 1260 fundentem?
3025 1199 3147 1255 audi
3194 1199 3402 1253 beatum

1814 1303 2029 1358 Paulum
2065 1321 2079 1358 :
2111 1313 2388 1372 postquam
2435 1307 2824 1363 enumerasset,
2874 1307 3072 1366 quanta
3122 1307 3405 1364 perpessus

1811 1406 1988 1460 esset;
2023 1411 2144 1449 nam
2185 1395 2279 1458 ait,
2313 1393 2586 1460 Quinquies
2629 1390 2960 1461 quadraginta
2989 1403 3092 1440 una
3117 1387 3284 1438 minus
3314 1399 3404 1437 ac-

1812 1487 1943 1554 cepi,
1975 1495 2050 1540 ter
2084 1487 2235 1555 virgis
2278 1500 2437 1538 assus
2481 1500 2613 1548 sum,
2666 1482 2818 1535 semel
2848 1481 3104 1550 lapidatus
3145 1494 3277 1541 sum,
3333 1486 3405 1529 ter

1819 1579 2147 1650 naufragium
2175 1577 2272 1645 feci
2299 1577 2376 1643 (Ξ.
2408 1574 2525 1628 Cor.
2560 1576 2646 1629 11.
2676 1573 2764 1626 2i.
2792 1573 2887 1638 25)
2918 1589 2931 1625 :
2962 1580 3015 1625 ct
3041 1585 3161 1625 cum
3190 1582 3406 1638 percettc

1814 1670 2010 1724 suisset
2055 1677 2217 1721 totam
2267 1667 2409 1720 illam
2453 1667 2664 1729 seriem,
2706 1675 2759 1718 ct
2788 1663 3000 1718 insidias
3028 1675 3159 1730 quas
3188 1659 3254 1713 ab
3278 1658 3406 1728 ipsis

1814 1758 2050 1828 quotidie
2079 1757 2395 1821 sustinebat,
2429 1755 2574 1809 addit
2600 1765 2651 1809 et
2681 1754 2794 1822 ipse
2827 1772 2838 1806 :
2873 1752 3120 1820 Optabam
3141 1753 3411 1803 anathema

1813 1866 1917 1902 esse
1945 1867 1976 1902 a
2001 1849 2198 1901 Christo
2224 1865 2316 1917 pro
2357 1846 2593 1915 fratribus
2623 1846 2765 1908 meis,
2811 1844 3034 1913 cognatis
3072 1843 3191 1895 meis
3233 1856 3409 1893 secun-

1813 1941 1932 1992 dum
1976 1957 2209 2005 carnem,
2250 1940 2334 2009 qui
2365 1947 2478 1991 sunt
2527 1936 2779 1990 Israelita:
2814 1933 2988 2002 (Rom.
3031 1935 3084 1988 9.
3117 1932 3192 2003 5).
3224 1932 3314 1986 V'is
3356 1942 3412 1986 ct

1821 2031 1954 2084 alios
1987 2032 2163 2084 videre
2195 2047 2297 2083 non
2339 2047 2401 2082 ex
2433 2043 2592 2093 novo,
2622 2026 2714 2082 sed
2753 2043 2815 2080 cx
2864 2026 3026 2079 veteri
3073 2038 3284 2094 quoque
3309 2021 3410 2075 Te-

1817 2134 2119 2186 stamento,
2163 2122 2251 2191 qui
2301 2121 2439 2174 idem
2484 2119 2765 2172 factitant?
2807 2118 2954 2171 Tunc
2995 2118 3135 2171 ettittt
3181 2117 3411 2170 maxime

1822 2213 2191 2267 admirandum
2221 2221 2320 2268 est.
2354 2210 2566 2277 quando
2593 2209 2689 2270 illi,
2722 2209 2914 2274 quibus
2940 2223 3042 2261 non
3073 2217 3154 2260 est
3180 2207 3410 2274 impera-

1817 2313 1928 2357 tum
1960 2303 2204 2356 inimicos
2229 2301 2466 2366 diligere,
2500 2299 2592 2352 sed
2632 2299 2844 2351 t-culutn
2877 2314 2969 2364 pro
2996 2297 3168 2361 oculo,
3203 2305 3257 2351 ct
3280 2297 3409 2350 den-

1817 2403 1922 2448 tem
1951 2409 2044 2462 pro
2072 2393 2229 2446 dente
2263 2392 2455 2460 ejicere
2483 2389 2674 2458 (Exod.
2707 2390 2798 2442 21.
2830 2390 2920 2442 21.
2951 2387 3067 2457 25),
3096 2400 3150 2442 et
3180 2404 3274 2458 par
3297 2385 3413 2457 pari

1819 2485 2036 2548 referre,
2088 2482 2153 2536 ad
2192 2483 2496 2551 apostolica:
2530 2481 2870 2548 perfectionis
2898 2481 3108 2535 culmen
3155 2480 3410 2537 evadunt.

1827 2576 1962 2629 Audi
1995 2592 2142 2644 ergo,
2173 2574 2294 2643 quid
2327 2574 2467 2628 dicat
2501 2573 2727 2645 Moyses,
2759 2574 2914 2627 toties
2941 2589 2970 2626 a
2997 2573 3192 2627 Judaeis
3222 2571 3409 2642 lapidi—

1820 2666 1920 2720 ltus
1951 2666 2217 2734 appetitus
2244 2684 2254 2717 :
2288 2665 2347 2718 Si
2385 2664 2593 2716 dimittis
2636 2663 2739 2717 illis
2771 2673 3060 2732 peccatum,
3103 2663 3294 2716 dimitte
3325 2679 3343 2716 :
3371 2665 3411 2716 si

1818 2776 1930 2812 vero
1960 2777 2079 2822 non,
2109 2757 2218 2811 delc
2244 2768 2289 2810 et
2330 2773 2409 2810 me
2451 2756 2513 2810 de
2555 2755 2702 2820 libro,
2748 2771 2895 2824 quem
2936 2754 3177 2824 scripsisti
3219 2753 3410 2823 (Exod.

1817 2851 1910 2904 3‘2.
1945 2852 2032 2905 51.
2061 2849 2170 2919 52).
2201 2849 2364 2904 Vides
2388 2848 2676 2918 quemlibet
2698 2862 2758 2899 ex
2781 2846 2936 2914 justis
2965 2845 3190 2898 alienant
3216 2845 3412 2898 securi-

1820 2953 1981 2998 tatem
2015 2943 2366 3011 pra-posaisse
2412 2941 2565 2994 suae?
2605 2939 2743 2994 l\'iltil
2773 2938 2998 3009 peccasti
3027 2955 3042 3003 ;
3072 2954 3166 2992 cur
3193 2939 3271 2991 vis
3297 2953 3413 2993 esse

1823 3035 2087 3103 particeps
2109 3034 2401 3102 supplicii?
2430 3033 2542 3086 Non
2572 3033 2767 3097 sentio,
2797 3032 2984 3100 inquit,
3015 3030 3341 3098 felicitatem,
3369 3031 3412 3084 si

1820 3126 1907 3178 alii
1952 3125 2107 3178 rebus
2135 3123 2373 3177 adversis
2413 3124 2802 3176 conﬂictentur.
2834 3123 3122 3176 Possumus
3149 3133 3328 3176 autem
3353 3134 3408 3175 et

1821 3218 1985 3269 aliunt
2027 3214 2262 3283 reperire
2287 3256 2300 3277 ,
2349 3214 2437 3282 qni
2480 3213 2708 3266 similem
2753 3213 3112 3280 precationem
3157 3213 3410 3265 instituat.

1824 3307 1952 3360 Data
1979 3307 2119 3360 enim
2160 3319 2324 3372 Opera
2354 3303 2517 3358 allero
2546 3303 2707 3357 tnulta
2734 3302 2998 3372 exempla,
3027 3310 3085 3356 ut
3112 3302 3195 3356 vel
3223 3303 3300 3356 sic
3321 3317 3415 3356 nos

1825 3399 1969 3468 ipsos
2006 3398 2357 3466 corrigamus,
2389 3396 2644 3465 gravique
2674 3395 2775 3449 hoc
2805 3393 2991 3448 morbo
3020 3392 3250 3448 animam
3281 3393 3409 3446 libe-

1827 3505 2030 3558 remus,
2059 3504 2251 3558 nempe
2277 3504 2343 3542 ne
2372 3487 2509 3540 mala
2537 3487 2888 3558 imprecemur
2921 3485 3168 3539 inimicis.
3200 3483 3335 3539 Audi
3362 3493 3414 3536 et

1827 3581 2040 3636 beatum
2069 3580 2342 3644 Davidetn,
2371 3579 2496 3648 quid
2529 3579 2623 3643 ait,
2649 3579 2756 3632 Deo
2780 3577 3004 3642 irritato,
3035 3583 3090 3630 ct
3112 3574 3220 3646 jam
3253 3574 3415 3628 misso

1824 3672 2012 3741 angelo
2039 3671 2129 3741 qui
2149 3669 2536 3724 multitudinem
2561 3669 2769 3738 puniret
2792 3686 2805 3722 :
2827 3666 3012 3722 videns
3029 3667 3272 3736 angelum
3294 3669 3416 3719 stri-

1825 3772 1912 3818 cto
1939 3763 2112 3833 gladio
2134 3763 2472 3827 instructum,
2501 3761 3000 3832 ictumquejamjam
3025 3763 3368 3816 intentantem
3400 3778 3412 3814 :

1828 3854 1960 3924 Ego,
1993 3854 2183 3923 inquit,
2211 3854 2298 3923 qui
2328 3864 2499 3922 pastor
2521 3869 2653 3916 sum,
2675 3851 2872 3920 peccavi
2903 3867 2921 3904 :
2950 3851 3022 3915 hi,
3049 3851 3134 3920 qui
3152 3865 3263 3902 oves
3278 3859 3413 3914 sunt,

1826 3944 1948 4011 quid
1978 3943 2245 4012 fecerunt?
2285 3941 2404 3994 Fiat
2431 3959 2608 3994 manus
2638 3952 2724 3994 tua
2765 3957 2916 4010 super
2950 3957 3044 4003 me,
3075 3949 3120 3993 et
3146 3956 3298 4008 super
3325 3939 3413 3992 do-

1829 4051 1964 4086 mum
1986 4033 2143 4103 patris
2165 4033 2262 4087 mei
2292 4031 2365 4100 (ἓ.
2400 4032 2526 4103 Reg.
2559 4032 2648 4086 24.
2678 4032 2789 4100 17).
2825 4029 2982 4084 \‘ides
3010 4030 3202 4084 iterum
3224 4028 3416 4083 similia

1828 4125 2090 4195 praeclare
2135 4123 2270 4178 facta
2290 4127 2313 4176 ‘t
2343 4123 2421 4176 vis
2448 4133 2502 4178 et
2529 4124 2690 4177 alium
2737 4121 2830 4176 tibi
2858 4121 3132 4176 ostendam
3178 4120 3315 4175 idem
3345 4121 3416 4174 fa-

1829 4215 2059 4270 cientem
2083 4215 2106 4268 ?
2135 4214 2348 4270 Samuel
2380 4214 2634 4283 prOphcta
2666 4229 2694 4266 a
2721 4213 2920 4268 Judaeis
2948 4213 3138 4280 injuria
3169 4213 3413 4277 allectus,

1830 4315 2189 4375 contemptus,
2221 4307 2473 4374 rejectus,
2507 4315 2560 4359 et
2590 4314 2730 4359 tanta
2760 4305 3043 4375 ignominia
3074 4314 3284 4358 notatus
3311 4315 3411 4366 est,

1831 4407 1888 4450 ut
1915 4397 2053 4451 Deus
2083 4398 2196 4466 ipse
2226 4398 2273 4452 ei
2321 4395 2521 4466 aliquid
2549 4396 2924 4450 consolationis
2952 4394 3143 4448 afferre
3169 4395 3413 4448 voluerit.

1831 4491 2144 4557 Attendile,
2196 4507 2330 4554 oro,
2385 4490 2684 4558 diligenter.
2740 4489 2882 4543 Dixit
2943 4487 3084 4542 enim
3151 4486 3219 4542 ad
3268 4486 3415 4541 illum

1835 4581 1973 4635 Deus
2017 4597 2029 4632 :
2082 4578 2202 4632 Non
2250 4589 2296 4632 te
2342 4580 2648 4650 abjecerunt,
2689 4578 2778 4632 sed
2823 4594 2901 4631 me
2948 4578 3022 4642 (1.
3069 4576 3198 4647 Reg.
3229 4575 3284 4632 8.
3335 4576 3410 4644 7).

1832 4669 1968 4737 Quid
2023 4670 2183 4739 igitur
2229 4669 2354 4733 ille,
2409 4668 2532 4738 quid
2583 4670 2813 4737 rejectus
2857 4667 3062 4731 fuerat,
3112 4665 3412 4732 dedecore,

1833 4774 2136 4834 eontemptu
2165 4804 2180 4828 ,
2227 4775 2280 4817 et
2327 4764 2516 4832 injuria
2568 4762 2825 4817 allectus?
2873 4760 3008 4815 Audi
3055 4759 3182 4828 quid
3233 4759 3412 4814 dicat:

1833 4855 1972 4908 Absit
1999 4864 2166 4906 autem
2195 4869 2226 4904 a
2246 4869 2324 4905 me
2355 4854 2449 4905 hoc
2481 4862 2738 4922 peccatum
2760 4852 2812 4904 in
2836 4849 3130 4914 Dominum,
3163 4861 3215 4904 ut
3235 4866 3419 4905 cessem

1833 4961 1979 4998 orare
2005 4960 2094 5013 pro
2120 4945 2252 4996 vobis
2281 4948 2358 5012 (1.
2396 4943 2522 5012 Reg.
2545 4942 2632 4996 19..
2663 4942 2753 5011 *25)
2782 4960 2795 4996 :
2828 4953 3104 5011 peccatum
3131 4943 3420 4997 arbitratus

1833 5046 1916 5092 est
1941 5053 2044 5091 non
2076 5052 2229 5092 orare
2259 5053 2353 5105 pro
2381 5035 2625 5089 inimicis.
2674 5034 2823 5089 Absit
2848 5051 2877 5088 a
2906 5051 3018 5098 me,
3052 5036 3238 5105 inquit,
3267 5045 3324 5088 ut
3349 5035 3416 5088 ita

1836 5145 2085 5199 peccem,
2119 5138 2176 5181 ut
2203 5127 2438 5181 desinam
2471 5141 2565 5194 pro
2590 5126 2740 5180 vobis
2763 5141 2940 5180 orare.
2970 5125 3129 5180 Vides
3151 5125 3417 5194 quomodo

1835 5220 2058 5289 quilibet
2081 5235 2144 5274 ex
2169 5219 2327 5287 justis
2354 5219 2510 5286 bnjus
2541 5218 2795 5289 pra-clare
2827 5217 2950 5272 facti
2982 5217 3300 5286 singularem
3328 5232 3416 5269 cu—

1835 5327 1948 5364 ram
1971 5309 2236 5374 habuerit,
2268 5309 2472 5362 Domini
2497 5285 2728 5378 vestigiis
2750 5308 3038 5362 insistens?
3067 5307 3418 5359 lleSutnamus

1836 5404 1993 5472 igitur
2018 5401 2082 5454 de
2111 5402 2315 5470 integro
2340 5416 2457 5470 qu;e
2486 5401 2628 5456 dicta
2656 5413 2796 5455 sunt.
2833 5399 3086 5453 Dominus
3110 5398 3215 5452 ait:
3239 5397 3410 5454 Pater.

1837 5494 2027 5545 dimitte
2049 5493 2150 5545 illis
2172 5493 2266 5544 hoc
2292 5505 2548 5558 peccatum
2566 5507 2584 5544 :
2605 5507 2702 5544 non
2724 5490 2854 5542 enim
2873 5489 3054 5551 sciunt,
3077 5489 3199 5549 quid
3225 5490 3417 5558 faciunt

1837 5582 1988 5651 (Luc.
2014 5582 2102 5636 '23.
2135 5582 2563 5651 54).Stephanus
2589 5582 2752 5636 dixit:
2778 5579 3009 5646 Domine,
3030 5597 3091 5633 ne
3106 5590 3294 5634 statuas
3312 5579 3414 5634 illis

1835 5676 1928 5727 hoc
1963 5685 2215 5742 peccatum
2247 5674 2382 5743 (Act.
2413 5675 2465 5727 7.
2494 5674 2611 5742 59).
2663 5673 2857 5728 Paulus
2880 5673 3089 5729 dicebat
3117 5674 3414 5744 :Optubam

1837 5765 2104 5818 anathema
2151 5780 2252 5824 esse
2296 5780 2326 5814 a
2372 5762 2569 5819 Christo
2613 5779 2704 5832 pro
2740 5763 2976 5835 fratribus
3022 5764 3420 5834 meis,rognatis
3471 5787 3518 5835 ἢ.

2063 5857 2074 5868 ·
2486 5844 2497 5854 ’
2919 5845 2958 5859 ν
2998 5854 3076 5916 ~26
